4292 5904
581 406 584 416 ¹
687 459 1169 595 curantis.
1544 415 1653 575 '‘633‘

213 647 372 734 tamen,
398 649 490 711 cum
513 628 711 714 veteribus
732 630 815 740 sere
835 627 1019 714 omnibus
1041 630 1166 711 statim
1190 623 1239 708 ad
1261 611 1530 742 adstiingenria
1554 661 1649 715 con-

213 737 448 850 fugiendum
472 743 553 840 est3
576 742 644 826 sed
674 743 724 827 ad
750 741 890 826 mollia
917 746 1086 857 primltm
1115 768 1198 849 quae
1222 735 1355 821 laxent
1369 803 1383 862 7
1409 751 1450 824 dt
1476 739 1647 850 diluant,

211 845 431 957 laeticinia,
461 851 626 937 decoda
653 853 814 960 althea,
842 857 987 938 florum
1012 850 1217 956 sambuci,
1245 849 1440 956 meliloti,
1468 857 1660 938 chamoe-⁴
1727 919 1729 924 a

214 961 345 1070 meli,
371 967 580 1078 nympheae
617 967 907 1052 deveniendum
936 968 1022 1070 est,
1058 965 1143 1079 post
1175 991 1344 1074 quorum
1376 967 1570 1058 afflonem
1604 976 1647 1052 δε

90 1120 91 1123 ¹
212 1071 366 1156 laxiora
387 1074 487 1158 sada
503 1077 591 1162 vasa
613 1078 734 1192 poscs
756 1106 935 1186 utemur,
960 1103 1176 1192 oxycrato,
1194 1075 1369 1158 decosiis
1388 1071 1647 1188 plantaginis,

213 1182 503 1296 myrrillorum,
526 1191 724 1299 rosarum,
744 1190 978 1306 polygonati
990 1255 1003 1298 ‚
1017 1187 1245 1297 'caeterisque
1260 1183 1460 1272 smilibus.
1487 1187 1653 1297 Quibus

214 1295 399 1382 omnibus
421 1297 595 1386 feliciter
617 1308 813 1418 peragitur
836 1308 1018 1410 curatio,
1044 1311 1085 1386 ὃ(
1109 1298 1418 1388 corroborantur
1438 1301 1538 1382 vasa.

173 1509 174 1512 p
266 1410 415 1492 Verbm
429 1414 458 1494 st
470 1411 617 1523 aliquas
629 1417 677 1500 ad
691 1417 731 1502 se
744 1443 870 1530 partes
885 1421 926 1500 in
940 1415 1258 1530 promovendum
1273 1409 1421 1494 malum
1437 1411 1647 1526 susceperit

212 1519 315 1605 intus
332 1547 444 1607 enata
463 1530 704 1633 acrimonia,
725 1555 791 1614 aut
811 1530 1070 1644 perspiratorii
1089 1530 1265 1610 humoris
1281 1528 1421 1608 vitium
1430 1586 1445 1630 ,
1468 1530 1549 1607 tbm
1567 1523 1647 1630 jam

210 1633 375 1718 interior
404 1635 618 1722 medicatio
648 1642 857 1724 necessaria
886 1642 1044 1745 evadit,
1079 1669 1162 1749 quae
1197 1669 1269 1752 pro
1304 1641 1489 1724 varietate
1523 1638 1646 1724 causae

210 1749 316 1831 varia
340 1745 419 1852 jam
443 1746 535 1832 alibi
561 1749 583 1832 ὲ
609 1750 723 1834 nobis
747 1752 833 1837 fuse
859 1757 1087 1868 pertradiata
1108 1755 1172 1836 est.

265 1860 324 1941 At
338 1863 437 1944 verb
456 1891 539 1946 non
561 1864 711 1978 semper
731 1865 830 1950 adeb
854 1864 1042 1978 simplicia
1066 1864 1154 1948 sunt
1173 1860 1364 1947 ruborum
1386 1889 1503 1973 atque
1526 1861 1646 1947 faciei
1755 1971 1769 1978 -

210 1967 399 2054 flammea
422 1977 612 2068 vitiorum
638 1976 791 2060 natalia.
830 1979 917 2087 Qui
946 1979 1025 2060 sine
1061 1973 1147 2059 ullo
1182 1975 1261 2057 alio
1294 1973 1439 2058 morbo
1476 1977 1646 2086 antiquis

148 2155 150 2166 ,
208 2077 359 2190 ἕξέρυθροι
397 2084 657 2194 dicebantur,
690 2088 845 2174 latentis
882 2087 951 2172 sub
989 2085 1211 2202 ptaecordiis
1249 2084 1343 2168 mali
1378 2085 1656 2198 suspicionem·

207 2191 449 2294 injiciebant.
482 2199 597 2282 Unde
628 2203 745 2283 etiam
777 2200 882 2314 apud
908 2199 993 2312 Hip
1023 2227 1198 2282 ocratem
1226 2197 1371 2304 lpu'snpa
1402 2198 1644 2310 distinguitur
1684 2204 1688 2213 ’

208 2302 259 2386 ab
282 2308 377 2416 eryst
406 2307 507 2392 elate
519 2373 533 2415 ,
557 2319 598 2392 dt
617 2311 839 2417 ’ἑρυθροπελας
859 2311 962 2422 apud
983 2230 1192 2390 sollucenr
1216 2336 1289 2420 pto
1315 2305 1456 2390 leviori
1479 2309 1573 2420 ersfi
1604 2337 1645 2393 e-

207 2413 287 2498 late
320 2339 530 2526 habitum,
566 2444 699 2502 tamen
730 2419 902 2532 aliquam
936 2419 1220 2503 distinetionem
1257 2417 1494 2531 praeferebat.
1535 2339 1668 2534 Illud

207 2526 369 2636 quidem
384 2529 532 2613 malum
550 2560 632 2614 non
653 2558 733 2615 tam
753 2560 802 2617 ex
821 2530 1095 2646 praeconceptd
1121 2533 1336 2645 opinione,
1361 2527 1478 2642 quiam
1500 2532 1643 2618 induc-

206 2643 320 2723 tione
345 2639 496 2756 sumptd
521 2641 543 2725 ὲ
565 2642 706 2728 colore
725 2644 795 2729 sub
824 2643 970 2728 rubore
993 2647 1177 2728 flammeo
1204 2641 1370 2749 latente,
1395 2647 1462 2752 qui
1487 2645 1641 2759 semper

206 2749 355 2862 aliquas
383 2755 586 2840 flavedinis
620 2782 732 2842 notas
762 2758 915 2870 praesert
929 2818 943 2862 ‚
972 2753 994 2840 *a
1018 2755 1097 2838 bile
1122 2756 1293 2870 pendete
1318 2753 1573 2864 credebatur,
1596 2767 1641 2842 dt

206 2866 258 2948 he
287 2867 357 2948 atis
383 2866 676 2978 dispositionem
736 2870 975 2954 taeservidam
1001 2867 1175 2964 indicare
1201 2866 1430 2973 dicebatur,
1462 2869 1570 2976 quod
1596 2875 1642 2952 dc

205 2895 412 3062 Ballonius
430 2977 551 3092 longd
572 2900 837 3092 disquisstione
864 2982 1028 3094 dignum
1050 2981 1228 3064 credidit.
1254 2977 1370 3076 Unde
1393 2984 1511 3062 etiam
1536 2981 1660 3094 apud'

203 3085 496 3202 Hippocratem
519 3090 754 3209 ἒρυθρὲχλωροι
768 3092 1021 3205 flavo-rubri
1048 3097 1224 3177 annotati
1249 3091 1348 3175 sunt.
1381 3091 1483 3201 Quae
1507 3117 1640 3175 tamen

204 3201 389 3307 flavedo,
417 3229 516 3315 pace
543 3204 736 3310 majorum
762 3209 982 3290 nostrorum
1011 3203 1201 3310 dixerim,
1230 3202 1329 3286 nihil
1356 3203 1463 3286 aliud
1491 3205 1659 3289 indicat'

204 3339 340 3426 prater
358 3313 551 3400 leviorem
571 3315 664 3401 mali
689 3319 855 3433 gradum
877 3327 918 3402 dr
943 3313 1187 3401 infarblarum
1207 3321 1373 3430 partium
1394 3323 1638 3404 tenuitatem.
1656 3339 1660 3346 ’

266 3425 345 3508 Sua
367 3426 454 3510 sunt
474 3427 626 3514 scilicet
648 3436 792 3543 cuique
815 3435 914 3515 atati
939 3429 1145 3514 latentium
1165 3433 1207 3509 in
1225 3426 1437 3511 visceribus
1459 3429 1638 3511 affedio-

204 3565 301 3618 num
320 3542 425 3644 quasi
445 3541 629 3656 inscripta
651 3547 691 3628 in
710 3546 812 3629 facie
833 3546 951 3656 srgna·
975 3543 1168 3645 Juvenes,
1186 3564 1230 3622 ut
1251 3546 1293 3622 dt
1314 3537 1475 3651 puellae,
1492 3536 1638 3652 puber-

204 3651 294 3731 tatis
321 3649 483 3732 stadium
507 3657 679 3758 emend,
703 3658 730 3736 st
753 3654 851 3738 caste
871 3655 1068 3759 vixerint,
1095 3648 1355 3766 praetoresque
1379 3652 1407 3732 st
1428 3651 1637 3762 praesertim

204 3760 347 3845 ardore
373 3764 508 3850 innato
541 3766 696 3876 ignotas
725 3765 963 3879 susceperint
993 3767 1192 3871 flammas,
1220 3766 1382 3873 vimque
1413 3765 1501 3846 vitae
1534 3767 1638 3846 nacti

205 3873 351 3976 suerint
376 3875 600 3980 aduosam,
628 3873 752 3998 vulgb
775 3881 906 3982 varis,
934 3876 1183 3991 phymatibus
1196 3938 1211 3982 ,
1245 3877 1328 3958 imb
1359 3883 1401 3958 dr
1425 3873 1638 3984 aliquandi>

205 3988 453 4070 therminthis
469 3991 510 4069 in
528 3987 629 4072 facie
644 3985 824 4074 laborant
839 4020 852 4090 3
872 3991 983 4072 itaut
1003 3986 1182 4094 iuvenilis
1205 3986 1364 4071 illorum
1379 3987 1527 4092 facies,
1552 4002 1637 4076 noir
1656 4013 1659 4020 ·

204 4099 350 4182 rubore
370 4101 633 4182 inflammetur
655 4098 811 4209 solnm,
837 4100 905 4186 sed
933 4105 1050 4185 etiam
1078 4097 1385 4184 multiformibus
1409 4097 1655 4214 deturpetur·

205 4207 433 4294 tuberculis.
460 4212 572 4295 Raro
594 4217 781 4325 pruritum
806 4240 981 4298 tumores
1008 4212 1066 4295 illi
1088 4215 1315 4315 concitant,
1339 4210 1407 4292 sed
1429 4217 1635 4322 pundluras
1653 4252 1658 4270 ··
1754 4235 1760 4242 ·

207 4329 249 4404 &
272 4324 464 4407 tensiones
485 4328 526 4406 in
551 4352 665 4431 cute,
685 4329 767 4408 imb
789 4335 830 4410 dr
853 4325 1013 4408 dolores
1037 4322 1290 4407 lancinantes.
1311 4323 1403 4405 Uno
1419 4325 1634 4432 destrueto,

205 4431 304 4517 alter
328 4439 462 4518 tumo'r
486 4437 689 4546 succedit,
719 4448 760 4521 dr
785 4439 881 4551 sape
907 4465 976 4549 per
1004 4435 1133 4552 plures
1162 4465 1284 4520 annos
1315 4434 1455 4519 similes
1481 4435 1636 4548 pustulae

204 4574 325 4660 caput
346 4545 555 4660 deturpans
579 4558 621 4631 dr
648 4575 860 4665 occupant.
890 4550 1006 4634 Vere.
1021 4549 1228 4664 prasertim
1257 4555 1298 4631 ὅ(
1317 4549 1437 4630 atsiate
1461 4549 1658 4632 efflores·

204 4684 329 4763 cunt,
352 4662 495 4768 hyeme
514 4663 788 4749 conticescunt
807 4664 832 4745 s
881 4665 961 4768 ius,
985 4690 1052 4745 aut
1072 4665 1304 4746 minuuntur
1328 4658 1474 4745 saltem.
1499 4662 1543 4743 Si
1564 4689 1634 4774 per

205 4772 295 4853 vitae
313 4771 473 4856 stadium
488 4770 588 4857 illud
608 4779 648 4859 in
671 4807 751 4888 quo
772 4778 854 4859 snni
871 4773 1088 4892 espustulae
1111 4779 1282 4858 emicant
1291 4770 1474 4878 ,morbis
1498 4774 1635 4880 aliqui-

203 4879 278 4968 bus
303 4910 500 4970 tentantur
524 4881 715 4997 juvenes,
745 4891 796 4973 de
821 4887 900 4976 illis
927 4887 1035 4976 nulla
1061 4883 1174 4976 illici>
1201 4891 1244 4974 in
1270 4889 1473 4993 frontem,
1498 4884 1634 4970 nasum

1305 4995 1427 5086 Llll
