4250 5898
692 395 1196 496 'ciiTANEie

293 805 805 1002 suerio
907 869 1580 1010 securiori.

206 1079 210 1086 ’
325 1177 413 1288 iu
429 1179 620 1287 Misia
631 1180 850 1324 partiris
873 1181 1147 1328 quirinum
1166 1181 1287 1290 cita
1296 1181 1524 1325 propriis.
1632 1107 1639 1124 ’

215 1383 388 1598 QUI
410 1483 452 1569 in
473 1479 602 1601 aliqui
622 1491 774 1574 tantbm
795 1485 897 1574 cutis
920 1515 1031 1604 parte
1052 1491 1229 1575 eminent
1249 1485 1405 1595 morbi,
1428 1488 1496 1573 seu
1519 1486 1652 1603 petilia

212 1597 375 1686 affectus
399 1601 540 1687 viriatae
561 1603 693 1711 cutis,
715 1602 738 1686 il
760 1605 881 1687 causis
906 1599 1185 1688 universalibus
1209 1599 1443 1688 morborum
1463 1627 1654 1686 cutaneou

212 1735 303 1793 rum
327 1711 502 1827 pendent
520 1745 533 1816 3
557 1716 631 1800 hos
652 1718 693 1800 in
716 1719 819 1802 hanc
831 1778 848 1824 ,
872 1714 941 1800 ¹vel
962 1713 1073 1800 illam
1094 1741 1271 1830 partein,
1295 1739 1363 1797 aut
1383 1710 1511 1824 aliqua
1536 1714 1652 1828 ipsilis

214 1830 356 1937 organi
381 1823 560 1912 debilitas
581 1827 840 1936 determinat,
863 1855 931 1914 aut
951 1832 1005 1913 ita
1021 1829 1193 1913 advocat
1210 1827 1290 1944 ipsa
1310 1828 1449 1911 intima
1469 1829 1652 1922 strusiuta

214 1963 261 2019 ut
289 1937 384 2021 alias
412 1940 454 2022 in
479 1968 607 2082 partes
636 1941 905 2052 decumbere,
935 1939 1011 2025 haic
1042 1939 1126 2024 soli
1159 1937 1357 2055 excepti,
1388 1941 1652 2053 nonpossint.

214 2047 323 2133 Clim
354 2079 451 2164 ergo
486 2049 739 2170 ari-ncipiis
776 2053 889 2142 anteli
922 2057 1056 2169 positis
1083 2053 1307 2169 pendeant,
1338 2052 1572 2163 easdemque
1601 2051 1652 2162 ad

173 2213 176 2231 i
213 2167 461 2247 curationem
478 2085 738 2253 indicationes
757 2169 948 2274 offerant,
972 2166 1029 2250 nil
1044 2169 1208 2268 mirum,
1230 2168 1315 2260 siin
1335 2169 1391 2248 eis
1407 2164 1652 2279 exponendis

212 2272 417 2362 breviores
446 2279 592 2385 simus,
628 2309 680 2363 ne
706 2281 909 2363 videamus
942 2283 1071 2360 atium
1103 2303 1232 2388 agere.
1272 2275 1359 2388 Ipsa
1388 2281 1485 2360 verb
1521 2279 1653 2390 operis

214 2387 354 2470 divisio
381 2387 403 2470 a
430 2389 603 2500 parribus
628 2390 678 2473 ad
702 2419 797 2499 quas
818 2385 983 2474 morbus
1007 2391 1177 2504 pertinet
1202 2387 1412 2502 repetenda
1436 2391 1534 2494 erit,
1558 2394 1653 2473 clim

201 2503 456 2609 -caeteroquin
477 2501 623 2586 eadem
646 2501 853 2587 divisiones
877 2528 995 2613 atque
1016 2502 1300 2607 distinctiones,
1318 2499 1404 2584 satis
1421 2497 1515 2584 alibi-
1529 2529 1652 2617 expo-

214 2613 315 2718 sitae,
339 2615 404 2697 hic
427 2613 497 2698 sint
518 2615 777 2700 admittendae.
799 2617 891 2699 Imb
913 2613 1029 2698 multi
1047 2613 1136 2698 sunt
1150 2611 1282 2697 morbi
1307 2613 1356 2698 ad
1379 2639 1513 2696 cutem
1533 2644 1653 2728 orga-

213 2753 360 2810 norum
386 2727 736 2814 determinatorum
759 2733 1028 2844 pertinentes,
1056 2755 1157 2840 quos
1182 2722 1424 2840 singulariter
1442 2731 1604 2811 tractare
1627 2725 1652 2813 a

212 2842 347 2923 nostro
369 2842 545 2926 instituto
566 2840 736 2928 alienum
753 2845 830 2948 est,
853 2847 944 2926 clim
964 2837 1012 2922 ab
1035 2838 1258 2926 auctoribus
1280 2839 1331 2922 ad
1349 2836 1448 2922 alios
1467 2843 1652 2928 tracians

213 2947 300 3058 jure
325 2952 552 3039 referantur.
579 2953 696 3039 Talia
718 2955 807 3039 sunt
832 2955 1094 3069 symptomata
1112 2983 1197 3063 quae
1221 2951 1243 3035 a
1267 2951 1383 3036 carissi
1408 2950 1587 3063 singulari
1607 2956 1651 3038 in

214 3061 446 3179 palpebras,
467 3095 633 3180 penem,
655 3077 794 3174 arium,
818 3065 1025 3152 muliebria
1050 3069 1241 3151 oriuntur.
1274 3065 1399 3148 Sectis
1422 3066 1529 3148 enim
1550 3090 1651 3152 trac-

211 3202 318 3262 tatus
329 3177 379 3262 de
394 3177 544 3265 morbis
560 3183 738 3266 curantis
749 3184 791 3262 in
801 3179 1036 3266 immensum
1044 3177 1235 3264 volumen
1249 3177 1506 3262 excresceret.
1518 3177 1650 3262 Sesit-

213 3287 348 3374 bimur
367 3319 465 3405 ergo
488 3292 723 3378 morborum
752 3293 989 3378 differentias
1008 3295 1050 3375 in
1073 3318 1164 3376 cute
1183 3287 1364 3406 capillati
1388 3297 1429 3373 ar
1454 3290 1584 3395 facie,
1606 3294 1651 3376 in

206 3401 412 3536 compre,
437 3413 478 3489 &
500 3404 671 3492 artubus.
698 3406 800 3518 Quae
823 3410 906 3492 cuti
925 3433 970 3491 ut
989 3405 1264 3518 discrepantias
1287 3401 1434 3510 aliquas
1460 3404 1652 3484 struslurae

211 3519 470 3632 imprimunt,
498 3522 553 3602 ita
581 3520 820 3607 &diversos
850 3519 898 3602 ab
925 3518 1000 3602 haic
1026 3513 1246 3600 differentiis
1275 3515 1434 3598 affeetus
1458 3515 1500 3594 in
1526 3513 1650 3628 ipsam

79 3657 86 3668 ·
209 3627 446 3746 impellunt,
461 3628 602 3740 quibus
613 3628 856 3747 excipiendis
870 3629 945 3714 alia
960 3631 1104 3741 quaevis
1121 3629 1222 3713 cutis
1234 3654 1323 3742 pars
1336 3628 1464 3711 miniis
1479 3651 1568 3741 apta
1582 3628 1649 3713 est.

447 3987 1462 4162 onaurraiuums

238 4306 252 4332 .
382 4261 467 4369 De
496 4263 787 4370 Pilatum&
817 4261 937 4366 curis
966 4260 1200 4402 capillacia
1230 4253 1479 4399 affer‘iibus.

212 4439 309 4618 IN
339 4524 615 4640 pertrasiandis
651 4521 825 4638 pilorum
856 4511 899 4616 di
933 4521 1046 4606 cutis·
1063 4515 1252 4633 capillata
1281 4510 1455 4618 morbis,
1484 4479 1650 4624 primam

211 4637 380 4770 quidem
413 4637 607 4753 postulant
632 4640 892 4722 attentionem
926 4643 968 4718 δι
996 4633 1076 4746 ipsa
1109 4633 1209 4716 cutis
1222 4626 1409 4832 pilorum
1436 4627 1573 4712 feracis
1600 4622 1648 4708 ab
1793 4639 1797 4650 “

212 4747 305 4836 aliis
330 4755 430 4834 cutis
487 4748 635 4844 artibus
655 4751 882 4857 diversitas,
912 4757 954 4836 di
978 4745 1152 4860 pilorum
1181 4749 1221 4859 ip
1241 4771 1356 4830 orum
1382 4744 1519 4856 ingens
1544 4735 1652 4832 certe

214 4865 322 4952 inter
341 4863 381 4951 se
401 4863 440 4950 di
459 4866 668 4980 crepantis.
1367 4958 1369 4964 s
1539 4941 1543 4950 ,
1598 4930 1625 4974 Ι,

1347 4961 1469 5052 sts
