4250 5898
493 480 578 583 5n
859 459 1045 549 ‘ou
1114 459 1479 554 Monurs

497 663 591 720 cum
613 627 737 714 murii
760 629 910 717 detersa
932 633 974 712 δι
996 623 1099 712 bend
1121 624 1230 734 lota,
1253 625 1361 714 nulla
1384 627 1441 710 sui
1462 629 1549 742 poll
1568 655 1787 742 paucorum
1811 623 1932 710 intet-

494 745 647 832 vallum
670 744 821 828 dierum
848 739 1035 850 relinquit
1057 742 1227 854 vestigia.
1307 793 1311 798 ·
1523 785 1534 790 ·

553 861 711 941 Antea
741 859 795 938 ita
826 853 866 938 se
895 852 1041 938 habear
1067 883 1162 936 cum
1187 881 1332 968 genere
1363 852 1437 938 illo
1466 853 1544 938 ves
1622 854 1789 937 “onum
1820 881 1929 963 qua,

497 972 692 1057 referente
702 965 908 1074 Flacourt,
924 966 1027 1082 apud
1036 965 1321 1080 Madagascarii
1333 966 1536 1052 insulamc
1630 967 1930 1052 sesehominum

498 1083 782 1170 dormientium
811 1079 912 1166 intra
944 1077 1130 1164 cubicula
1161 1082 1382 1182 insonant,
1405 1078 1600 1192 nulloque
1624 1110 1706 1192 quo
1729 1075 1929 1222 experges-

499 1223 565 1284 cat
590 1193 733 1280 dolore
761 1195 894 1300 satio,
923 1194 1029 1308 ipsos
1054 1194 1242 1308 sanguine
1271 1196 1538 1300 exhauriunt,
1568 1197 1649 1278 hirc
1679 1193 1802 1304 usque
1830 1193 1928 1276 seire

497 1339 581 1398 non
600 1309 747 1393 datum.
774 1307 941 1392 Timido
960 1305 1120 1391 animali
1134 1303 1258 1420 vulgi)
1282 1307 1332 1391 ad
1353 1304 1454 1390 illud
1474 1307 1691 1422 fugandum
1708 1335 1835 1390 terrm
1854 1305 1928 1388 sus-

499 1428 586 1510 ficit
599 1427 611 1522 '3
626 1421 785 1506 aliunde
801 1421 987 1535 sanguine
1006 1419 1131 1505 satura
1140 1425 1224 1504 bac
1244 1419 1429 1504 animalia
1440 1419 1565 1534 vulgo
1582 1449 1768 1530 tanquam
1786 1419 1929 1535 nupida

499 1535 748 1642 concidunt,
772 1561 982 1646 antequam
1006 1535 1153 1617 funesta
1176 1531 1285 1618 labes
1308 1535 1454 1617 inflisla
1472 1535 1529 1618 sin
1553 1536 1610 1618 At
1626 1535 1678 1620 de
1694 1531 1777 1638 ejus
1799 1531 1929 1618 morsu

497 1651 720 1753 levissimo,
742 1649 933 1758 siquidem
952 1676 1004 1732 ne
1025 1644 1211 1732 dolorem
1228 1646 1390 1759 quidem
1410 1651 1611 1755 concitat,
1629 1645 1839 1732 nihilcerri
1851 1649 1929 1732 hirc

499 1766 623 1874 usque
644 1763 742 1844 mibi
766 1763 951 1844 constitit.

556 1879 656 1960 Non
678 1878 779 1979 iras,
804 1902 870 1959 aut
892 1876 1068 1958 furorem
1090 1877 1292 1990 concipit,
1314 1873 1379 1958 sed
1401 1899 1469 1957 aut
1490 1871 1658 1989 pabula,
1681 1901 1752 1957 aut
1768 1869 1927 1957 deliciae

500 1992 638 2100 quaerit
669 1989 894 2101 importuna
920 1986 990 2072 illa
1016 1986 1159 2095 turba,
1186 2017 1305 2098 quam
1331 1989 1432 2072 astas
1450 1991 1492 2071 in
1517 1986 1621 2070 locis
1642 1983 1926 2071 humidioribus

343 2119 351 2132 ‘
498 2111 542 2186 ἀ
565 2097 784 2185 calentibus
798 2103 962 2214 parturit
974 2099 1150 2184 culicum
1163 2163 1177 2206 ,
1207 2100 1518 2207 moschirarum,
1542 2103 1817 2204 modicarum,
1844 2104 1929 2182 tlnn

498 2215 620 2298 etiam
643 2211 720 2295 alia
736 2209 1096 2299 circumvolitantia
1110 2215 1253 2298 insesla
1267 2215 1501 2328 ephemera,
1523 2243 1608 2323 quae
1625 2217 1798 2296 incautos
1818 2209 1925 2296 circi

500 2329 602 2441 ripas
632 2328 743 2437 aquis
772 2351 839 2409 aut
870 2325 1160 2440 stagnantibus,
1192 2352 1259 2412 aut
1285 2323 1499 2435 tranquillo
1529 2327 1643 2410 cursu
1672 2323 1926 2412 defluentibus

499 2442 689 2553 irriguas,
710 2463 790 2522 tarn
810 2438 906 2524 save
927 2467 1107 2554 pungunt
1127 2438 1293 2547 aculeo,
1317 2439 1538 2552 suguntque
1559 2438 1807 2555 proboscide.
1833 2441 1928 2553 Spe·

503 2555 586 2636 cies
630 2553 975 2665 comprehendunt
1014 2583 1109 2662 quas
1146 2553 1330 2636 [iuncus
1367 2579 1491 2636 vocat
1532 2555 1706 2658 culices,
1739 2583 1925 2668 empyes,

499 2697 683 2863 pppopes,
699 2663 932 2780 hypobosco,
954 2663 1100 2780 offlos,
1125 2663 1357 2750 animalibus
1377 2669 1497 2750 etiam
1515 2673 1559 2750 δι
1578 2663 1804 2750 hominibus
1823 2663 1926 2778 atqui

500 2783 510 2798 ’
557 2783 664 2863 estas.

557 2893 658 3002 Quo
689 2894 807 3007 regio
842 2889 972 3003 aliqua
1002 2890 1088 2977 luto
1119 2919 1237 3004 atque
1271 2919 1393 2976 coeno
1427 2889 1580 3002 squalet
1607 2895 1765 3006 magis,
1796 2891 1926 2980 calore
2099 2867 2100 2882 Ν

499 3005 653 3121 perfusa
674 3007 866 3111 humido,
893 3009 944 3090 eb
966 3009 1085 3089 etiam
1108 3014 1151 3090 bt
1171 3002 1347 3120 pluribus
1372 3011 1414 3086 &
1435 3003 1716 3090 valentioribus
1735 3005 1925 3090 infestatur

500 3115 727 3223 culicibus,
769 3147 939 3227 quorum
973 3119 1123 3232 species
1153 3121 1218 3203 hic
1253 3145 1458 3202 numerare
1491 3145 1602 3202 extra
1624 3121 1755 3232 operis
1784 3147 1923 3204 metam

498 3231 616 3314 soret
643 3230 753 3313 Hinc
771 3233 985 3336 America,
1009 3231 1217 3345 prasertim
1235 3234 1332 3316 verb
1358 3229 1490 3314 insula
1513 3240 1556 3315 ὃ(
1578 3261 1816 3346 magnorum
1837 3231 1923 3316 illo·

501 3373 589 3428 rum
626 3342 833 3426 fluminum
869 3340 1011 3452 quibus
1050 3369 1137 3428 tota
1170 3341 1361 3459 perluitur
1402 3340 1568 3450 littora,
1605 3373 1745 3428 eorum
1783 3374 1922 3459 genere

498 3453 710 3570 multiplici
731 3459 785 3540 ita
807 3453 931 3540 scatet
951 3455 1148 3565 undique,
1172 3482 1217 3540 ut
1236 3457 1338 3542 inter
1360 3453 1442 3559 ejus
1466 3461 1682 3542 munimina
1701 3454 1786 3562 jure
1808 3463 1923 3544 meri-

497 3573 622 3679 tbque
658 3565 726 3652 illa
756 3567 899 3652 insecta
933 3567 1303 3674 uehementer
1338 3599 1439 3681 quos
1472 3569 1621 3654 culices
1656 3573 1835 3655 eminent
1868 3571 1923 3656 illi

499 3712 600 3793 quos
609 3679 851 3796 Portugalli,
867 3681 933 3766 seu
945 3682 1121 3766 Lufitani
1133 3681 1330 3794 moschiros
1342 3682 1442 3766 olim
1458 3683 1733 3787 nominavere,
1749 3683 1922 3768 Britanni

448 3883 452 3894 ,
497 3797 596 3879 verb
621 3821 739 3906 atque
767 3793 875 3878 Galli
897 3794 1096 3910 mestiques
1126 3794 1353 3912 appellant,
1377 3795 1428 3880 de
1444 3825 1613 3906 quorum
1632 3794 1836 3993 sffciebus
1857 3802 1922 3907 qui

525 3905 607 3992 lura
620 3920 856 4017 certsstque
870 3904 1073 3994 observata
1084 3907 1219 3994 videre
1237 3907 1430 4016 voluerit,
1444 3909 1559 3994 adeat
1570 3909 1634 3994 lll.
1692 3939 1760 3994 ans
1775 3908 1921 3994 Sloane

496 3937 712 4106 ilistoriam
735 4019 930 4111 Jamaicae.
1492 4067 1498 4078 ¹

553 4125 630 4218 His
645 4132 830 4220 omnibus
848 4162 1064 4219 commune
1078 4137 1189 4220 estut
1206 4135 1329 4219 cutim
1345 4131 1429 4219 telo
1445 4133 1663 4216 acutissimo
1678 4132 1919 4250 perfodiant,

497 4239 739 4434 litpuorisque
766 4251 865 4334 acris
895 4255 935 4332 ὅ(
961 4247 1053 4333 verb
1081 4251 1187 4362 ignei
1213 4245 1409 4362 guttulam
1436 4246 1641 4330 infundant
1665 4277 1678 4344 ;
1711 4247 1814 4330 unde
1841 4275 1921 4332 non

496 4353 541 4438 so
561 4367 624 4438 um
643 4359 763 4444 dolor
779 4390 852 4476 pro
873 4362 1119 4476 perfoffionis
1142 4387 1350 4446 momento
1374 4360 1626 4444 vividiffimus
1647 4365 1691 4441 ὃ(
1709 4359 1922 4444 intoleran-

498 4463 571 4548 dus
591 4476 790 4577 exoritur,
816 4505 897 4558 non
920 4474 1125 4590 ervsrpelas
1146 4472 1235 4560 leve
1246 4536 1271 4582 „
1290 4473 1357 4557 sed
1380 4470 1488 4557 circi
1509 4471 1681 4558 vulneris
1710 4500 1798 4555 oras
1820 4475 1920 4556 cutia

496 4603 624 4664 tumet
650 4587 894 4671 intensissime
907 4650 921 4694 ,
949 4585 1120 4702 jungitur
1148 4588 1281 4672 dolori
1306 4589 1514 4702 punsiorio
1539 4589 1706 4700 pruritus
1735 4584 1921 4670 intolera-

496 4687 613 4797 bilis,
642 4702 682 4778 ὅ(
703 4699 729 4776 li
751 4701 904 4786 incautb
925 4705 985 4784 his
1009 4729 1049 4785 te
1068 4702 1318 4817 exposueris,
1343 4706 1384 4782 ὅ(
1403 4696 1558 4814 plures,
1584 4723 1651 4782 aut
1668 4727 1805 4781 manus
1816 4761 1831 4805 ,
1856 4725 1921 4782 aut

495 4805 614 4914 pedes
632 4811 885 5002 percutierint
895 4875 909 4918 ,
929 4840 1032 4898 artus
1055 4819 1184 4900 omnis
1204 4809 1465 4924 undequique
1485 4813 1664 4918 inflatur,
1689 4835 1817 4894 tumet
1836 4839 1922 4894 rex·-

495 4939 556 5000 tus
583 4947 630 5003 ce
649 4913 779 5004 lularis
793 4981 808 5026 ,
837 4923 996 5019 dolores
1026 4927 1199 5038 undique
1227 4925 1606 5014 circumfunduntur.
1639 4921 1758 5010 Adest
1789 4923 1924 5010 saevior
