4246 5900
551 375 1266 482 turnonusrro.
1574 412 1640 506 a,

197 551 257 672 pil
279 579 428 670 corpu-s
452 578 648 660 exerceant
672 549 724 640 Et
746 549 845 638 nihil
866 555 989 666 magis
1008 577 1142 640 cutem
1160 550 1364 660 juniorum·
1380 551 1493 642 vitiat
1509 554 1630 668 quim
1801 591 1804 598 ·

198 669 384 754 deficiens
408 662 484 750 hic
499 668 541 750 in
555 695 598 752 re
613 665 828 782 prudentia.
853 665 1026 754 sienim
1052 669 1195 754 nimius
1219 667 1340 752 fuerit
1356 695 1514 776 motus,
1537 674 1629 756 tho-

197 809 286 866 race
304 779 516 894 prasertim
535 783 695 894 angusto
706 843 720 885 ‚
748 787 790 864 bt
809 778 990 870 nondum
1018 779 1069 865 ad
1092 779 1150 867 sui
1178 778 1369 894 fastigium
1389 785 1629 880 ‚incrementi

198 895 365 1001 evecto,
397 898 493 978 clun
515 891 667 980 reditus'
691 893 868 1006 sanguini
891 919 962 1008 per
985 889 1150 978 anhelos
1179 889 1387 1007 pulmones
1413 925 1496 980 non
1524 898 1629 984 adeb·

196 1004 315 1092 facile
336 1032 468 1123 pateat
480 1063 495 1113 ,
524 1011 626 1092 cutis
648 1007 766 1094 faciei
788 1007 885 1092 vasrs
903 1006 1052 1092 donna
1074 1007 1329 1114 tenuifftmis,
1357 1006 1437 1094 illis
1457 1008 1634 1098 dilatatis

195 1146 328 1235 turget
339 1183 353 1225 ,
370 1124 517 1206 &sitm
528 1119 648 1206 fa'cilb
657 1131 888 1236 rumpantur
899 1116 967 1204 illa
974 1182 988 1224 ,
1005 1123 1047 1202 in
1067 1117 1234 1234 pullulas
1251 1118 1417 1228 abeunt,
1440 1151 1507 1210 aut
1529 1123 1629 1212 dila·

196 1259 277 1318 tata
292 1234 509 1318 varicosam
523 1235 709 1320 affeblant
719 1231 980 1322 latitudinem.
997 1231 1113 1318 Unde
1132 1236 1201 1343 qui
1222 1236 1348 1320 nimio
1364 1241 1512 1344 motui,
1531 1267 1627 1352 prc-

194 1348 332 1432 sertim
359 1373 446 1448 ante
466 1371 618 1432 cratem
637 1375 832 1434 mannam
856 1343 1093 1460 indulgent,
1114 1343 1228 1430 uultu
1257 1348 1440 1432 varicoso
1467 1360 1509 1436 bt
1533 1352 1627 1465 pus-

192 1455 329 1546 tulosb
348 1459 452 1544 facie
468 1461 660 1548 incedunt
679 1457 901 1568 notabiles,
927 1460 956 1542 li
976 1457 1183 1574 praesertim
1211 1457 1309 1548 latet
1327 1466 1435 1548 intits
1455 1493 1545 1550 aere
1565 1466 1627 1554 su-

194 1575 400 1687 perfluum.
420 1573 610 1659 Praerereb
631 1575 661 1658 st
680 1573 846 1660 oderitis
867 1571 890 1658 *a
915 1569 1011 1658 cibo
1036 1581 1078 1660 bt
1100 1599 1201 1688 potu
1226 1573 1401 1660 motibus
1421 1575 1503 1662 sese
1517 1605 1627 1664 exer-

196 1689 354 1773 cuerint
372 1685 702 1794 vehementibus,
717 1687 861 1773 sudore
874 1683 993 1770 facile
1010 1685 1194 1774 diffluunt
1216 1691 1297 1772 acri
1312 1695 1353 1772 br
1370 1689 1510 1776 crudo:
1524 1691 1631 1776 Trd·

198 1799 340 1886 duntur
361 1799 512 1884 intersit
536 1800 721 1885 crudiora
744 1805 786 1886 in
806 1803 1034 1886 tenuiorum
1057 1799 1240 1886 vasorum
1259 1802 1442 1909 ordines,
1465 1811 1507 1888 bt
1523 1835 1628 1892 non·

196 1911 290 1996 dnm
307 1915 519 2028 compella
538 1923 582 2000 bt
602 1918 723 2000 cottae
745 1913 1025 1998 alimentorum
1045 1941 1172 2030 partes
1196 1941 1307 2000 extra
1326 1941 1507 2000 centrum
1533 1919 1628 2002 offi-

199 2029 294 2110 cinae
311 2023 562 2109 alimentariae
578 2056 648 2143 per
665 2032 748 2113 vim
775 2031 926 2111 aublam
948 2024 1104 2133 delatae,
1130 2033 1223 2114 clim
1247 2027 1378 2114 alieno
1399 2026 1499 2116 loco
1524 2061 1628 2118 con·

197 2137 319 2248 'coqui
338 2169 421 2221 non
436 2139 615 2252 poliunt,
630 2138 826 2252 reliquum
844 2143 898 2224 est
916 2165 960 2224 ut
976 2155 1288 2256 corrumpantur.
1308 2141 1481 2228 Seorsrm
1495 2170 1629 2236 autent
1735 2241 1738 2244 ,

199 2279 315 2362 atque
342 2250 546 2357 fejunilim
568 2279 873 2369 corrumpuntur
896 2279 1015 2366 atque
1036 2279 1235 2340 mutantur
1261 2263 1303 2339 bt
1325 2253 1491 2368 pustulas
1510 2258 1630 2342 effot-

199 2390 306 2448 mant
321 2365 375 2448 ad
394 2371 528 2474 cutem
537 2427 551 2474 ,
564 2365 670 2453 circi
684 2395 803 2478 quam
816 2370 955 2480 ingens
974 2369 1027 2452 est
1046 2367 1307 2481 perspiratorii
1320 2371 1498 2454 humoris
1516 2372 1629 2455 efflu-

202 2506 274 2559 xus
290 2484 331 2558 bt
343 2477 538 2590 impetus,
559 2480 738 2590 adeoque
762 2484 930 2564 matcriae
951 2482 1116 2564 nutritis
1129 2483 1291 2564 intrusio
1311 2485 1494 2568 maxima.
1515 2482 1629 2570 Hinc

204 2587 421 2676 obseruatio
440 2591 563 2675 docet
583 2589 800 2697 junioribus
820 2597 888 2701 qui
910 2594 1041 2675 nimiis
1066 2595 1298 2708 praepollero
1318 2621 1399 2678 tem
1429 2623 1499 2679 ore
1518 2623 1629 2680 exeo·

201 2729 338 2792 cenntr
353 2700 577 2809 laboribus,
590 2729 725 2790 cutem
742 2703 861 2787 facile
881 2704 1076 2834 deturpari
1085 2766 1099 2816 ‚
1122 2705 1231 2813 quod
1244 2708 1301 2788 e'b
1320 2626 1473 2790 facillis
1486 2709 1628 2811 fict,sr

200 2814 356 2902 diverse
366 2815 449 2899 aliae
462 2818 584 2900 causae
599 2842 860 2922 concurrant,
886 2813 1086 2928 brcgrone
1098 2877 1114 2923 ,
1127 2819 1374 2929 tempestate,
1390 2825 1469 2902 bec.
1486 2821 1628 2932 petitae.

269 2930 416 3013 Inertia
438 2926 580 3013 contri
601 2935 643 3013 bt
679 2931 854 3016 defetius
874 2931 1008 3014 motbs
1027 2988 1042 3034 ,
1085 2933 1195 3036 cbm„
1214 2933 1416 3043 precipuis
1448 2936 1630 3046 corporis

198 3039 464 3127 limffionibus
490 3041 658 3150 noceat,
678 3048 762 3129 cuti
783 3069 916 3144 tamen
940 3039 1092 3126 summe
1120 3044 1299 3174 proficua
1324 3045 1388 3128 eli.
1415 3044 1535 3128 Nam'
1552 3075 1631 3132 nec

197 3156 392 3266 adusque
420 3173 554 3240 cutem
573 3160 699 3272 pertin
755 3181 800 3240 nt
819 3159 923 3240 acria
935 3213 952 3262 ,
981 3163 1058 3239 nec
1081 3153 1138 3238 ibt
1165 3154 1363 3268 deposita,
1386 3187 1480 3240 cum
1504 3158 1629 3244 multi

200 3265 397 3354 diluantur
416 3266 600 3386 lymphb,
622 3297 676 3384 po
709 3295 780 3354 unt
799 3272 990 3376 restitere,
1012 3265 1163 3352 flexiles
1189 3272 1296 3353 enim
1311 3267 1416 3352 librae
1440 3277 1482 3354 dt
1501 3299 1630 3380 aquo-

199 3383 274 3464 lior
297 3381 495 3494 sanguinis
518 3411 731 3497 compages
742 3442 758 3489 ,
784 3383 885 3465 intra
910 3380 1127 3466 tenuillima
1148 3381 1237 3464 uasa
1254 3385 1297 3465 vi
1318 3381 1497 3466 truditur.
1518 3381 1632 3467 Hinc

198 3494 351 3578 summe
371 3498 470 3578 nitet
493 3495 721 3580 mulieribus
738 3497 869 3602 cutis,
886 3502 928 3578 bt
949 3495 978 3578 li
997 3493 1161 3604 quandb
1179 3496 1273 3576 vitia
1295 3497 1559 3599 contraxerit,
1581 3491 1630 3578 ab

200 3605 327 3692 client
351 3634 399 3690 ut
425 3606 637 3719 plurimdm
668 3607 784 3693 causi
813 3608 960 3722 pendet
989 3634 1037 3691 ea
1065 3605 1314 3722 deturpatis,
1331 3607 1632 3719 otiosorumque

202 3749 250 3804 ac
282 3723 416 3829 quiete
446 3720 560 3804 molli
592 3721 854 3805 diffluentium
885 3720 1005 3804 facies
1027 3745 1073 3801 ut
1094 3717 1306 3834 plurimitm
1337 3719 1499 3804 nitidior
1519 3723 1571 3804 est
1589 3729 1632 3804 bt

202 3831 383 3918 albidior.
400 3833 445 3916 Si
460 3862 559 3947 ergo
577 3832 788 3952 aliquandi)
797 3895 812 3940 ,
833 3836 936 3917 intits
951 3830 1063 3916 enati
1079 3829 1302 3946 corruptele
1316 3831 1543 3946 spontanei,
1560 3864 1633 3918 cu·

201 3949 250 4034 tis
289 3947 525 4030 seminarum
557 3951 743 4055 vitietur,
783 3977 983 4057 nunquam
1011 3945 1053 4029 id
1081 3943 1103 4030 b
1129 3945 1283 4030 delebiu
1309 3944 1441 4028 monis
1467 3949 1541 4028 erit
1576 3976 1634 4033 reb

268 4059 430 4144 endum.
1430 4109 1433 4118 v
1622 4108 1626 4123 ·

202 4087 407 4288 petLonge
434 4169 509 4256 alib
525 4173 684 4256 ratione
695 4197 815 4286 agunt
839 4174 960 4258 animi
984 4168 1141 4254 labores
1161 4171 1230 4280 qui
1236 4229 1251 4274 ,
1273 4172 1366 4252 cum
1385 4169 1634 4256 todionibus

207 4312 380 4370 noceant
386 4347 400 4392 ,
425 4288 775 4395 excretionemque
796 4283 887 4369 bilis
912 4281 1107 4400 precipub
1130 4281 1306 4388 tardent,
1326 4281 1439 4366 srmul
1463 4283 1636 4370 evidenti

33 4443 35 4470 ι
211 4399 348 4484 effodio
370 4399 436 4481 san
476 4401 599 4500 ,inem
619 4401 661 4482 in
686 4424 803 4514 caput
825 4401 970 4482 haerere
991 4419 1166 4508 cogunt,
1191 4398 1246 4480 ita
1270 4422 1315 4480 ut
1334 4395 1636 4504 meditantibus,

33 4505 35 4620 [
210 4509 355 4596 tardati
409 4429 616 4594 nidorum
637 4513 822 4606 abbione,
844 4537 953 4594 venae
971 4511 1107 4624 capitis
1126 4503 1322 4595 inflentuf.
1339 4507 1398 4593 Hi
1416 4513 1517 4596 inter
1537 4515 1637 4594 cutis

213 4541 483 4742 praecipulque
496 4626 612 4709 faciei
630 4623 864 4710 morborum
880 4622 1011 4708 caulas
1030 4621 1259 4708 recensendi
1280 4621 1378 4706 sunt.
1394 4621 1640 4756 Spasmodaea

212 4740 318 4820 enim
348 4741 519 4822 britium
553 4739 657 4826 adest
684 4735 979 4845 laborantibus,
1012 4733 1194 4822 inertiam
1213 4739 1311 4825 verb
1345 4763 1488 4823 mentis
1512 4731 1641 4818 nullm

211 4847 420 4939 absidem
444 4853 597 4940 ratione
618 4851 779 4944 effeetus
803 4851 996 4964 sequetur.
1127 4923 1135 4932 .
1239 4887 1241 4894 ’

1262 4955 1355 5071 nn
