4226 5916
478 397 587 550 422⁴
920 390 1027 528 un
1089 435 1454 528 nonuts

482 603 593 715 quod
618 632 700 688 non
726 605 829 722 prlhs
850 607 1067 690 exsiccatur
1090 631 1157 691 aut
1178 604 1400 692 recrescere
1424 599 1565 708 cessat,
1595 598 1717 713 qulrn'
1740 599 1916 688 maxima

481 722 651 804 matoria
672 749 757 833 pars
778 719 966 832 assumpta
990 721 1045 803 lit.
1207 789 1212 794 .

537 832 687 918 Verum
713 829 821 916 nulla
841 835 895 917 est
917 832 999 916 fere
1021 833 1135 916 causa
1160 863 1244 942 quat
1269 837 1361 914 clun
1385 826 1435 912 ab
1456 827 1709 913 interioribus
1729 829 1780 912 ad
1798 855 1915 915 exte-

480 949 584 1030 riora
600 946 766 1052 feratur,
790 975 870 1029 non
885 948 1002 1062 polht
1017 950 1225 1061 phymata,
1242 942 1522 1028 furunculosve
1534 943 1739 1028 inducere.
1757 943 1915 1028 Dantur

479 1057 643 1164 hujusce
657 1058 769 1142 modi
782 1085 960 1145 rumores
972 1063 1157 1166 venerei,
1176 1059 1315 1144 dantur
1328 1065 1371 1140 bt
1385 1055 1612 1140 scorbutici.
1626 1056 1825 1161 Causam,
1845 1060 1914 1142 nist

480 1173 743 1286 symptomata
757 1175 943 1258 interiora
956 1173 1093 1256 sedulo
1107 1173 1319 1257 'excusseris
1331 1174 1535 1276 examine,
1553 1168 1738 1254 hariolari
1752 1169 1914 1253 bformh

481 1289 548 1368 vix
568 1288 728 1399 potetis.
759 1286 926 1370 Limbus
947 1284 1051 1370 solus
1069 1287 1210 1370 differt.
1234 1287 1280 1368 In
1301 1282 1534 1368 scorbuticis
1551 1281 1620 1367 vul
1648 1286 1675 1365 ὸ
1694 1281 1840 1366 limbus
1854 1311 1914 1368 ru-

479 1425 636 1482 morem
650 1397 826 1484 ambiens
840 1423 955 1511 atque
967 1400 1237 1506 circumdans,
1254 1425 1468 1512 purpureus
1480 1400 1546 1504 est,
1563 1405 1602 1480 bt
1617 1315 1699 1480 sete
1714 1396 1912 1508 nigrescit.

478 1513 527 1594 In
544 1516 720 1598 venereis
735 1513 950 1598 furunculis
967 1545 1043 1597 orae
1057 1511 1256 1596 furunculi
1273 1510 1437 1596 ulcerari
1451 1541 1594 1626 prava,
1612 1509 1811 1594 retorride
1827 1509 1916 1594 funt

480 1632 523 1707 dr
544 1623 788 1732 albicantes,
812 1656 885 1711 nec
904 1627 1021 1712 facile
1038 1625 1355 1730 confunduntur,
1380 1628 1448 1706 nist
1473 1653 1566 1710 cum
1591 1622 1751 1738 loprohs
1774 1623 1914 1706 furun-

481 1736 593 1820 culis.
624 1738 864 1824 Scorbutica
894 1737 1116 1846 hujusmodi
1148 1737 1281 1824 ulcera
1312 1736 1428 1821 facile
1455 1738 1659 1843 sanantur,
1687 1735 1916 1820 recrescunt

479 1850 672 1934 facillime
688 1883 700 1952 3
718 1852 851 1936 ulcera
864 1882 1031 1938 venerea
1046 1853 1210 1958 tardius,
1227 1879 1301 1936 nec
1320 1853 1390 1960 nifr
1410 1847 1646 1938 difficillime
1664 1853 1913 1935 curationem

480 1963 705 2048 admittunt.
748 1966 797 2048 In
830 1969 889 2049 his
926 1966 1111 2050 omnibus
1148 1964 1270 2048 causae
1306 1967 1458 2048 curatio
1498 1959 1631 2046 morbi
1671 1962 1913 2046 sanationem

480 2077 590 2159 facit.
610 2078 772 2159 Verum
801 2079 916 2163 caute
941 2109 1035 2162 cum
1058 2079 1266 2192 unguentis
1290 2080 1459 2162 externis
1486 2073 1751 2160 incedendum
1773 2077 1840 2160 est.
1867 2075 1913 2158 In

481 2188 716 2274 scorbuticis
738 2195 844 2276 enirn
864 2193 1088 2308 suppuratio
1106 2221 1188 2275 non
1204 2189 1490 2305 promovenda.
1519 2190 1563 2274 Si
1576 2215 1749 2274 vertatur
1767 2191 1912 2302 phyma

481 2329 695 2388 venereum
720 2307 762 2386 in
785 2303 924 2413 ulcus,
953 2309 1116 2390 cicatrix
1139 2335 1223 2388 non
1243 2303 1491 2419 exoptanda,
1512 2302 1592 2386 sed
1614 2301 1912 2416 comprimenda

483 2417 659 2500 causticis
692 2414 776 2502 lues
806 2419 960 2532 serpens
990 2417 1229 2503 &exedens
1260 2421 1404 2502 vicina.
1442 2416 1589 2531 Aperte
1618 2440 1750 2498 autem
1776 2444 1828 2499 ex
1854 2418 1912 2498 his

482 2534 617 2642 paucis
637 2555 768 2644 patet,
790 2529 886 2646 sepe
906 2536 1075 2645 phyma,
1100 2529 1347 2647 phygethlon
1358 2593 1372 2637 ,
1395 2525 1673 2634 furunculum,
1698 2547 1772 2641 pro
1788 2529 1913 2642 fymp

481 2665 658 2748 romare,
689 2670 756 2728 aut
785 2675 882 2728 mox
905 2649 1077 2758 erupturi
1107 2643 1269 2750 morbi,
1300 2672 1368 2728 aut
1395 2639 1647 2753 reliquiarum
1674 2638 1913 2756 hpraterito

481 2753 627 2837 morbo
656 2756 917 2840 redivivatum
947 2756 1127 2842 habenda
1156 2757 1259 2856 else,
1290 2765 1333 2841 ὃ(
1360 2758 1536 2868 quamvis
1569 2781 1639 2868 per
1668 2754 1709 2836 se
1740 2753 1825 2836 fere
1847 2757 1913 2838 vix

480 2863 589 2949 aliud
612 2867 834 2983 symptoma
856 2870 1070 2978 inducant,
1094 2897 1229 2986 preter
1251 2869 1554 2953 incommodum
1577 2893 1718 2981 grave,
1738 2896 1822 2950 non
1837 2865 1911 2950 esse

455 2981 613 3063 'tamen
637 3011 810 3092 unquam
834 2982 856 3068 h
885 2984 1058 3070 Medicis
1083 2982 1206 3068 oculo
1234 2981 1314 3066 levi
1340 3010 1514 3067 tumores
1538 2979 1661 3064 hosce
1683 3008 1913 3096 praetereun-

482 3091 577 3196 dos,
600 3095 744 3207 quippe
760 3099 827 3206 qui
842 3099 993 3209 stgnum
1017 3094 1335 3212 prebeant—malae
1353 3100 1393 3178 in
1409 3092 1640 3194 humoribus
1658 3094 1912 3200 conditionis.

537 3204 765 3315 Aliquando
787 3213 919 3294 tamen
939 3240 1051 3295 more
1071 3212 1216 3296 criseos
1240 3234 1452 3324 erumpunt
1475 3206 1497 3291 ὲ
1526 3206 1771 3290 redundante
1799 3234 1913 3318 arque

479 3315 676 3429 superfluo
701 3349 822 3402 muco
845 3324 922 3406 orti
945 3349 1148 3429 rumores,
1170 3331 1211 3406 ὅ(
1233 3321 1282 3404 ab
1303 3320 1388 3438 ipsa
1410 3320 1651 3406 colleslione
1670 3324 1774 3404 vires
1800 3346 1915 3432 atque

402 3519 404 3524 ,
480 3430 733 3514 erethismum
762 3438 964 3522 concitare
992 3444 1082 3553 apti.
1108 3437 1194 3520 'Hic
1222 3437 1331 3519 casus
1350 3434 1489 3520 adultis
1508 3431 1734 3539 juvenibus,
1760 3435 1846 3518 imb
1873 3443 1913 3518 dt

480 3544 659 3628 nondum
675 3545 761 3630 satis
777 3551 1019 3662 menstmatis
1034 3547 1261 3633 mulieribus
1285 3548 1380 3664 saepe
1404 3571 1581 3662 apparet,
1598 3573 1658 3631 ter
1671 3573 1911 3658 quaterque,

480 3684 604 3741 verno
628 3659 835 3771 prasertim
862 3690 980 3774 atque
1002 3661 1216 3748 autumnali
1239 3687 1447 3776 tempore,
1473 3689 1554 3771 quo
1578 3658 1787 3774 praesertim
1814 3685 1914 3744 tern-

479 3773 816 3889 pore-humorum
842 3774 1067 3860 sunrmanfit
1090 3779 1281 3879 mutatio,
1311 3773 1588 3858 rarefaslomm
1615 3797 1733 3882 atque
1758 3801 1915 3882 motum

481 3885 814 3998 concipientium,
830 3887 1194 3993 autumnocontrh,
1213 3886 1437 4003 repercussi
1449 3885 1752 4018 perspiratione,
1774 3872 1915 3970 redun-

472 3996 669 4081 dantium.
698 3999 789 4082 lmb
818 4000 1019 4085 fatendum
1051 4005 1104 4086 est
1135 4002 1217 4085 dari
1245 4032 1415 4116 corpora
1448 3998 1605 4110 quali-h
1634 4001 1916 4082 constitutione

480 4107 610 4193 narius
632 4114 673 4192 in
694 4113 838 4196 horum
863 4139 1065 4198 tumorum
1093 4117 1341 4230 eruptionem
1367 4111 1570 4229 propensa.
1599 4111 1681 4196 Sed
1706 4109 1918 4217 juvenibus

480 4221 687 4335 pracsertim
709 4226 911 4311 furunculi
935 4255 1171 4344 erumpunt,
1199 4225 1355 4314 senibus
1381 4223 1607 4422 phyperhla.
1635 4223 1804 4309 Scilicet
1826 4224 1919 4338 plus

480 4336 591 4416 muci
622 4331 827 4437 juvenibus
856 4339 958 4424 adest
983 4345 1049 4452 qui
1080 4341 1184 4424 deest
1212 4339 1398 4446 senibus,
1434 4369 1453 4421 a
1483 4343 1612 4448 eoque
1633 4339 1700 4420 vix
1727 4337 1919 4422 concres-

480 4471 573 4529 cere
601 4453 740 4560 potest.
770 4451 895 4535 Hisce
923 4456 962 4535 in
987 4453 1136 4538 cahbus
1162 4454 1269 4537 certe
1294 4483 1377 4538 non
1404 4451 1582 4536 diathesis
1610 4453 1924 4535 inflammatoria

477 4563 630 4642 ranthm
651 4565 885 4677 corrigenda
898 4569 951 4649 est
970 4597 1053 4678 qua
1067 4595 1137 4681 per
1157 4566 1196 4651 se
1220 4564 1451 4651 furunculos
1465 4593 1548 4648 non
1564 4564 1832 4680 ingeneraret,
1848 4561 1922 4648 sed

480 4677 523 4756 bt
537 4676 731 4760 voracitas
749 4675 935 4784 juvenum
951 4684 1151 4793 regiminis
1168 4683 1417 4764 tenuitate&
1432 4681 1622 4794 parvitate
1636 4675 1921 4790 temperanda,

478 4783 679 4897 augendus
700 4796 975 4875 excretionum
1000 4789 1187 4906 regularis
1207 4795 1335 4875 exitus
1355 4825 1367 4892 ;
1394 4790 1620 4906 perspiratio
1649 4787 1829 4895 balneis,
1848 4787 1923 4870 so-

477 4895 695 5012 mentisque
725 4905 779 4986 ita
809 4901 1047 5014 adjuvanda,
1074 4931 1127 4988 ne
1160 4902 1293 4990 sordes
1318 4907 1361 4988 in
1388 4932 1479 4990 cute
1508 4901 1769 4990 concrescant
1796 4927 1923 5010 atque
