4246 5900
422 475 515 629 ff
685 565 695 585 .
790 461 1477 599 PRAEFATIQ

421 683 681 753 atomorum
696 683 972 787 proventum
985 661 1241 788 procreavit
1259 663 1307 756 in
1322 655 1560 758 hominum
1579 657 1860 794 perniciem,

277 839 280 846 ’
425 814 550 914 unde
573 815 732 915 fierent
760 814 991 914 causarum
1023 814 1172 918 classes
1194 818 1469 956 multiplices
1486 823 1690 955 ,anceps
1713 821 1856 956 magis

423 975 667 1118 diagnosrs,
699 975 931 1115 prognosse
961 973 1200 1118 ambigua,
1226 985 1277 1081 δι
1300 980 1580 1082 sanationum
1608 976 1758 1080 sontes
1789 985 1857 1081 in*

423 1169 551 1238 certo
581 1133 768 1238 consilio
799 1141 826 1237 ὲ
855 1143 1043 1242 veritate
1070 1139 1227 1276 saepids
1256 1142 1651 1280 detorquerentur.

493 1305 586 1400 Has
628 1306 745 1398 inter
779 1289 929 1401 rerum
965 1302 1183 1444 angustias
1215 1339 1316 1400 mea
1346 1301 1404 1402 de
1446 1298 1622 1400 Morbis
1655 1307 1855 1402 cutaneis

420 1463 562 1562 studia
595 1471 643 1561 in
677 1461 880 1564 medium
913 1461 1117 1600 proferre
1147 1460 1260 1564 utile
1289 1460 1495 1585 credidi,
1529 1468 1855 1598 materiemque

421 1622 617 1725 Arabica
661 1620 871 1723 obrutam
913 1623 1175 1765 farragine,
1213 1621 1432 1761 quantiam
1479 1658 1580 1722 mea
1626 1633 1855 1759 pateretur
1974 1612 1977 1620 ¹

421 1787 735 1908 mediocritas,
753 1782 979 1888 illustrare.
1011 1793 1072 1885 Et
1093 1787 1252 1889 certe
1239 1790 1503 1926 incipienti,
1526 1789 1577 1887 ἃ
1604 1783 1660 1882 ad
1684 1815 1854 1884 naturae

421 1973 628 2047 normam
653 1953 807 2048 omnia
832 1956 983 2048 metiri
1006 1955 1234 2087 cupienti,
1260 1979 1440 2086 quantae
1464 1921 1715 2048 obstiterint
1746 1947 1854 2047 diffi-

421 2107 643 2232 cultates,
684 2108 869 2210 credere
915 2118 995 2215 vix
1037 2112 1180 2213 datur.
1219 2103 1392 2210 Aderat
1435 2103 1640 2209 confusio
1681 2113 1854 2212 vocum

420 2276 619 2369 enormis
658 2307 743 2405 pro
782 2269 995 2410 quolibet
1034 2277 1219 2376 austore
1256 2269 1443 2375 diversa.
1482 2275 1608 2371 Hinc
1649 2275 1855 2374 auetores

420 2429 627 2566 pessimi,
665 2433 747 2532 situ
784 2431 1038 2571 squallidi,
1077 2432 1378 2572 manuscripta
1415 2429 1632 2536 vetustate
1671 2431 1853 2576 deleta,

271 2706 279 2722 ὑ
419 2588 612 2730 legenda
630 2595 863 2719 accurate,
886 2595 1113 2697 tunicum
1138 2593 1234 2694 aliis
1251 2590 1530 2694 conferenda
1552 2625 1689 2694 erant.
1713 2595 1853 2692 Inter-

418 2787 601 2892 pretum
618 2750 764 2888 lapsus
789 2756 1062 2854 emendandi
1086 2753 1226 2856 fuere.
1250 2753 1553 2854 Terendum
1540 2791 1589 2852 ιιι
1609 2791 1724 2857 vana
1747 2793 1853 2856 eru

418 2917 594 3013 ditione
612 2914 915 3047 comparanda
934 2945 1114 3080 tempus
1132 2909 1262 3056 quod
1277 2907 1468 3009 melius
1455 2947 1504 3008 ιιι
1521 2943 1690 3012 naturae
1708 2920 1852 3016 inter

417 3081 672 3212 pretatione
701 3071 1114 3207 impenderetur.

348 3272 353 3281 ·
489 3241 592 3336 Nec
634 3239 757 3334 enim
798 3229 1066 3334 dissimulare
1108 3233 1172 3336 fas
1212 3231 1274 3336 est
1317 3203 1535 3374 quantiam
1577 3233 1667 3336 hirc
1706 3233 1850 3375 usque

417 3397 596 3498 latuerit
638 3397 844 3494 materies
875 3393 953 3496 illa
984 3393 1065 3539 sub
1095 3394 1301 3499 abnormi
1338 3395 1603 3536 empyrismi
1641 3391 1850 3522 fortuna,

416 3565 469 3666 δι
503 3563 708 3694 quamvis
729 3553 879 3695 plures
902 3559 960 3658 de
982 3556 1156 3659 Morbis
1178 3537 1381 3675 ‘cutaneis
1406 3563 1612 3662 aussores
1640 3561 1850 3700 expressd

413 3718 699 3857 scripserint,
722 3757 836 3857 pace
854 3727 1057 3825 virorum
1079 3723 1135 3821 ad
1154 3750 1304 3824 artem
1315 3723 1678 3863 promovendam
1698 3731 1848 3873 'niten-

413 3893 532 3984 tium
556 3885 775 4010 dixerim,
798 3890 876 3985 vix
896 3881 1091 4020 aliquam
1118 3889 1167 3983 in
1194 3889 1319 3985 tants
1347 3885 1540 4024 caligine
1558 3883 1712 3984 lucem
1738 3921 1848 4019 prae·

412 4031 650 4170 tulerunt',
689 4035 976 4152 fiJoarmem
1009 4045 1279 4148 Manardum
1310 4050 1556 4182 exceperis.
1594 4039 1762 4144 Forsan
1794 4047 1847 4146 dc

413 4215 510 4345 ipse
524 4213 676 4306 inanes
689 4243 877 4307 conatus
892 4205 1144 4310 exnrlerim.
1163 4207 1263 4307 Erit
1274 4228 1426 4308 tamen
1438 4204 1561 4306 unde
1572 4223 1646 4304 me
1661 4209 1847 4342 incaepti

412 4345 510 4470 non
545 4374 765 4505 poeniteat
797 4404 1034 4506 unquam,
1070 4373 1100 4469 sr
1132 4370 1307 4470 Medici
1350 4399 1516 4467 naturae
1536 4361 1851 4468 iobservandas

413 4539 605 4657 intenti,
634 4533 898 4666 Graecaeque
926 4533 1170 4632 Medicinae
1202 4537 1337 4669 periti
1372 4527 1489 4630 hanc
1521 4525 1635 4628 mihi
1662 4524 1845 4628 laudem

410 4692 732 4818 concesserint,
754 4691 1007 4794 faciliorem
1029 4695 1179 4796 amco
1197 4691 1349 4792 labore
1370 4725 1522 4828 patere
1536 4695 1657 4793 viam
1682 4685 1845 4790 melio·

411 4855 530 4962 ribus
557 4861 608 4960 δι
638 4851 908 4958 fortioribus
929 4862 1124 4994 ingeniis
1152 4854 1209 4960 ad
1232 4859 1334 4960 artis
1360 4860 1409 4956 in
1437 4851 1630 4956 obscuri
1657 4856 1843 4952 materie

1618 5047 1845 5156 pomoeria
