4226 5916
636 455 1129 551 CUTANEI&
1332 455 1334 464 ¹
1530 479 1611 574 4w

180 647 308 710 roenas
331 627 475 713 molles
499 623 660 736 abiens,
689 632 769 715 sme
787 629 872 714 ullo
895 629 1155 744 symptomate
1178 603 1312 743 prae'ter
1337 626 1541 744 pruritum.
1569 631 1609 715 Is
1664 635 1669 647 '

181 737 271 847 solo
303 747 445 826 artatur
458 805 472 847 ,
498 768 542 825 ut
570 744 750 851 videtur,
778 743 826 826 ab
859 742 938 826 alio
969 743 1118 825 infante
1144 745 1186 825 in
1215 741 1335 825 alium
1365 742 1609 827 diffunditur.

182 849 294 965 Saepe
309 853 537 939 dentitionis
554 883 734 971 tempore
749 883 906 971 apparet
920 859 1020 970 ignis
1036 854 1104 938 ille
1115 852 1314 966 sylvester,
1329 857 1397 939 seu
1411 854 1609 973 volatilis,

182 971 224 1046 dt
254 970 504 1082 eruptionem
533 969 710 1054 dentium
738 973 961 1053 comitatur.
996 967 1106 1081 Saepe
1131 966 1261 1080 plures
1315 996 1356 1053 et
1384 999 1539 1078 annos,
1564 976 1614 1052 δι’

179 1076 368 1190 adusque
384 1080 425 1165 se
453 1085 630 1165 termium
650 1086 829 1168 exadum
853 1081 1086 1166 extenditur.
1101 999 1329 1191 Aliquando
1351 1085 1436 1196 post
1458 1086 1607 1195 primos

181 1189 320 1276 dentes
344 1113 525 1278 exclbsos
550 1195 696 1301 cessat,
724 1199 929 1280 revertitur
954 1194 1002 1277 ad
1028 1193 1190 1277 ultimos
1206 1200 1339 1278 versits
1362 1194 1608 1309 septennium

181 1302 467 1390 excludendos.
488 1305 697 1419 Aliquibus
713 1309 761 1392 ad
781 1308 902 1418 usque
916 1304 1072 1420 plenam
1088 1303 1331 1422 pubertatem
1347 1337 1452 1390 nunc
1468 1337 1608 1391 recon-

179 1415 309 1522 ditus,
333 1451 441 1503 nunc
462 1421 614 1529 furens,
637 1421 841 1507 incondite
857 1421 996 1526 cellar,
1017 1426 1134 1532 at'que
1147 1424 1363 1504 revertitur.
1387 1421 1609 1504 Rarbv'erb

180 1527 368 1637 adultos,
398 1559 463 1616 aut
487 1537 659 1646 virgines
684 1535 787 1619 rede
811 1538 1059 1618 menstruatas
1081 1534 1316 1646 aggreditur.
1348 1535 1448 1616 Non
1476 1558 1610 1619 tamen

179 1668 232 1724 eo
249 1647 414 1727 omnini>
430 1671 587 1753 carent,
608 1675 674 1731 aut
694 1652 774 1756 ha,
797 1661 863 1732 aut
878 1646 957 1752 illi,
980 1644 1087 1730 fivel
1101 1649 1361 1757 cacochymia
1382 1646 1611 1758 sanguinem

178 1754 360 1862 infestet,
387 1756 453 1843 vel
470 1763 637 1874 *impuro
661 1757 861 1845 versentur
889 1763 929 1842 in
956 1773 1069 1865 aere,
1099 1760 1393 1868 quod‘evenire
1418 1759 1500 1842 vidi
1526 1790 1610 1844 non

178 1863 258 1950 onai
280 1873 371 1953 vice
395 1870 624 1956 mulieribus
644 1904 728 1984 qua
749 1872 855 1957 circi
875 1870 1093 1957 variolosus
1113 1870 1321 1984 invigilant
1339 1869 1486 1979 eosque
1508 1872 1612 1955 alhs-

179 2002 281 2066 tunt.
307 1981 463 2068 Dividit
490 1988 597 2069 hunc
622 1985 807 2070 morbum
833 1985 899 2070 Cl.
918 1987 1064 2068 ‚Astruc
1085 1989 1147 2092 (a)
1176 1988 1217 2066 in
1239 1986 1396 2096 srccum
1412 1990 1452 2064 bt
1479 1985 1612 2067 humi-

180 2090 276 2202 dum
295 2125 307 2194 3
335 2094 401 2179 sed
423 2099 507 2181 hac
536 2099 702 2208 divisio,
726 2105 818 2182 chm
837 2095 958 2205 nihil,
978 2125 1045 2182 aut
1065 2095 1171 2181 circi
1190 2123 1390 2204 naturam,
1414 2120 1481 2179 aut
1505 2095 1612 2182 circa

181 2209 427 2293 curationem
450 2209 580 2295 morbi
601 2213 777 2319 indicet,
802 2215 869 2298 vix
890 2213 1045 2304 videtur
1065 2211 1318 2294 admittenda.
1345 2265 1346 2268 κ

238 2317 439 2406 Omnibus
452 2324 559 2433 aque
597 2323 802 2437 hlysloenae
816 2320 1290 2429 nascuntur,omnibusin
1303 2324 1442 2405 crustas
1455 2319 1612 2408 abeunt.

176 2428 407 2542 ‘Aliquando
427 2355 619 2546 glandula
639 2436 736 2520 colli
755 2437 1044 2541 intumescunt,
1065 2434 1236 2545 &quod
1259 2465 1341 2519 non
1365 2435 1453 2516 raro
1478 2433 1615 2519 obser-

180 2547 295 2649 vavi,
320 2544 676 2632 detumescentibus
695 2547 800 2654 illis,
825 2551 926 2660 ignis
948 2546 1135 2659 sylvestris
1157 2575 1342 2656 tanquam
1364 2573 1413 2629 ex
1436 2573 1614 2660 recepta-

180 2654 277 2739 culo
304 2664 550 2774 prorumpit,
581 2688 646 2743 aut
669 2663 838 2744 cessante
856 2659 951 2766 illo,
969 2656 1161 2772 glandulae
1182 2664 1311 2741 rursus
1335 2659 1615 2745 intumescunt.

221 2769 440 2879 Nunquam
454 2770 554 2856 ultra
570 2799 770 2881 mentum,
787 2799 853 2856 aut
866 2772 1082 2889 superiores
1098 2768 1195 2855 colli
1212 2796 1337 2883 partes
1353 2769 1501 2852 malum
1514 2768 1615 2856 illud

179 2882 433 2967 extenditur:
460 2882 556 2970 licet
576 2889 682 2970 enim
702 2891 744 2969 in
763 2889 969 2971 thoracem
992 2882 1129 2996 aliqua
1154 2881 1316 2968 macula
1338 2880 1618 2998 erysrpelatosae

176 2993 290 3078 srmul
311 3024 538 3112 appareant,
565 3029 645 3081 non
666 3026 797 3084 tamen
815 2998 889 3081 illut
898 3063 912 3107 ,
938 3025 1004 3083 aut
1018 2997 1197 3082 eamdem
1212 2995 1419 3112 periodtnn
1435 2997 1614 3104 servant,

179 3134 249 3190 aut
262 3111 401 3192 eadem
415 3109 516 3193 ultrai
530 3113 727 3224 graffantis
743 3111 837 3195 mali
850 3111 1039 3196 exhibent
1053 3115 1333 3226 phoenomena.
1352 3108 1450 3192 Inde
1469 3110 1617 3196 fartum

180 3229 225 3302 ut'
242 3220 307 3304 Cl.
322 3223 459 3306 Astruc
476 3222 582 3307 circi
598 3222 758 3331 hujusce
770 3225 901 3309 morbi
915 3225 1091 3309 naturam
1108 3253 1191 3306 non
1204 3219 1489 3327 hallucinatus,
1509 3226 1616 3307 circa

179 3361 424 3448 mentagram
438 3363 616 3420 veterum
629 3337 830 3422 evidenter
845 3341 1044 3443 erraverit,
1055 3342 1145 3421 chm
1161 3333 1345 3417 morbum
1356 3335 1614 3446 turpilhmum

179 3443 351 3529 bPlinio
373 3435 610 3565 descriptum
654 3479 698 3534 ro
716 3455 808 3564 igne
821 3449 990 3562 sylvestri
1006 3449 1204 3553 habuerit,
1225 3473 1292 3529 aut
1307 3444 1492 3530 morbum
1506 3449 1631 3554 huno¹

180 3562 354 3642 nostrum
381 3562 595 3647 indistiniie
620 3481 846 3671 lichenem,
870 3563 1134 3678 vitiliginem,
1157 3567 1199 3644 δι’
1218 3585 1459 3673 mentagram
1478 3557 1615 3674 appel-

180 3669 252 3758 lari
271 3674 487 3758 contendat
507 3677 579 3779 (b).

238 3785 331 3870 Nec
363 3787 672 3894 reche'Sahafitti
694 3795 752 3892 (c)
778 3785 980 3896 Arabum,
1005 3813 1051 3872 ut
1073 3787 1178 3873 idem
1203 3811 1341 3901 putat,
1370 3816 1445 3980 pro
1482 3787 1612 3869 nostro

182 3895 292 3981 malo
320 3897 455 3983 haberi
481 3903 634 4014 potest,
662 3906 838 4010 quamvis
865 3905 1016 3986 constet
1041 3930 1091 3986 ex
1118 3900 1195 3984 bast
1222 3901 1368 4012 erysrpe
1386 3897 1493 3981 atosi
1521 3926 1615 3983 cum

183 4008 421 4126 phlyiloenis
434 4017 574 4125 parvis.
593 4012 673 4097 Sed
684 4012 823 4098 melius
836 4014 908 4099 adi
939 4043 1029 4099 nem
1045 4011 1265 4127 sylvestrem
1277 4009 1380 4094 teile
1394 4010 1613 4095 referuntur

184 4123 348 4207 macula
370 4122 443 4207 illa
465 4123 744 4242 eryfipelatosoe
765 4159 847 4240 quae
866 4045 1039 4212 festibus
1063 4125 1319 4242 depuratoriis
1334 4122 1656 4234 superveniunt.

185 4245 227 4320 dr
249 4235 396 4320 buccas
411 4299 425 4342 ,
448 4237 572 4345 labia,
592 4269 638 4323 ac
656 4266 786 4325 toturn
802 4272 846 4325 os
863 4241 1092 4355 deturpant,
1109 4236 1318 4351 plaudente
1332 4231 1401 4316 fibi
1419 4233 1556 4348 plebe,
1574 4263 1612 4320 at

184 4349 282 4464 sape
295 4349 519 4454 incassum3
544 4382 633 4435 nam
647 4355 715 4436 ersi
729 4357 862 4466 negari
876 4384 957 4436 non
970 4352 1086 4467 polht
1096 4353 1135 4432 vi
1155 4346 1274 4430 febris
1291 4345 1340 4429 ad
1354 4374 1486 4431 cutem
1500 4376 1612 4433 vene-

185 4488 294 4546 natas
321 4462 505 4574 acresque
534 4463 753 4548 moleculas
783 4457 1014 4581 depellenrid
1038 4460 1179 4546 ssmiles
1199 4457 1449 4656 phlyeioenas
1476 4462 1581 4544 nasci
1594 4521 1612 4568 ,

187 4581 281 4660 ctmr
298 4579 487 4659 tamenin
501 4576 646 4662 morbo
666 4581 796 4692 gravi,
816 4578 958 4680 nonsit
973 4577 1140 4668 materia
1159 4575 1199 4660 se
1229 4571 1289 4657 rili
1307 4574 1613 4688 proportIonalis

198 4729 201 4736 ¹
224 4773 279 4842 (a)
300 4767 397 4830 Traire
412 4769 459 4833 des
473 4767 629 4844 Tomenta,
648 4771 696 4833 liv.
716 4795 755 4846 ι,
774 4769 819 4836 ch.
840 4791 886 4836 to.
988 4803 996 4820 ·

225 4848 284 4920 (b)
304 4848 345 4912 V·
365 4849 433 4910 insti
452 4853 486 4910 de
502 4849 599 4911 Tinel.
940 4865 942 4871 “

226 4931 285 5010 (C)
305 4929 439 4998 Avittllll·
460 4934 510 5000 liv·
530 4951 565 5020 J,
583 4929 604 4996 f·
622 4952 658 5016 3,
678 4951 711 4998 ll·
734 4955 759 4996 1·

1303 5005 1417 5096 Flf
1589 4997 1711 5038 ⁸'
