4188 5916
617 447 1163 540 CUTANssls
1525 489 1606 564 3η

177 611 325 723 sibique
341 609 545 697 assimilant
559 619 756 700 nutritiam
776 646 787 714 3
812 641 886 700 nec
901 611 1135 700 dissimulare
1150 614 1210 700 sas
1226 617 1277 700 est
1290 617 1332 700 in
1347 615 1491 702 morbo
1514 619 1606 705 verb

179 727 433 840 depuratorio
451 727 612 812 cautelis
630 759 729 844 opus
751 729 848 833 esse,
877 757 927 812 ne
949 729 1208 841 depuratione
1228 728 1434 844 praepeditsi
1460 731 1607 839 majora

177 843 360 952 ingruant
390 838 492 924 mala
519 837 662 952 quibus
695 839 940 926 sublevandis
975 845 1099 954 impar
1133 843 1299 926 omnino
1328 869 1395 927 aut
1425 873 1512 952 ars,
1541 870 1619 932 aut*

179 979 315 1035 natura
340 954 563 1040 evaderent.
1645 1047 1649 1052 ,

181 1091 190 1111 ·
234 1063 422 1151 Praerereb
439 1067 560 1152 duces
579 1069 649 1152 viae
667 1067 844 1182 regenda
859 1067 1008 1151 desunt.
1031 1068 1137 1150 Nam
1154 1067 1391 1179 vetustissimi
1411 1071 1499 1151 artis
1519 1099 1611 1183 pra-

180 1191 362 1290 ceptores
382 1183 526 1287 nostri,
553 1185 644 1264 cum
661 1183 702 1264 in
719 1184 864 1286 caeteris
886 1179 1033 1264 morbis
1051 1181 1202 1293 copiosi
1217 1179 1362 1264 suerint
1381 1209 1497 1290 atque
1519 1182 1611 1265 dili-

180 1317 339 1404 gentes,
361 1295 401 1374 in
416 1295 548 1378 nostro
566 1297 633 1378 vix
648 1293 810 1404 aliquod
826 1291 961 1376 lumen
976 1293 1365 1407 suppeditantGraeci
1383 1302 1424 1376 &
1438 1293 1609 1396 Arabes3

180 1405 259 1487 sive
280 1405 412 1514 qubd,
440 1434 485 1489 ut
502 1407 793 1522 Hippocrates,
818 1407 999 1491 affesium
1028 1409 1134 1489 hunc
1159 1408 1290 1519 potilis
1315 1406 1363 1488 ad
1390 1404 1610 1492 soeditatem

70 1622 74 1628 ,
180 1514 374 1628 aliquam,
404 1516 522 1628 quim
543 1520 592 1603 ad
610 1519 795 1603 morbum
817 1518 1044 1625 retulerint,
1070 1521 1147 1603 sive
1169 1517 1279 1628 qubd
1305 1515 1471 1602 beatiori
1500 1519 1610 1602 coelo

180 1628 397 1714 fruentibus
418 1635 563 1714 rariora
583 1635 783 1717 extiterint
806 1630 1030 1740 hujusmodi
1048 1631 1329 1737 incommoda,
1354 1633 1431 1714 sive
1451 1632 1613 1716 denium

182 1742 293 1851 qubd
318 1741 483 1825 Habraei
518 1743 731 1830 &Arabes
763 1749 916 1859 impura
945 1747 1029 1828 haec
1055 1748 1287 1829 vocaverint
1322 1773 1491 1857 corpora
1528 1777 1611 1858 quae

182 1852 289 1938 nefas
312 1860 502 1970 attingere
521 1855 721 1970 putabant.

236 1966 433 2051 Adversus
462 1973 702 2054 recentiores
736 1969 876 2054 eadem
904 1967 1062 2080 querela
1093 1972 1234 2053 institui
1261 1999 1344 2053 non
1374 1972 1519 2084 potest,
1546 1972 1613 2054 sed
1662 1987 1670 1996 '

184 2107 320 2193 prater
335 2085 526 2165 curativas
544 2111 592 2166 ex
609 2110 692 2167 arte
708 2081 968 2167 indicationes
977 2145 991 2190 ,
1012 2083 1296 2196 praestantissimi
1313 2086 1352 2165 in
1373 2087 1453 2169 arte
1472 2084 1613 2195 magis-

183 2196 232 2276 tri
256 2193 494 2301 Sennertiis,
517 2193 788 2303 Ermullerus,
813 2195 880 2280 Fr.
905 2193 1172 2280 Hoffmannus
1196 2203 1237 2278 &
1265 2223 1427 2300 arcana,
1457 2203 1499 2278 &
1528 2197 1613 2278 sor-

183 2304 308 2389 mulas
328 2307 548 2420 nimioperb
570 2309 852 2393 commendant
863 2371 876 2414 ,
898 2305 1038 2417 quibus
1055 2337 1138 2390 non
1157 2335 1202 2390 ea
1221 2305 1335 2389 nobis
1351 2307 1419 2389 lux
1439 2313 1614 2394 exoritur

185 2449 267 2528 quae
278 2446 440 2532 agentes
451 2419 619 2533 dirigere
631 2423 768 2534 possit,
787 2427 828 2502 &
845 2423 886 2504 in
899 2417 1111 2525 similibus,
1131 2419 1197 2504 sed
1213 2448 1297 2502 non
1313 2419 1450 2504 iisdem
1466 2419 1615 2504 casibus

185 2531 302 2644 possit
320 2530 534 2616 titubantes
554 2560 671 2616 manu
695 2533 853 2617 ducere.

237 2644 428 2749 Videtur,
447 2650 634 2755 quantum
651 2643 904 2751 conjiciendo
920 2641 1017 2729 licet
1031 2645 1176 2754 assequi
1183 2708 1198 2751 ,
1213 2673 1297 2728 non
1312 2649 1489 2758 ignotam
1504 2647 1615 2733 fuiffe

182 2756 424 2871 Hippocrati
437 2757 671 2841 methodum
714 2755 763 2841 usi
776 2759 924 2866 antiqui
942 2753 1105 2842 morbos
1124 2785 1313 2841 cutaneos
1334 2770 1460 2841 acute
1473 2759 1616 2846 avelle-

186 2897 274 2953 rent
284 2934 296 2975 ,
314 2878 353 2954 dt
367 2869 617 2985 supputando
633 2789 832 2956 tollerent.
857 2869 947 2952 Imb
968 2866 1062 2974 (lib.
1082 2868 1131 2953 de
1147 2869 1395 2976 ulceribus),
1415 2868 1512 2956 liciat
1527 2903 1617 2956 can-

184 2982 383 3066 tharidum
397 2988 584 3069 virtutem
600 3013 780 3070 urentem
797 2985 864 3098 ipsi
885 2985 1132 3096 incognitam
1146 2983 1291 3068 Freind
1305 2980 1555 3092 judicaverit,
1571 2988 1613 3072 in

187 3121 391 3210 unguento
415 3095 550 3204 rapinis
572 3097 701 3205 disio,
730 3096 973 3181 cantharidas
994 3094 1178 3204 adhibet,
1202 3126 1295 3206 quas
1320 3093 1412 3179 alibi
1441 3094 1540 3202 (lib.
1566 3099 1617 3184 de

186 3208 529 3323 superfoetadone)
546 3210 593 3294 ad
606 3210 834 3296 irritandum
848 3237 1003 3293 uterum
1016 3207 1190 3293 suaserat.
1204 3209 1325 3293 Certe
1339 3213 1514 3322 quamvis
1525 3209 1616 3294 libri

183 3323 242 3404 ilii
255 3323 371 3435 spurii
389 3324 537 3409 Freind
548 3325 773 3428 videantur,
794 3321 1050 3433 antiquissima
1070 3321 1145 3406 suit
1167 3321 1344 3406 lichenes
1364 3349 1433 3438 per
1451 3327 1617 3407 caustica

187 3431 356 3566 tollendi
381 3438 605 3523 methodus.
639 3438 720 3523 Sed
746 3440 828 3520 hac
857 3435 880 3520 ὲ
906 3433 1076 3520 tenebris
1107 3437 1277 3520 eruenda
1302 3442 1438 3552 parum
1465 3436 1514 3520 ad
1542 3466 1617 3520 nos

183 3549 350 3632 mmm
1316 3590 1439 3656 *p

231 3661 398 3744 Primus
417 3665 517 3744 inter
535 3691 686 3748 veteres
709 3661 824 3748 nobis
845 3661 974 3746 facem
993 3661 1148 3775 praefert
1166 3661 1215 3746 C.
1240 3661 1452 3746 Cornelius
1476 3661 1617 3747 Celsus

177 3777 256 3878 '(o)
288 3769 338 3854 de
363 3772 503 3887 papuli
530 3802 647 3888 agens
677 3806 794 3886 quam
829 3773 961 3860 levem
993 3773 1118 3859 salivae
1147 3777 1295 3860 affrislu
1328 3779 1495 3891 repetito
1527 3773 1618 3859 tolli

184 3881 343 3990 scribit,
365 3885 474 3996 quod
496 3886 618 3998 usque
641 3887 690 3970 ad
710 3918 782 3972 nos
803 3887 1021 3973 remedium
1044 3890 1148 4000 quasi
1168 3914 1218 3974 ex
1241 3886 1401 3974 traduce
1426 3892 1616 4001 pervertit.

186 4002 237 4083 In
265 3995 509 4112 gravioribus
537 4003 740 4114 parietaria
768 4031 841 4116 pro
871 4001 1042 4118 prasidio
1071 4005 1124 4086 est
1148 4029 1325 4087 externo.
1358 3997 1493 4082 Postea
1522 4030 1618 4086 vero

187 4113 418 4226 compositae
439 4110 720 4227 applicationes
745 4113 766 4197 ὲ
790 4114 1009 4200 Protarcho
1036 4123 1078 4199 &
1100 4113 1474 4225 Myconemutuatae
1498 4115 1618 4199 advo-

189 4251 360 4325 cantur,
387 4256 550 4335 quarum
571 4223 709 4312 ultima
735 4225 1024 4313 cantharidibus
1051 4225 1295 4338 &sulphure
1318 4227 1521 4332 constans,
1552 4255 1618 4314 aut

190 4365 325 4421 cutem
350 4343 497 4444 exurit,
525 4367 591 4423 aur
612 4339 748 4424 saltem
763 4340 971 4454 'erysipelas
991 4337 1181 4421 inducere
1205 4334 1351 4443 debet,
1379 4339 1481 4423 unde
1505 4344 1618 4430 fitur

188 4449 352 4540 morbus
380 4449 536 4537 alterius
568 4457 720 4566 generis
751 4457 930 4565 herpetes
957 4451 1162 4561 excipiat?
1193 4449 1313 4534 Certe
1344 4453 1371 4533 si
1403 4450 1620 4568 legitimam

189 4560 1618 4682 mmfflmwm&fflfflmfflmoeffimmnfflmmm

189 4675 503 4789 proportionalia
535 4681 607 4763 sint
635 4676 743 4762 malo
768 4705 879 4762 tanto
903 4675 972 4759 illa
991 4675 1251 4762 medicamina
1278 4678 1378 4761 adeb
1403 4676 1618 4787 elucescit,

190 4814 236 4872 ut
256 4786 363 4872 nulls
383 4788 566 4904 ampliori
589 4791 824 4881 discussione
845 4791 1026 4881 adversus
1047 4793 1149 4880 hanc
1176 4791 1414 4880 methodum
1434 4823 1533 4909 opus
1560 4795 1619 4879 sit.

229 4923 290 5006 (a)
314 4925 376 4990 Lib.
398 4943 430 5002 5,
447 4947 510 5010 cap.
530 4944 581 5000 17,
605 4932 651 4997 18.
833 4931 837 4940 '
953 4927 958 4936 '
