4186 5908
459 381 544 478 ass
902 363 1033 452 oa·
1077 343 1442 464 nuo-nura

454 533 506 624 ad
530 528 765 632 balneorum
789 525 1018 645 tepidorum
1033 515 1406 644 &domebicorum
1429 519 1542 608 usum
1568 551 1582 622 ς
1611 521 1716 628 hec,
1744 519 1900 608 sr'vires

455 644 836 751 ualeam-mane&
857 639 1250 756 vespenrepesmds
1275 635 1427 744 Nulla,
1451 663 1503 722 ne
1517 638 1686 749 pruritus
1703 636 1899 726 increscat

457 756 651 844 ibalneo
674 749 1162 848 exeuntibusadh-ibenda·
1179 753 1341 858 frisium
1366 749 1435 838 sed
1459 749 1541 836 leni
1569 747 1786 836 linteorum
1812 777 1896 834 non

374 937 381 952 .
460 870 675 967 calentium
693 869 946 984 appositione
961 863 1197 954 exsiccabit.¹
1208 865 1357 953 Ledus
1378 867 1518 978 inquo
1536 877 1785 982 ‘reponuntur
1800 866 1903 978 ‚aegri

416 985 736 1088 ‘nonfcrueatf
760 983 846 1073 imi>
867 974 1201 1090 tadnsincalescat.¹
1295 994 1303 1006 '
1454 1019 1464 1030 ·
1515 985 1520 998 '
1573 992 1617 1036 '·
1677 990 1696 1004 “’
1889 1050 1900 1076 ,

516 1095 593 1190 His
604 1096 781 1209 petasiis'r
791 1091 1041 1184 nondumad
1057 1087 1571 1205 topica-confugere'tutu'm
1584 1089 1650 1178 ess
1663 1085 1774 1178 Prius
1787 1089 1900 1176 enim

461 1218 505 1300 bt
524 1207 611 1294 ante
635 1209 769 1290 omnia
782 1203 889 1293 inid
905 1207 1027 1292 omni·
1047 1232 1126 1318 ope
1148 1229 1266 1314 atque
1288 1199 1407 1318 ope'rai
1430 1200 1729 1296 enitendumut
1755 1229 1898 1288 ornnes

462 1323 701 1421 secretiones
719 1316 849 1412 liberat
857 1315 1054 1420 evadant,
1072 1318 1157 1402 irnb
1174 1324 1215 1404 ὅ(
1231 1313 1450 1408 liberrima.
1468 1313 1620 1397 Verum
1638 1339 1684 1400 ut
1700 1341 1751 1398 ex
1771 1318 1901 1399 omni-

460 1433 533 1520 bus
554 1428 875 1550 depurationibus
886 1493 899 1535 ,
922 1426 991 1516 ubi
1010 1427 1095 1514 laesa
1121 1431 1194 1537 est,
1218 1453 1263 1516 ut
1288 1431 1341 1517 est
1361 1426 1565 1518 evidenter
1585 1425 1669 1516 laesa
1685 1431 1726 1512 in
1744 1421 1899 1536 scabie,

378 1550 381 1556 ’
462 1546 720 1664 perspiratio,
749 1543 838 1638 bilis
867 1551 1290 1636 &accrementum
1313 1539 1552 1629 'alvinotu'm
1568 1544 1827 1648 maximaest
1850 1541 1900 1628 ad
1945 1649 1951 1658 ,

463 1658 797 1746 mundificandarn
818 1655 1172 1762 cutemelsroaeia,
1192 1659 1309 1743 itaut
1328 1652 1377 1740 ab
1398 1651 1570 1760 ejusdem
1587 1654 1774 1744 densrtme
1788 1681 1900 1742 nota·
1929 1726 1935 1740 .

464 1776 566 1860 verit
588 1769 643 1856 Hi
701 1773 1014 1870 ocrareseutim
1031 1772 1293 1858 excrementis
1316 1770 1471 1854 onerari
1498 1799 1510 1867 ;
1542 1767 1734 1878 quidquid
1761 1763 1901 1854 contri

463 1887 616 1984 effutiat
681 1883 922 1989 elmonrius,
945 1888 998 1968 ita
1021 1882 1319 1967 medicamentis
1338 1877 1588 1966 alterantibus
1607 1882 1835 1995 resagcnda
1849 1885 1902 1968 est
1936 1877 1941 1886 ’

347 2101 350 2106 .
377 2081 382 2088 ,
465 2025 511 2082 ut
524 1997 634 2108 alvus
650 2027 732 2080 non
747 1997 971 2087 cathartic'is
987 1991 1266 2110 proturbetur‚'
1284 1993 1349 2080 sed
1365 1991 1616 2078 mollioribus
1630 1997 1901 2109 eecoprotieia

463 2110 636 2194 servetur
662 2107 801 2194 laxior.
842 2109 937 2196 Hbc
966 2137 1063 2221 ergo
1088 2108 1333 2194 advocentur
1359 2107 1525 2194 decosia
1551 2105 1774 2220 plantarum
1809 2135 1903 2223 apes

464 2225 652 2318 rientium
664 2219 873 2332 dequibus
888 2219 965 2327 jam
979 2219 1249 2334 egimusj,‘sed
1259 2228 1311 2307 de
1326 2217 1903 2334 penetrantiora&valertriora

466 2335 688 2442 reddantur.
706 2335 800 2424 Hire
813 2335 963 2422 radices
979 2334 1151 2448 lapathi,
1172 2331 1413 2439 chelidonii,
1429 2330 1554 2430 enulae
1573 2361 1769 2448 campane
1778 2393 1794 2440 ‚
1814 2331 1903 2418 bars

468 2448 603 2555 dana,
630 2448 727 2532 folia
744 2446 961 2560 borraginis
971 2509 986 2554 ,
1006 2443 1194 2532 scabiosae·
1200 2507 1216 2553 ,
1232 2446 1459 2560 agrimonia:
1466 2507 1481 2553 ,
1495 2449 1688 2566 eupaterii
1699 2508 1713 2551 ,
1732 2447 1904 2534 fumariae

467 2560 716 2672 aliorumque
746 2558 964 2670 dequibus
993 2557 1073 2665 jam
1106 2562 1259 2673 egimus
1289 2557 1460 2677 palmam
1490 2560 1637 2644 caeteris
1667 2562 1905 2676 preripiunr.

465 2673 637 2768 Additur
660 2676 744 2780 bis,
765 2703 841 2790 prae
859 2675 1007 2760 cacteris
1027 2670 1189 2779 salibus,
1215 2671 1376 2760 tartarus
1390 2668 1632 2778 vitriolatus,
1656 2698 1701 2756 ut
1718 2671 1813 2792 poti
1834 2677 1906 2783 qui
1933 2705 1938 2716 ’

468 2784 558 2903 plus
592 2783 784 2892 solvendo
816 2790 971 2902 prae'llet.
1008 2786 1168 2875 Horum
1202 2785 1469 2898 remediorum
1503 2785 1589 2893 usui
1620 2782 1905 2900 interpolantru

470 2901 684 2984 cathartica
701 2903 871 3008 quaevim
889 2901 1158 2990 efficaciorem
1173 2897 1395 2984 resolvendi
1409 2897 1627 3014 possideant
1641 2923 1763 3008 eaque
1777 2928 1903 2986 muco
1959 2998 1962 3006 Δ

470 3009 664 3096 soluendo
684 3011 856 3118 idonea,
885 3039 929 3094 ut
955 3013 1043 3104 sunt
1068 3007 1197 3124 pilulae
1213 3037 1275 3095 'ex
1294 3010 1475 3127 partibus
1493 3013 1919 3101 eusanius-restrum.
1940 3047 1945 3056 ·

499 3151 545 3206 ur
573 3120 725 3208 antibus
740 3153 834 3206 eum
851 3127 1048 3212 mercurio
1065 3121 1188 3230 dulci,
1204 3121 1459 3239 aut-panacaeri'
1472 3121 1702 3212 mercuriali
1709 3128 1906 3228 remixtis}

469 3151 532 3332 ‚bis
545 3153 670 3319 baum
685 3234 857 3350 praebenr
870 3235 1139 3350 diagrydi'um‚¹
1156 3233 1322 3353 jalappa,
1335 3239 1578 3356 turpethum,
1593 3265 1659 3322 aut
1672 3234 1781 3324 aloes
1797 3239 1909 3351 quod

469 3346 656 3447 ultimum
676 3351 716 3436 in
738 3351 784 3434 iis
808 3349 1015 3466 prasertim
1036 3352 1105 3461 qui
1123 3351 1458 3438 haemorrhoidum
1480 3349 1762 3470 suppressatum
1783 3327 1909 3472 suspi-

434 3533 436 3540 .
470 3462 590 3544 cione
610 3457 791 3546 laborant
840 3464 1042 3554 refertur..
1891 3539 1895 3548 .

527 3571 608 3660 Ubi
636 3569 714 3682 jam
744 3491 837 3658 mab
868 3577 952 3662 miti
983 3578 1159 3662 ationem
1191 3575 1454 3692 symptomata
1488 3577 1650 3692 arguere
1680 3579 1909 3690 incipiunt,

469 3689 617 3802 topicis
643 3713 753 3782 utere
776 3719 789 3788 ;
810 3683 889 3795 jam
911 3605 1040 3776 soluta
1064 3688 1151 3776 sunt
1174 3688 1267 3773 mali
1288 3690 1459 3776 uincula.
1482 3691 1627 3804 'anue
1653 3689 1911 3805 pratolienda

468 3801 561 3886 sunt
583 3803 742 3916 topica,
768 3829 972 3911 quaecum
994 3801 1214 3916 detergenti
1242 3803 1429 3890 facultate
1450 3802 1564 3888 srmul
1581 3801 1752 3890 solventi
1776 3805 1913 3892 distin·

472 3941 645 4025 guunnrr
664 3910 869 4021 efficacii,
894 3916 995 4000 inter
1014 3944 1099 4025 qua
1142 3912 1284 4001 almam
1304 3909 1411 4006 certe'
1428 3921 1652 4032 praeripiunt
1661 3920 1910 4004 mercurialis

472 4053 672 4217 unguenta
700 4027 873 4132 leniora,
886 4071 889 4078 ·
903 4057 987 4139 quae
1005 3945 1355 4138 scilicit-quartam
1380 4035 1530 4114 tantiam
1549 4033 1736 4120 mercurii
1757 4060 1911 4150 partem

475 4133 518 4218 su
549 4139 734 4253 -axungii
751 4141 977 4248 occultant,
999 4167 1167 4250 eamque
1183 4141 1358 4259 sulphuri
1372 4142 1622 4251 remiscebis,
1643 4141 1912 4232 srbreviorem

476 4249 581 4332 viam
598 4255 702 4336 inire
714 4254 870 4342 suadeat
890 4251 1027 4338 morbi
1043 4257 1257 4340 inveterata
1274 4257 1425 4342 ferocia
1443 4287 1456 4357 ς
1477 4257 1528 4344 de
1545 4285 1628 4368 quo
1643 4255 1736 4344 vide
1751 4257 1914 4343 Etrnul-

475 4355 602 4446 lerum
619 4362 716 4450 loeo
733 4365 843 4480 suprb
859 4371 994 4454 citato.
1010 4364 1185 4570 Stgphur
1197 4367 1327 4456 solum
1339 4373 1514 4484 axungiae
1530 4371 1680 4455 recenti
1697 4373 1913 4456 remixtum

477 4475 709 4604 pauperibus
728 4506 800 4592 pro
826 4507 1028 4596 unguento
1118 4481 1332 4570 admodum
1351 4481 1518 4574 salutari,
1544 4481 1701 4567 Profuit
1719 4481 1819 4598 [πρὸ
1839 4515 1913 4602 pro

478 4613 589 4667 omnr
611 4593 747 4698 topico
773 4592 822 4676 ad
844 4591 1054 4682 thermales
1128 4625 1196 4680 uas
1219 4597 1461 4712 confugere,
1484 4597 1568 4679 imo
1591 4599 1751 4681 tentatis
1776 4597 1912 4686 frustra

335 4751 339 4760 »
476 4693 683 4830 omnibus,
701 4703 787 4786 visae
809 4705 895 4791 sunt
914 4703 990 4790 illae
1007 4625 1126 4796 iasii
1227 4714 1276 4796 tis
1297 4707 1531 4797 successibus
1550 4707 1751 4817 illustrari,
1775 4713 1914 4827 praeci-

475 4809 553 4932 pue
575 4841 615 4894 ru
636 4807 709 4894 rllo
725 4823 994 4926 aegrotantium
1010 4847 1157 4936 genere
1174 4826 1241 4937 qui
1259 4820 1455 4910 indociles
1470 4821 1511 4910 se
1524 4823 1912 4954 Medicisprastant‚
