4228 5898
476 453 533 526 si
713 436 806 524 DE
852 433 1158 524 MORBIS
1199 429 1624 522 chTANEIS.

472 607 687 710 rariorem,
712 605 852 688 tnrstas
872 599 959 685 illas
976 596 1107 696 subter
1137 627 1231 711 quas
1253 602 1522 714 compingitur
1547 593 1808 713 extra-pellit.
1835 599 1914 686 So-

474 716 661 802 lidilsrmae
679 716 766 800 sunt
779 715 880 822 illa,
898 723 940 798 dt
960 739 1091 797 tamen
1105 739 1174 828 per
1187 712 1351 828 longam
1364 715 1407 796 in
1420 710 1520 822 aquai
1532 709 1914 826 tepidsmaceratio·

476 857 570 916 uem
595 835 638 914 in
658 827 795 942 gluten
815 824 1091 934 resolvuntur,
1123 826 1191 912 seu
1215 857 1392 910 mucum.
1421 823 1532 910 Hinc
1561 828 1679 908 etiarn
1703 825 1846 912 insesla
1867 833 1912 915 in
1995 924 2007 940 ‚

476 947 533 1028 eis
555 946 688 1027 crustis
699 1005 712 1049 ‚
731 940 980 1056 stpraesertim
1002 941 1131 1024 adhuc
1149 940 1422 1024 humiditatem
1446 937 1617 1050 aliquam
1631 939 1806 1046 servent,
1833 971 1911 1028 ova

477 1056 684 1172 deponunt
692 1054 941 1163 ‚muscaeque
956 1055 997 1136 in
1015 1080 1169 1138 vermes
1183 1051 1329 1137 abeunt
1347 1049 1512 1163 quibus,
1529 1078 1692 1137 notante
1706 1060 1748 1137 dt
1768 1053 1911 1249 deff

476 1167 598 1254 bente
612 1163 843 1272 Avicenntl‚
872 1163 1006 1250 ulcera
1030 1164 1218 1280 illasaepe
1242 1166 1402 1250 scatent.
1421 1163 1531 1248 Hinc
1553 1167 1672 1250 etiarn
1686 1167 1831 1280 inpeisr
1890 1200 1910 1254 s

474 1282 553 1366 illis
567 1279 765 1367 ulceribus
780 1279 901 1363 foetor
923 1277 1020 1390 sepe
1040 1281 1304 1393 corruptionis
1356 1278 1496 1363 effimae
1518 1277 1679 1363 emulus
1694 1281 1915 1366 nares'ser'n

477 1396 605 1480 odore
626 1391 797 1478 maxime
817 1391 958 1508 putido
984 1400 1026 1475 dt
1050 1392 1233 1498 foetenti,
1256 1423 1310 1475 un
1339 1392 1362 1476 ὲ
1390 1389 1623 1476 morborum
1649 1419 1910 1479 cutaneorum

475 1509 672 1594 diversrtas
690 1504 862 1614 ta'nta‚l
913 1502 1011 1589 rimrl
1024 1509 1281 1620 corruptione
1296 1507 1404 1594 muci
1419 1505 1468 1590 ad
1481 1503 1668 1590 ultimum
1680 1506 1806 1618 usque
1821 1535 1909 1590 cor·

474 1621 667 1736 ruptionis
684 1619 849 1736 gradum
866 1537 1087 1704 dpesaeviens.
1392 1624 1395 1632 ’
1746 1699 1749 1704 ,

541 1734 709 1850 Benigni
727 1733 818 1817 sunt
835 1751 923 1818 ‘nec
952 1731 1079 1818 turim
1097 1729 1285 1818 atrodunt
1294 1792 1308 1836 ,
1328 1753 1401 1814 aut
1421 1728 1489 1816 vel
1507 1729 1737 1816 levissunam
1770 1759 1909 1827 notam

474 1851 731 1964 imprimunt,
759 1849 826 1958 qui
849 1843 877 1930 ‘ir
909 1875 1031 1931 muco
1062 1848 1213 1930 recenti
1248 1870 1323 1928 nec
1360 1845 1571 1958 compasso
1596 1847 1791 1930 infantum
1821 1847 1909 1930 nas-

476 1987 618 2046 cuntur
639 1958 810 2045 ulcerofi
835 1963 879 2044 'dt
905 1961 1063 2044 crustosr
1089 1961 1262 2042 effeetus.
1288 1956 1415 2040 Levia
1438 1957 1568 2042 adhuc
1593 1985 1669 2043 nec
1692 1984 1826 2043 tamen
1850 1987 1909 2045 re·

474 2062 786 2189 bellisexpertia
808 2099 978 2179 naturae,
995 2070 1120 2184 qual
1143 2068 1353 2155 mulierum
1378 2089 1501 2176 muco
1523 2068 1652 2157 lasieo
1676 2069 1812 2156 ulcera
1822 2073 1909 2156 nas-

476 2213 619 2272 cuntur
639 2179 819 2272 crustosa.
841 2188 898 2271 At
918 2187 945 2271 st
970 2183 1274 2302 scroplrtrlosum
1298 2209 1604 2295 venereumque
1618 2181 1801 2300 jungatur
1826 2187 1909 2272 ser-

474 2322 679 2406 mentum,
705 2299 825 2384 cause
847 2299 1059 2410 sequuntur
1072 2299 1260 2383 furassit
1282 2299 1434 2406 cuique
1446 2299 1728 2413 composuiom
1741 2305 1783 2384 dt
1796 2329 1909 2386 com·

473 2409 608 2528 plexui
635 2411 837 2497 causarum
867 2415 947 2498 esto
981 2411 1175 2526 diagnosrs
1200 2439 1319 2522 quam
1346 2437 1397 2494 ex
1430 2414 1679 2525 praecognitis
1707 2415 1904 2527 primum,

474 2523 607 2639 posteir
624 2527 722 2610 verb
741 2553 790 2611 ex
807 2527 1167 2610 concomitantium
1196 2524 1504 2639 symptomatum
1529 2529 1719 2638 congerie
1741 2552 1906 2642 repetes.

474 2636 719 2754 Scrophulas
731 2664 900 2752 arguunt
913 2635 1185 2752 glandularum
1201 2640 1419 2721 vicinarum
1435 2633 1569 2720 scabra
1583 2637 1742 2722 durities
1756 2669 1769 2739 ;
1784 2667 1907 2724 vene·

474 2754 525 2836 ris
544 2751 720 2836 morsum
741 2751 1046 2866 symptomatum
1067 2750 1282 2835 concursus
1297 2749 1347 2833 ad
1362 2747 1438 2834 alia
1460 2754 1593 2834 omnia
1606 2748 1815 2836 rebellium
1828 2751 1906 2838 soli

475 2861 831 2950 obsecundantium
867 2867 1051 2950 mercurii
1081 2864 1281 2948 efficaciae.
1316 2861 1547 2976 Podagricis
1587 2866 1706 2948 mam
1738 2868 1907 2950 remita

474 2975 644 3061 evenisse
662 2975 873 3090 multiplici
887 2975 1148 3060 demonstrare
1156 2977 1315 3090 ,possem
1328 2979 1601 3091 experimento
1617 3009 1629 3078 3
1645 2978 1906 3093 podagricum

473 3086 572 3200 quid
591 3086 710 3172 inesse
729 3089 905 3173 crustolis
929 3092 971 3172 in
992 3087 1190 3173 ulceribus
1208 3087 1330 3174 docet
1344 3119 1427 3202 quae
1445 3094 1550 3204 prilrs
1574 3120 1658 3175 non
1678 3119 1907 3207 apparuerat

473 3203 650 3286 emicans
699 3199 876 3314 odagra,
899 3225 965 3286 aut
984 3232 1068 3312 quae
1093 3205 1197 3314 priris
1217 3228 1446 3317 apparuerat
1465 3208 1550 3289 tium
1574 3203 1735 3288 demirm
1755 3205 1905 3292 celsum
1962 3195 1965 3204 ¹

472 3313 642 3430 qusdam
657 3231 839 3400 sslrmenti
853 3317 896 3399 in
909 3345 1072 3400 mucum
1089 3312 1335 3430 deposrtione
1349 3341 1416 3400 aut
1431 3319 1701 3403 conversione.

540 3427 604 3512 Ex
624 3430 706 3512 hoc
727 3426 927 3514 causarum
952 3427 1148 3514 concursu
1178 3437 1220 3514 ὃ(
1243 3427 1465 3545 complexu·
1482 3428 1757 3546 intelliguntur
1780 3432 1905 3518 varie-

469 3555 573 3628 tates
594 3537 781 3626 colorum
805 3543 847 3626 in
883 3545 1053 3630 externis
1086 3539 1268 3627 ulcerum
1298 3543 1460 3628 illorum
1490 3547 1647 3651 crusiis‘,
1677 3575 1801 3658 quum
1821 3543 1904 3630 alic

468 3657 604 3742 crustae
624 3653 839 3740 albicantes
861 3657 959 3763 svnt,
988 3653 1072 3740 alia
1096 3656 1338 3770 nigrescant,
1367 3653 1451 3740 aliae
1475 3658 1711 3744 viridescant
1730 3687 1805 3773 pro
1834 3659 1904 3744 ad-

330 3873 333 3884 p
436 3859 444 3870 ,
468 3771 668 3854 nrixtione
688 3765 777 3854 bilis
794 3769 930 3876 varia,
949 3795 1022 3884 pro
1041 3768 1224 3854 fermenti
1244 3766 1310 3856 vel
1329 3774 1460 3885 putri,
1475 3770 1543 3858 vel
1565 3775 1770 3860 acescente
1795 3773 1902 3858 crasi.

468 3879 551 3968 slis
575 3879 760 3968 omnibus
779 3907 997 3966 commune
1022 3885 1142 3968 estut
1167 3883 1352 3970 sicciores
1375 3885 1418 3968 in
1436 3883 1725 3970 lemasabeant
1745 3887 1902 3986 crustae3

468 3995 530 4078 hat
550 3997 649 4082 verb
670 3993 830 4083 demum
843 3998 885 4078 in
904 3993 1053 4078 furfure
1076 4001 1119 4079 dt
1142 4022 1285 4081 tetram
1311 3995 1467 4103 albam,
1490 4023 1632 4082 terram
1651 4003 1815 4108 inquam
1842 3997 1904 4080 as-

466 4111 615 4220 ,pedm
639 4139 731 4194 narn
760 4105 886 4306 reipsl
912 4105 1133 4196 nullatenbs
1154 4135 1288 4196 terrea
1306 4111 1396 4197 sunt
1414 4110 1640 4196 firrsuraceae
1652 4109 1727 4196 illa
1741 4137 1900 4224 partes,

471 4249 556 4330 qua
578 4249 717 4306 conua
739 4221 807 4308 sali
836 4253 883 4308 us
897 4225 1096 4309 acerrimis
1113 4221 1290 4330 scatent,
1322 4225 1439 4310 itaut
1459 4226 1505 4308 iis
1527 4223 1724 4310 sevissime
1740 4222 1900 4309 assedus

469 4334 624 4438 homo,
647 4337 739 4415 curn
762 4333 859 4419 mih'i
878 4365 1006 4450 partes
1022 4335 1224 4422 ostendere
1247 4333 1371 4422 vellet
1388 4339 1572 4446 essedas,
1602 4344 1644 4423 δι
1670 4365 1737 4422 me
1761 4363 1900 4421 coram

460 4471 640 4532 mutaret
668 4445 883 4554 indusrum‚
911 4452 1178 4538 sternutationi
1197 4451 1377 4535 afficerer
1394 4453 1479 4537 acri
1499 4449 1793 4562 oculorumque
1813 4479 1901 4534 mo-

463 4557 666 4644 ·leilissimo
688 4563 850 4674 pruritu.
874 4559 956 4646 Ubi
980 4566 1078 4648 verb
1096 4565 1226 4650 crusta
1245 4564 1321 4649 illae
1347 4565 1494 4648 affatim
1518 4565 1737 4670 decidunt,
1768 4571 1810 4648 dt
1829 4591 1899 4680 pet

462 4675 649 4786 ingentes
672 4670 892 4760 moleculas
903 4737 917 4784 ‚
945 4701 1041 4760 tunc
1059 4679 1212 4792 lignum
1233 4681 1287 4766 est
1307 4675 1515 4768 desaeviiffe
1529 4679 1710 4792 causam,
1728 4673 1900 4763 sublata-

391 4852 394 4864 ,
457 4813 546 4902 que
564 4784 696 4871 radice
708 4787 892 4874 decidere
905 4815 1102 4876 murreum.
1894 4861 1897 4870 .

521 4896 689 5012 Maioris
705 4899 836 4990 multi>
855 4906 1052 4994 momenti
1072 4905 1126 4990 est
1144 4905 1195 4992 ad
1214 4907 1443 5024 prognosim
1459 4909 1503 4992 δι
1523 4905 1771 4996 cavationem
1787 4903 1900 4992 uolse'
