<?xml version="1.0" encoding="UTF-8"?>
<!DOCTYPE html PUBLIC "-//W3C//DTD XHTML 1.0 Transitional//EN"
    "http://www.w3.org/TR/xhtml1/DTD/xhtml1-transitional.dtd">
<html xmlns="http://www.w3.org/1999/xhtml" xml:lang="en" lang="en">
 <head>
  <title>
</title>
<meta http-equiv="Content-Type" content="text/html;charset=utf-8" />
  <meta name='ocr-system' content='tesseract 3.04.00' />
  <meta name='ocr-capabilities' content='ocr_page ocr_carea ocr_par ocr_line ocrx_word'/>
</head>
<body>
  <div class='ocr_page' id='page_1' title='image "./tractatusdemorb00cavegoog_0333.png"; bbox 0 0 4188 5916; ppageno 0'>
   <div class='ocr_carea' id='block_1_1' title="bbox 483 368 1472 502">
    <p class='ocr_par' dir='ltr' id='par_1_1' title="bbox 483 368 1472 502">
     <span class='ocr_line' id='line_1_1' title="bbox 483 368 1472 502; baseline -0.02 -27"><span class='ocrx_word' id='word_1_1' title='bbox 483 416 570 502; x_wconf 76' lang='lat'>3¹⁰</span> <span class='ocrx_word' id='word_1_2' title='bbox 749 385 751 390; x_wconf 79' lang='grc'><strong>’</strong></span> <span class='ocrx_word' id='word_1_3' title='bbox 852 449 854 456; x_wconf 86' lang='lat'>.</span> <span class='ocrx_word' id='word_1_4' title='bbox 934 373 1042 462; x_wconf 89' lang='lat' dir='ltr'>DE</span> <span class='ocrx_word' id='word_1_5' title='bbox 1107 368 1472 460; x_wconf 89' lang='lat' dir='ltr'>MORBIS</span> 
     </span>
    </p>
   </div>
   <div class='ocr_carea' id='block_1_2' title="bbox 385 529 1930 2356">
    <p class='ocr_par' dir='ltr' id='par_1_2' title="bbox 385 529 1930 1344">
     <span class='ocr_line' id='line_1_2' title="bbox 486 529 1929 658; baseline -0.017 -16"><span class='ocrx_word' id='word_1_6' title='bbox 486 550 624 642; x_wconf 80' lang='lat' dir='ltr'>infime</span> <span class='ocrx_word' id='word_1_7' title='bbox 647 539 860 658; x_wconf 75' lang='lat' dir='ltr'>aliquando</span> <span class='ocrx_word' id='word_1_8' title='bbox 882 539 1056 645; x_wconf 86' lang='lat' dir='ltr'>invadit,</span> <span class='ocrx_word' id='word_1_9' title='bbox 1077 538 1288 654; x_wconf 75' lang='lat' dir='ltr'>perinaeum</span> <span class='ocrx_word' id='word_1_10' title='bbox 1311 530 1521 620; x_wconf 83' lang='lat' dir='ltr'><strong>mulierum</strong></span> <span class='ocrx_word' id='word_1_11' title='bbox 1547 535 1589 617; x_wconf 73' lang='lat' dir='ltr'>dt</span> <span class='ocrx_word' id='word_1_12' title='bbox 1616 529 1795 618; x_wconf 89' lang='lat' dir='ltr'>virorum</span> <span class='ocrx_word' id='word_1_13' title='bbox 1815 531 1929 648; x_wconf 87' lang='lat' dir='ltr'>geni·</span> 
     </span>
     <span class='ocr_line' id='line_1_3' title="bbox 385 643 1929 777; baseline -0.01 -31"><span class='ocrx_word' id='word_1_14' title='bbox 385 653 388 662; x_wconf 76' lang='grc'>’</span> <span class='ocrx_word' id='word_1_15' title='bbox 490 661 582 754; x_wconf 84' lang='lat' dir='ltr'>talia</span> <span class='ocrx_word' id='word_1_16' title='bbox 596 662 745 777; x_wconf 84' lang='lat' dir='ltr'>pruritu</span> <span class='ocrx_word' id='word_1_17' title='bbox 760 656 888 742; x_wconf 84' lang='lat' dir='ltr'>feroci</span> <span class='ocrx_word' id='word_1_18' title='bbox 906 657 961 738; x_wconf 85' lang='lat' dir='ltr'>ita</span> <span class='ocrx_word' id='word_1_19' title='bbox 981 647 1137 766; x_wconf 73' lang='lat' dir='ltr'>plefflt,</span> <span class='ocrx_word' id='word_1_20' title='bbox 1155 677 1199 735; x_wconf 93' lang='lat' dir='ltr'>ut</span> <span class='ocrx_word' id='word_1_21' title='bbox 1219 647 1241 734; x_wconf 73' lang='lat' dir='ltr'>h</span> <span class='ocrx_word' id='word_1_22' title='bbox 1258 647 1471 764; x_wconf 87' lang='lat' dir='ltr'>scalpendo</span> <span class='ocrx_word' id='word_1_23' title='bbox 1492 643 1700 753; x_wconf 87' lang='lat' dir='ltr'>abstinere,</span> <span class='ocrx_word' id='word_1_24' title='bbox 1724 672 1801 730; x_wconf 92' lang='lat' dir='ltr'>nec</span> <span class='ocrx_word' id='word_1_25' title='bbox 1819 673 1929 732; x_wconf 88' lang='lat' dir='ltr'>reve·</span> 
     </span>
     <span class='ocr_line' id='line_1_4' title="bbox 489 757 1929 884; baseline -0.012 -25"><span class='ocrx_word' id='word_1_26' title='bbox 489 778 637 880; x_wconf 84' lang='lat' dir='ltr'>remia,</span> <span class='ocrx_word' id='word_1_27' title='bbox 665 800 740 856; x_wconf 91' lang='lat' dir='ltr'>nec</span> <span class='ocrx_word' id='word_1_28' title='bbox 761 768 890 884; x_wconf 87' lang='lat' dir='ltr'>pudor</span> <span class='ocrx_word' id='word_1_29' title='bbox 912 763 1104 852; x_wconf 87' lang='lat' dir='ltr'>cohibere</span> <span class='ocrx_word' id='word_1_30' title='bbox 1153 761 1280 848; x_wconf 85' lang='lat' dir='ltr'>offint.</span> <span class='ocrx_word' id='word_1_31' title='bbox 1311 762 1489 848; x_wconf 88' lang='lat' dir='ltr'>Durities</span> <span class='ocrx_word' id='word_1_32' title='bbox 1508 757 1600 844; x_wconf 87' lang='lat' dir='ltr'>calli</span> <span class='ocrx_word' id='word_1_33' title='bbox 1618 760 1735 864; x_wconf 86' lang='lat' dir='ltr'>inest,</span> <span class='ocrx_word' id='word_1_34' title='bbox 1761 757 1929 844; x_wconf 90' lang='lat' dir='ltr'>sednon</span> 
     </span>
     <span class='ocr_line' id='line_1_5' title="bbox 489 870 1928 990; baseline -0.014 -12"><span class='ocrx_word' id='word_1_35' title='bbox 489 884 592 978; x_wconf 63' lang='lat' dir='ltr'>ultre</span> <span class='ocrx_word' id='word_1_36' title='bbox 611 911 770 972; x_wconf 89' lang='lat' dir='ltr'>cutem:</span> <span class='ocrx_word' id='word_1_37' title='bbox 792 885 846 966; x_wconf 83' lang='lat' dir='ltr'>ira</span> <span class='ocrx_word' id='word_1_38' title='bbox 866 906 910 966; x_wconf 90' lang='lat' dir='ltr'>ut</span> <span class='ocrx_word' id='word_1_39' title='bbox 931 876 1034 964; x_wconf 73' lang='lat' dir='ltr'>reete</span> <span class='ocrx_word' id='word_1_40' title='bbox 1053 880 1095 964; x_wconf 91' lang='lat' dir='ltr'><strong>G</strong></span> <span class='ocrx_word' id='word_1_41' title='bbox 1118 881 1231 962; x_wconf 51' lang='lat' dir='ltr'>‘enus</span> <span class='ocrx_word' id='word_1_42' title='bbox 1246 880 1312 980; x_wconf 80' lang='lat' dir='ltr'>(a)</span> <span class='ocrx_word' id='word_1_43' title='bbox 1331 877 1511 990; x_wconf 88' lang='lat' dir='ltr'>herpetes</span> <span class='ocrx_word' id='word_1_44' title='bbox 1526 872 1625 960; x_wconf 91' lang='lat' dir='ltr'>velit</span> <span class='ocrx_word' id='word_1_45' title='bbox 1647 871 1669 956; x_wconf 78' lang='grc' dir='ltr'>ὲ</span> <span class='ocrx_word' id='word_1_46' title='bbox 1688 870 1928 988; x_wconf 76' lang='lat' dir='ltr'>phagaedenri</span> 
     </span>
     <span class='ocr_line' id='line_1_6' title="bbox 488 983 1927 1114; baseline -0.013 -27"><span class='ocrx_word' id='word_1_47' title='bbox 488 1001 696 1114; x_wconf 83' lang='lat' dir='ltr'>distingui,</span> <span class='ocrx_word' id='word_1_48' title='bbox 712 995 821 1109; x_wconf 80' lang='lat' dir='ltr'>quod</span> <span class='ocrx_word' id='word_1_49' title='bbox 832 997 916 1078; x_wconf 83' lang='lat' dir='ltr'>haec</span> <span class='ocrx_word' id='word_1_50' title='bbox 930 989 1209 1099; x_wconf 79' lang='lat' dir='ltr'>subjeeascuti</span> <span class='ocrx_word' id='word_1_51' title='bbox 1228 1015 1354 1105; x_wconf 86' lang='lat' dir='ltr'>partes</span> <span class='ocrx_word' id='word_1_52' title='bbox 1367 987 1506 1073; x_wconf 88' lang='lat' dir='ltr'>erodat</span> <span class='ocrx_word' id='word_1_53' title='bbox 1520 995 1562 1072; x_wconf 66' lang='grc' dir='ltr'>ὃ(</span> <span class='ocrx_word' id='word_1_54' title='bbox 1574 1012 1701 1072; x_wconf 85' lang='lat' dir='ltr'>vertat</span> <span class='ocrx_word' id='word_1_55' title='bbox 1710 989 1752 1068; x_wconf 93' lang='lat' dir='ltr'>in</span> <span class='ocrx_word' id='word_1_56' title='bbox 1770 983 1927 1088; x_wconf 88' lang='lat' dir='ltr'>ulcera;</span> 
     </span>
     <span class='ocr_line' id='line_1_7' title="bbox 487 1097 1930 1219; baseline -0.013 -21"><span class='ocrx_word' id='word_1_57' title='bbox 487 1117 532 1198; x_wconf 89' lang='lat' dir='ltr'>hi</span> <span class='ocrx_word' id='word_1_58' title='bbox 563 1116 660 1197; x_wconf 79' lang='lat' dir='ltr'>vero</span> <span class='ocrx_word' id='word_1_59' title='bbox 688 1136 823 1198; x_wconf 89' lang='lat' dir='ltr'>cutem</span> <span class='ocrx_word' id='word_1_60' title='bbox 853 1108 959 1219; x_wconf 88' lang='lat' dir='ltr'>quasr</span> <span class='ocrx_word' id='word_1_61' title='bbox 989 1106 1225 1192; x_wconf 83' lang='lat' dir='ltr'>destruentes</span> <span class='ocrx_word' id='word_1_62' title='bbox 1246 1100 1389 1187; x_wconf 83' lang='lat' dir='ltr'>rodant</span> <span class='ocrx_word' id='word_1_63' title='bbox 1400 1164 1416 1210; x_wconf 85' lang='lat'><em>‚</em></span> <span class='ocrx_word' id='word_1_64' title='bbox 1444 1099 1512 1185; x_wconf 90' lang='lat' dir='ltr'>sed</span> <span class='ocrx_word' id='word_1_65' title='bbox 1545 1097 1770 1186; x_wconf 85' lang='lat' dir='ltr'><strong>incolumes</strong></span> <span class='ocrx_word' id='word_1_66' title='bbox 1804 1099 1930 1190; x_wconf 88' lang='lat' dir='ltr'>smant</span> 
     </span>
     <span class='ocr_line' id='line_1_8' title="bbox 489 1219 1905 1344; baseline -0.007 -34"><span class='ocrx_word' id='word_1_67' title='bbox 489 1253 619 1344; x_wconf 81' lang='lat' dir='ltr'>partes</span> <span class='ocrx_word' id='word_1_68' title='bbox 640 1219 839 1331; x_wconf 74' lang='lat' dir='ltr'>subjeeas.</span> <span class='ocrx_word' id='word_1_69' title='bbox 1903 1293 1905 1300; x_wconf 81' lang='grc'>,</span> 
     </span>
    </p>

    <p class='ocr_par' dir='ltr' id='par_1_3' title="bbox 486 1325 1928 1997">
     <span class='ocr_line' id='line_1_9' title="bbox 532 1325 1928 1448; baseline -0.006 -25"><span class='ocrx_word' id='word_1_70' title='bbox 532 1339 635 1448; x_wconf 85' lang='lat' dir='ltr'>Quae</span> <span class='ocrx_word' id='word_1_71' title='bbox 648 1337 809 1448; x_wconf 91' lang='lat' dir='ltr'>quidem</span> <span class='ocrx_word' id='word_1_72' title='bbox 822 1332 1061 1440; x_wconf 90' lang='lat' dir='ltr'>observatio,</span> <span class='ocrx_word' id='word_1_73' title='bbox 1078 1334 1168 1415; x_wconf 83' lang='lat' dir='ltr'>cirrn</span> <span class='ocrx_word' id='word_1_74' title='bbox 1178 1358 1271 1416; x_wconf 84' lang='lat' dir='ltr'>vera</span> <span class='ocrx_word' id='word_1_75' title='bbox 1284 1337 1326 1413; x_wconf 70' lang='grc' dir='ltr'>ὅ(</span> <span class='ocrx_word' id='word_1_76' title='bbox 1338 1327 1578 1442; x_wconf 87' lang='lat' dir='ltr'>diagnostica</span> <span class='ocrx_word' id='word_1_77' title='bbox 1590 1328 1635 1411; x_wconf 90' lang='lat' dir='ltr'>srt</span> <span class='ocrx_word' id='word_1_78' title='bbox 1641 1390 1655 1434; x_wconf 91' lang='lat'>‚</span> <span class='ocrx_word' id='word_1_79' title='bbox 1668 1356 1750 1411; x_wconf 91' lang='lat' dir='ltr'>non</span> <span class='ocrx_word' id='word_1_80' title='bbox 1759 1325 1928 1444; x_wconf 88' lang='lat' dir='ltr'>impedit</span> 
     </span>
     <span class='ocr_line' id='line_1_10' title="bbox 487 1439 1928 1562; baseline -0.012 -20"><span class='ocrx_word' id='word_1_81' title='bbox 487 1477 622 1542; x_wconf 85' lang='lat' dir='ltr'>tamen</span> <span class='ocrx_word' id='word_1_82' title='bbox 671 1454 740 1534; x_wconf 92' lang='lat' dir='ltr'>uin</span> <span class='ocrx_word' id='word_1_83' title='bbox 763 1447 975 1562; x_wconf 79' lang='lat' dir='ltr'>aliquando</span> <span class='ocrx_word' id='word_1_84' title='bbox 1003 1450 1183 1560; x_wconf 84' lang='lat' dir='ltr'>herpetes</span> <span class='ocrx_word' id='word_1_85' title='bbox 1209 1441 1397 1528; x_wconf 81' lang='lat' dir='ltr'>ulcerum,</span> <span class='ocrx_word' id='word_1_86' title='bbox 1419 1441 1602 1524; x_wconf 80' lang='lat' dir='ltr'>formam&#39;</span> <span class='ocrx_word' id='word_1_87' title='bbox 1616 1439 1812 1542; x_wconf 81' lang='lat' dir='ltr'>habeanr3</span> <span class='ocrx_word' id='word_1_88' title='bbox 1836 1470 1928 1524; x_wconf 86' lang='lat' dir='ltr'>narn</span> 
     </span>
     <span class='ocr_line' id='line_1_11' title="bbox 486 1479 1928 1675; baseline -0.007 -27"><span class='ocrx_word' id='word_1_89' title='bbox 486 1567 629 1658; x_wconf 87' lang='lat' dir='ltr'>vitium</span> <span class='ocrx_word' id='word_1_90' title='bbox 644 1479 746 1648; x_wconf 84' lang='lat' dir='ltr'>illud</span> <span class='ocrx_word' id='word_1_91' title='bbox 766 1566 867 1646; x_wconf 88' lang='lat' dir='ltr'>cutis</span> <span class='ocrx_word' id='word_1_92' title='bbox 887 1559 1176 1675; x_wconf 85' lang='lat' dir='ltr'>lymphaticum</span> <span class='ocrx_word' id='word_1_93' title='bbox 1196 1583 1330 1642; x_wconf 90' lang='lat' dir='ltr'>cutem</span> <span class='ocrx_word' id='word_1_94' title='bbox 1376 1553 1464 1638; x_wconf 90' lang='lat' dir='ltr'>rodi</span> <span class='ocrx_word' id='word_1_95' title='bbox 1492 1553 1577 1637; x_wconf 71' lang='lat' dir='ltr'>inse</span> <span class='ocrx_word' id='word_1_96' title='bbox 1596 1554 1805 1662; x_wconf 88' lang='lat' dir='ltr'>addensat,</span> <span class='ocrx_word' id='word_1_97' title='bbox 1828 1554 1928 1640; x_wconf 88' lang='lat' dir='ltr'>cras·</span> 
     </span>
     <span class='ocr_line' id='line_1_12' title="bbox 487 1585 1928 1789; baseline -0.009 -24"><span class='ocrx_word' id='word_1_98' title='bbox 487 1677 570 1765; x_wconf 77' lang='lat' dir='ltr'>sam</span> <span class='ocrx_word' id='word_1_99' title='bbox 593 1675 723 1762; x_wconf 84' lang='lat' dir='ltr'>reddit</span> <span class='ocrx_word' id='word_1_100' title='bbox 743 1684 786 1764; x_wconf 68' lang='grc' dir='ltr'>ὅ(</span> <span class='ocrx_word' id='word_1_101' title='bbox 805 1679 847 1759; x_wconf 88' lang='lat' dir='ltr'>in</span> <span class='ocrx_word' id='word_1_102' title='bbox 869 1703 1059 1789; x_wconf 87' lang='lat' dir='ltr'>magnam.</span> <span class='ocrx_word' id='word_1_103' title='bbox 1075 1669 1227 1757; x_wconf 89' lang='lat' dir='ltr'>molem</span> <span class='ocrx_word' id='word_1_104' title='bbox 1246 1585 1428 1774; x_wconf 68' lang='lat' dir='ltr'>excolit,</span> <span class='ocrx_word' id='word_1_105' title='bbox 1448 1585 1585 1751; x_wconf 57' lang='lat' dir='ltr'>&lt;duam</span> <span class='ocrx_word' id='word_1_106' title='bbox 1607 1695 1725 1778; x_wconf 90' lang='lat' dir='ltr'>atque</span> <span class='ocrx_word' id='word_1_107' title='bbox 1742 1667 1928 1782; x_wconf 86' lang='lat' dir='ltr'>elephan-</span> 
     </span>
     <span class='ocr_line' id='line_1_13' title="bbox 486 1780 1926 1905; baseline -0.008 -27"><span class='ocrx_word' id='word_1_108' title='bbox 486 1795 638 1897; x_wconf 83' lang='lat' dir='ltr'>ticam,</span> <span class='ocrx_word' id='word_1_109' title='bbox 667 1793 707 1874; x_wconf 87' lang='lat' dir='ltr'>in</span> <span class='ocrx_word' id='word_1_110' title='bbox 736 1786 813 1901; x_wconf 71' lang='lat' dir='ltr'>qud</span> <span class='ocrx_word' id='word_1_111' title='bbox 840 1789 1073 1905; x_wconf 88' lang='lat' dir='ltr'>proserpunt</span> <span class='ocrx_word' id='word_1_112' title='bbox 1099 1784 1255 1890; x_wconf 88' lang='lat' dir='ltr'>ulcera,</span> <span class='ocrx_word' id='word_1_113' title='bbox 1284 1785 1410 1896; x_wconf 81' lang='lat' dir='ltr'>magio</span> <span class='ocrx_word' id='word_1_114' title='bbox 1434 1806 1566 1866; x_wconf 89' lang='lat' dir='ltr'>tamen</span> <span class='ocrx_word' id='word_1_115' title='bbox 1590 1781 1784 1868; x_wconf 84' lang='lat' dir='ltr'>adlatera</span> <span class='ocrx_word' id='word_1_116' title='bbox 1806 1780 1926 1896; x_wconf 72' lang='lat' dir='ltr'>quim</span> 
     </span>
     <span class='ocr_line' id='line_1_14' title="bbox 486 1901 1684 1997; baseline -0.01 -10"><span class='ocrx_word' id='word_1_117' title='bbox 486 1909 530 1997; x_wconf 82' lang='lat' dir='ltr'>in</span> <span class='ocrx_word' id='word_1_118' title='bbox 582 1901 811 1986; x_wconf 90' lang='lat' dir='ltr'>rosundum.</span> <span class='ocrx_word' id='word_1_119' title='bbox 974 1983 976 1989; x_wconf 14' lang='grc' dir='ltr'><strong>Α</strong></span> <span class='ocrx_word' id='word_1_120' title='bbox 1682 1902 1684 1906; x_wconf 80' lang='grc'><strong>’</strong></span> 
     </span>
    </p>

    <p class='ocr_par' dir='ltr' id='par_1_4' title="bbox 486 1935 1926 2356">
     <span class='ocr_line' id='line_1_15' title="bbox 543 1935 1925 2126; baseline -0.004 -26"><span class='ocrx_word' id='word_1_121' title='bbox 543 1935 608 2100; x_wconf 55' lang='grc' dir='ltr'>ἐκ</span> <span class='ocrx_word' id='word_1_122' title='bbox 632 2012 708 2099; x_wconf 79' lang='lat' dir='ltr'>haic</span> <span class='ocrx_word' id='word_1_123' title='bbox 735 2013 846 2098; x_wconf 91' lang='lat' dir='ltr'>brevi</span> <span class='ocrx_word' id='word_1_124' title='bbox 871 2012 1134 2126; x_wconf 86' lang='lat' dir='ltr'>descriptione</span> <span class='ocrx_word' id='word_1_125' title='bbox 1158 2008 1328 2124; x_wconf 84' lang='lat' dir='ltr'>intelligi</span> <span class='ocrx_word' id='word_1_126' title='bbox 1352 2011 1477 2125; x_wconf 89' lang='lat' dir='ltr'>potest</span> <span class='ocrx_word' id='word_1_127' title='bbox 1502 2035 1603 2120; x_wconf 92' lang='lat' dir='ltr'>quot</span> <span class='ocrx_word' id='word_1_128' title='bbox 1626 2015 1668 2093; x_wconf 73' lang='lat' dir='ltr'>dt</span> <span class='ocrx_word' id='word_1_129' title='bbox 1689 2005 1822 2118; x_wconf 87' lang='lat' dir='ltr'>qualia</span> <span class='ocrx_word' id='word_1_130' title='bbox 1842 2033 1925 2094; x_wconf 87' lang='lat' dir='ltr'>tor·</span> 
     </span>
     <span class='ocr_line' id='line_1_16' title="bbox 487 2120 1926 2236; baseline -0.008 -18"><span class='ocrx_word' id='word_1_131' title='bbox 487 2155 622 2218; x_wconf 87' lang='lat' dir='ltr'>menta</span> <span class='ocrx_word' id='word_1_132' title='bbox 645 2154 716 2212; x_wconf 89' lang='lat' dir='ltr'>eos</span> <span class='ocrx_word' id='word_1_133' title='bbox 744 2153 927 2212; x_wconf 87' lang='lat' dir='ltr'>maneant</span> <span class='ocrx_word' id='word_1_134' title='bbox 948 2129 1017 2236; x_wconf 93' lang='lat' dir='ltr'>qui</span> <span class='ocrx_word' id='word_1_135' title='bbox 1042 2121 1153 2206; x_wconf 90' lang='lat' dir='ltr'>mille</span> <span class='ocrx_word' id='word_1_136' title='bbox 1176 2123 1270 2207; x_wconf 88' lang='lat' dir='ltr'>talia</span> <span class='ocrx_word' id='word_1_137' title='bbox 1291 2120 1427 2208; x_wconf 89' lang='lat' dir='ltr'>ulcera</span> <span class='ocrx_word' id='word_1_138' title='bbox 1449 2127 1491 2207; x_wconf 95' lang='lat' dir='ltr'>in</span> <span class='ocrx_word' id='word_1_139' title='bbox 1541 2148 1623 2206; x_wconf 89' lang='lat' dir='ltr'>arte</span> <span class='ocrx_word' id='word_1_140' title='bbox 1645 2122 1818 2206; x_wconf 72' lang='lat' dir='ltr'>maximi:</span> <span class='ocrx_word' id='word_1_141' title='bbox 1842 2151 1926 2208; x_wconf 87' lang='lat' dir='ltr'>ner·</span> 
     </span>
     <span class='ocr_line' id='line_1_17' title="bbox 486 2151 1925 2356; baseline -0.008 -26"><span class='ocrx_word' id='word_1_142' title='bbox 486 2239 561 2330; x_wconf 74' lang='lat' dir='ltr'>veit</span> <span class='ocrx_word' id='word_1_143' title='bbox 585 2244 865 2356; x_wconf 84' lang='lat' dir='ltr'>experiuntur,</span> <span class='ocrx_word' id='word_1_144' title='bbox 895 2243 1082 2351; x_wconf 75' lang='lat' dir='ltr'>quantum</span> <span class='ocrx_word' id='word_1_145' title='bbox 1111 2235 1240 2321; x_wconf 90' lang='lat' dir='ltr'>sensus</span> <span class='ocrx_word' id='word_1_146' title='bbox 1267 2235 1436 2320; x_wconf 91' lang='lat' dir='ltr'>obtundi</span> <span class='ocrx_word' id='word_1_147' title='bbox 1459 2151 1627 2320; x_wconf 52' lang='lat' dir='ltr'>degeam</span> <span class='ocrx_word' id='word_1_148' title='bbox 1651 2243 1693 2320; x_wconf 86' lang='lat'>&amp;</span> <span class='ocrx_word' id='word_1_149' title='bbox 1715 2237 1823 2346; x_wconf 85' lang='lat' dir='ltr'>quasi</span> <span class='ocrx_word' id='word_1_150' title='bbox 1851 2236 1925 2320; x_wconf 91' lang='lat' dir='ltr'>ob·</span> 
     </span>
    </p>
   </div>
   <div class='ocr_carea' id='block_1_3' title="bbox 485 2347 1972 3002">
    <p class='ocr_par' dir='ltr' id='par_1_5' title="bbox 485 2347 1972 3002">
     <span class='ocr_line' id='line_1_18' title="bbox 485 2347 1925 2465; baseline -0.006 -23"><span class='ocrx_word' id='word_1_151' title='bbox 485 2355 730 2454; x_wconf 84' lang='lat' dir='ltr'>surdescere,</span> <span class='ocrx_word' id='word_1_152' title='bbox 750 2355 930 2465; x_wconf 76' lang='lat' dir='ltr'>adeoque</span> <span class='ocrx_word' id='word_1_153' title='bbox 950 2356 1141 2463; x_wconf 77' lang='lat' dir='ltr'>quantum</span> <span class='ocrx_word' id='word_1_154' title='bbox 1161 2348 1350 2464; x_wconf 83' lang='lat' dir='ltr'>analogiae</span> <span class='ocrx_word' id='word_1_155' title='bbox 1372 2347 1527 2434; x_wconf 89' lang='lat' dir='ltr'>servent</span> <span class='ocrx_word' id='word_1_156' title='bbox 1545 2351 1724 2465; x_wconf 85' lang='lat' dir='ltr'>herpetes</span> <span class='ocrx_word' id='word_1_157' title='bbox 1739 2347 1925 2462; x_wconf 71' lang='lat' dir='ltr'>phlysioe·</span> 
     </span>
     <span class='ocr_line' id='line_1_19' title="bbox 485 2461 1924 2584; baseline -0.002 -32"><span class='ocrx_word' id='word_1_158' title='bbox 485 2468 611 2554; x_wconf 81' lang='lat' dir='ltr'>nodes</span> <span class='ocrx_word' id='word_1_159' title='bbox 624 2531 639 2575; x_wconf 94' lang='lat'><strong><em>,</em></strong></span> <span class='ocrx_word' id='word_1_160' title='bbox 674 2469 741 2552; x_wconf 89' lang='lat' dir='ltr'>seu</span> <span class='ocrx_word' id='word_1_161' title='bbox 767 2466 1036 2584; x_wconf 86' lang='lat' dir='ltr'>phagaedenici</span> <span class='ocrx_word' id='word_1_162' title='bbox 1057 2495 1151 2549; x_wconf 92' lang='lat' dir='ltr'>cum</span> <span class='ocrx_word' id='word_1_163' title='bbox 1176 2461 1327 2547; x_wconf 87' lang='lat' dir='ltr'>morbis</span> <span class='ocrx_word' id='word_1_164' title='bbox 1353 2492 1450 2547; x_wconf 91' lang='lat' dir='ltr'>mox</span> <span class='ocrx_word' id='word_1_165' title='bbox 1481 2461 1745 2573; x_wconf 80' lang='lat' dir='ltr'>describendis</span> <span class='ocrx_word' id='word_1_166' title='bbox 1758 2524 1774 2568; x_wconf 92' lang='lat'><em>,</em></span> <span class='ocrx_word' id='word_1_167' title='bbox 1809 2468 1924 2549; x_wconf 81' lang='lat' dir='ltr'>variis</span> 
     </span>
     <span class='ocr_line' id='line_1_20' title="bbox 487 2575 1925 2698; baseline -0.006 -30"><span class='ocrx_word' id='word_1_168' title='bbox 487 2580 642 2668; x_wconf 72' lang='lat' dir='ltr'>scilicet</span> <span class='ocrx_word' id='word_1_169' title='bbox 657 2579 852 2698; x_wconf 86' lang='lat' dir='ltr'>leprarum</span> <span class='ocrx_word' id='word_1_170' title='bbox 871 2578 1075 2695; x_wconf 87' lang='lat' dir='ltr'>speciebus</span> <span class='ocrx_word' id='word_1_171' title='bbox 1095 2613 1104 2661; x_wconf 92' lang='lat'>:</span> <span class='ocrx_word' id='word_1_172' title='bbox 1129 2581 1269 2662; x_wconf 77' lang='lat' dir='ltr'>verum</span> <span class='ocrx_word' id='word_1_173' title='bbox 1288 2576 1331 2662; x_wconf 92' lang='lat' dir='ltr'>id</span> <span class='ocrx_word' id='word_1_174' title='bbox 1344 2579 1496 2688; x_wconf 88' lang='lat' dir='ltr'>herpeti</span> <span class='ocrx_word' id='word_1_175' title='bbox 1510 2579 1629 2660; x_wconf 91' lang='lat' dir='ltr'>eriam</span> <span class='ocrx_word' id='word_1_176' title='bbox 1643 2575 1925 2690; x_wconf 82' lang='lat' dir='ltr'>phagaedenico</span> 
     </span>
     <span class='ocr_line' id='line_1_21' title="bbox 488 2687 1925 2807; baseline -0.007 -23"><span class='ocrx_word' id='word_1_177' title='bbox 488 2725 583 2784; x_wconf 84' lang='lat' dir='ltr'>curn</span> <span class='ocrx_word' id='word_1_178' title='bbox 608 2691 767 2807; x_wconf 89' lang='lat' dir='ltr'>reliquis</span> <span class='ocrx_word' id='word_1_179' title='bbox 793 2721 1008 2780; x_wconf 90' lang='lat' dir='ltr'>commune</span> <span class='ocrx_word' id='word_1_180' title='bbox 1036 2695 1110 2798; x_wconf 86' lang='lat' dir='ltr'>est,</span> <span class='ocrx_word' id='word_1_181' title='bbox 1136 2717 1182 2776; x_wconf 90' lang='lat' dir='ltr'>ut</span> <span class='ocrx_word' id='word_1_182' title='bbox 1205 2689 1417 2803; x_wconf 79' lang='lat' dir='ltr'>aliquando</span> <span class='ocrx_word' id='word_1_183' title='bbox 1440 2687 1618 2774; x_wconf 88' lang='lat' dir='ltr'>videatur</span> <span class='ocrx_word' id='word_1_184' title='bbox 1641 2689 1925 2776; x_wconf 86' lang='lat' dir='ltr'>mansuescere.</span> 
     </span>
     <span class='ocr_line' id='line_1_22' title="bbox 487 2800 1972 3002; baseline -0.003 -110"><span class='ocrx_word' id='word_1_185' title='bbox 487 2807 676 2894; x_wconf 71' lang='lat' dir='ltr'>Praeclare</span> <span class='ocrx_word' id='word_1_186' title='bbox 704 2808 840 2894; x_wconf 91' lang='lat' dir='ltr'>secum</span> <span class='ocrx_word' id='word_1_187' title='bbox 870 2810 934 3002; x_wconf 74' lang='lat' dir='ltr'>agi</span> <span class='ocrx_word' id='word_1_188' title='bbox 962 2804 1107 2890; x_wconf 88' lang='lat' dir='ltr'>clamat</span> <span class='ocrx_word' id='word_1_189' title='bbox 1133 2832 1264 2919; x_wconf 85' lang='lat' dir='ltr'>aeger,</span> <span class='ocrx_word' id='word_1_190' title='bbox 1291 2800 1558 2913; x_wconf 86' lang='lat' dir='ltr'>morbumque</span> <span class='ocrx_word' id='word_1_191' title='bbox 1585 2833 1683 2886; x_wconf 87' lang='lat' dir='ltr'>mox</span> <span class='ocrx_word' id='word_1_192' title='bbox 1705 2802 1927 2888; x_wconf 84' lang='lat' dir='ltr'>finiendum</span> <span class='ocrx_word' id='word_1_193' title='bbox 1968 2825 1972 2832; x_wconf 85' lang='grc'><em>“</em></span> 
     </span>
    </p>
   </div>
   <div class='ocr_carea' id='block_1_4' title="bbox 485 2913 2061 4952">
    <p class='ocr_par' dir='ltr' id='par_1_6' title="bbox 485 2913 2061 4952">
     <span class='ocr_line' id='line_1_23' title="bbox 485 2913 1925 3030; baseline -0.005 -22"><span class='ocrx_word' id='word_1_194' title='bbox 485 2920 629 3008; x_wconf 75' lang='lat' dir='ltr'>saevitiri</span> <span class='ocrx_word' id='word_1_195' title='bbox 647 2921 802 3026; x_wconf 89' lang='lat' dir='ltr'>dirum,</span> <span class='ocrx_word' id='word_1_196' title='bbox 830 2921 886 3004; x_wconf 87' lang='lat' dir='ltr'>foe</span> <span class='ocrx_word' id='word_1_197' title='bbox 915 2923 1010 3004; x_wconf 92' lang='lat' dir='ltr'>itate</span> <span class='ocrx_word' id='word_1_198' title='bbox 1033 2919 1297 3025; x_wconf 90' lang='lat' dir='ltr'>horrendum,</span> <span class='ocrx_word' id='word_1_199' title='bbox 1324 2915 1394 3001; x_wconf 88' lang='lat' dir='ltr'>srbi</span> <span class='ocrx_word' id='word_1_200' title='bbox 1413 2915 1646 3030; x_wconf 85' lang='lat' dir='ltr'>gratulatur,</span> <span class='ocrx_word' id='word_1_201' title='bbox 1673 2921 1766 3001; x_wconf 83' lang='lat' dir='ltr'>cirm</span> <span class='ocrx_word' id='word_1_202' title='bbox 1784 2913 1925 3024; x_wconf 80' lang='lat' dir='ltr'>illico,</span> 
     </span>
     <span class='ocr_line' id='line_1_24' title="bbox 489 3027 1926 3144; baseline -0.001 -27"><span class='ocrx_word' id='word_1_203' title='bbox 489 3035 595 3144; x_wconf 83' lang='lat' dir='ltr'>quast</span> <span class='ocrx_word' id='word_1_204' title='bbox 610 3061 660 3118; x_wconf 85' lang='lat' dir='ltr'>ex</span> <span class='ocrx_word' id='word_1_205' title='bbox 674 3033 839 3137; x_wconf 85' lang='lat' dir='ltr'>insrdiis,</span> <span class='ocrx_word' id='word_1_206' title='bbox 860 3035 974 3116; x_wconf 86' lang='lat' dir='ltr'>novis</span> <span class='ocrx_word' id='word_1_207' title='bbox 990 3029 1138 3116; x_wconf 90' lang='lat' dir='ltr'>viribus</span> <span class='ocrx_word' id='word_1_208' title='bbox 1155 3029 1284 3116; x_wconf 89' lang='lat' dir='ltr'>cutim</span> <span class='ocrx_word' id='word_1_209' title='bbox 1295 3030 1491 3137; x_wconf 87' lang='lat' dir='ltr'>adoritur,</span> <span class='ocrx_word' id='word_1_210' title='bbox 1513 3030 1537 3113; x_wconf 91' lang='lat' dir='ltr'>s</span> <span class='ocrx_word' id='word_1_211' title='bbox 1557 3056 1700 3141; x_wconf 89' lang='lat' dir='ltr'>emque</span> <span class='ocrx_word' id='word_1_212' title='bbox 1714 3027 1926 3116; x_wconf 79' lang='lat' dir='ltr'>levationis</span> 
     </span>
     <span class='ocr_line' id='line_1_25' title="bbox 486 3060 2061 3262; baseline 0.001 -33"><span class='ocrx_word' id='word_1_213' title='bbox 486 3147 665 3262; x_wconf 67' lang='lat' dir='ltr'>praeripit.</span> <span class='ocrx_word' id='word_1_214' title='bbox 695 3145 742 3228; x_wconf 95' lang='lat' dir='ltr'>Id</span> <span class='ocrx_word' id='word_1_215' title='bbox 760 3141 966 3250; x_wconf 86' lang='lat' dir='ltr'>juvenibus</span> <span class='ocrx_word' id='word_1_216' title='bbox 1017 3143 1183 3258; x_wconf 75' lang='lat' dir='ltr'>raecipui:</span> <span class='ocrx_word' id='word_1_217' title='bbox 1207 3144 1385 3246; x_wconf 77' lang='lat' dir='ltr'>accidit3</span> <span class='ocrx_word' id='word_1_218' title='bbox 1408 3171 1499 3225; x_wconf 89' lang='lat' dir='ltr'>nam</span> <span class='ocrx_word' id='word_1_219' title='bbox 1518 3060 1673 3228; x_wconf 64' lang='lat' dir='ltr'>ltlnibus</span> <span class='ocrx_word' id='word_1_220' title='bbox 1694 3139 1792 3226; x_wconf 87' lang='lat' dir='ltr'>mali</span> <span class='ocrx_word' id='word_1_221' title='bbox 1814 3143 1926 3228; x_wconf 83' lang='lat' dir='ltr'>cons·</span> <span class='ocrx_word' id='word_1_222' title='bbox 2055 3213 2061 3230; x_wconf 92' lang='lat'>.</span> 
     </span>
     <span class='ocr_line' id='line_1_26' title="bbox 488 3174 1926 3367; baseline -0.002 -23"><span class='ocrx_word' id='word_1_223' title='bbox 488 3262 635 3344; x_wconf 89' lang='lat' dir='ltr'>tantior</span> <span class='ocrx_word' id='word_1_224' title='bbox 667 3285 807 3341; x_wconf 87' lang='lat' dir='ltr'>norma</span> <span class='ocrx_word' id='word_1_225' title='bbox 845 3174 1052 3343; x_wconf 74' lang='lat' dir='ltr'>incumdlt.</span> <span class='ocrx_word' id='word_1_226' title='bbox 1088 3261 1145 3341; x_wconf 88' lang='lat' dir='ltr'>Ar</span> <span class='ocrx_word' id='word_1_227' title='bbox 1179 3254 1341 3363; x_wconf 85' lang='lat' dir='ltr'>juvenes</span> <span class='ocrx_word' id='word_1_228' title='bbox 1370 3257 1454 3343; x_wconf 93' lang='lat' dir='ltr'>vidi</span> <span class='ocrx_word' id='word_1_229' title='bbox 1486 3256 1591 3367; x_wconf 87' lang='lat' dir='ltr'>quasr</span> <span class='ocrx_word' id='word_1_230' title='bbox 1619 3253 1926 3358; x_wconf 86' lang='lat' dir='ltr'>convalescere;</span> 
     </span>
     <span class='ocr_line' id='line_1_27' title="bbox 488 3367 1926 3487; baseline -0.003 -28"><span class='ocrx_word' id='word_1_231' title='bbox 488 3375 591 3459; x_wconf 90' lang='lat' dir='ltr'>cutis</span> <span class='ocrx_word' id='word_1_232' title='bbox 619 3368 829 3486; x_wconf 86' lang='lat' dir='ltr'>subaspera-</span> <span class='ocrx_word' id='word_1_233' title='bbox 851 3368 1059 3476; x_wconf 82' lang='lat' dir='ltr'>manebat,</span> <span class='ocrx_word' id='word_1_234' title='bbox 1085 3398 1163 3456; x_wconf 88' lang='lat' dir='ltr'>nec</span> <span class='ocrx_word' id='word_1_235' title='bbox 1189 3370 1351 3456; x_wconf 87' lang='lat' dir='ltr'>deerant</span> <span class='ocrx_word' id='word_1_236' title='bbox 1377 3367 1612 3487; x_wconf 85' lang='lat' dir='ltr'>pustularum</span> <span class='ocrx_word' id='word_1_237' title='bbox 1636 3371 1798 3483; x_wconf 87' lang='lat' dir='ltr'>vestigia</span> <span class='ocrx_word' id='word_1_238' title='bbox 1828 3404 1838 3454; x_wconf 75' lang='grc' dir='ltr'><strong>ε</strong></span> <span class='ocrx_word' id='word_1_239' title='bbox 1868 3372 1926 3454; x_wconf 78' lang='lat' dir='ltr'>he</span> 
     </span>
     <span class='ocr_line' id='line_1_28' title="bbox 486 3482 1924 3598; baseline -0.003 -26"><span class='ocrx_word' id='word_1_240' title='bbox 486 3514 538 3576; x_wconf 84' lang='lat' dir='ltr'>ex</span> <span class='ocrx_word' id='word_1_241' title='bbox 558 3489 613 3570; x_wconf 92' lang='lat' dir='ltr'>im</span> <span class='ocrx_word' id='word_1_242' title='bbox 642 3483 775 3569; x_wconf 93' lang='lat' dir='ltr'>roviso</span> <span class='ocrx_word' id='word_1_243' title='bbox 796 3492 838 3569; x_wconf 67' lang='grc' dir='ltr'>ὃ(</span> <span class='ocrx_word' id='word_1_244' title='bbox 856 3486 935 3570; x_wconf 90' lang='lat' dir='ltr'>sme</span> <span class='ocrx_word' id='word_1_245' title='bbox 951 3482 1032 3568; x_wconf 69' lang='lat' dir='ltr'>ulle</span> <span class='ocrx_word' id='word_1_246' title='bbox 1045 3513 1118 3598; x_wconf 93' lang='lat' dir='ltr'>pro</span> <span class='ocrx_word' id='word_1_247' title='bbox 1147 3485 1226 3569; x_wconf 87' lang='lat' dir='ltr'>hasr</span> <span class='ocrx_word' id='word_1_248' title='bbox 1241 3485 1422 3578; x_wconf 80' lang='lat' dir='ltr'>rediviva</span> <span class='ocrx_word' id='word_1_249' title='bbox 1434 3544 1449 3589; x_wconf 87' lang='lat'><em>‚</em></span> <span class='ocrx_word' id='word_1_250' title='bbox 1470 3483 1632 3568; x_wconf 84' lang='lat' dir='ltr'>miseros</span> <span class='ocrx_word' id='word_1_251' title='bbox 1653 3489 1693 3566; x_wconf 69' lang='grc' dir='ltr'>ὃ(</span> <span class='ocrx_word' id='word_1_252' title='bbox 1715 3486 1924 3569; x_wconf 77' lang='lat' dir='ltr'>tormentis</span> 
     </span>
     <span class='ocr_line' id='line_1_29' title="bbox 487 3515 1925 3712; baseline -0.003 -26"><span class='ocrx_word' id='word_1_253' title='bbox 487 3515 718 3686; x_wconf 75' lang='lat' dir='ltr'>crucialam</span> <span class='ocrx_word' id='word_1_254' title='bbox 735 3606 777 3682; x_wconf 72' lang='grc' dir='ltr'>ὃ(</span> <span class='ocrx_word' id='word_1_255' title='bbox 824 3596 1050 3684; x_wconf 87' lang='lat' dir='ltr'>roterebant</span> <span class='ocrx_word' id='word_1_256' title='bbox 1068 3515 1523 3712; x_wconf 65' lang='lat' dir='ltr'>desperatione.&#39;Fomes</span> <span class='ocrx_word' id='word_1_257' title='bbox 1542 3595 1694 3681; x_wconf 72' lang='lat' dir='ltr'>scilicet</span> <span class='ocrx_word' id='word_1_258' title='bbox 1709 3598 1814 3682; x_wconf 81' lang='lat' dir='ltr'>inrirs</span> <span class='ocrx_word' id='word_1_259' title='bbox 1837 3597 1925 3682; x_wconf 80' lang='lat' dir='ltr'>ade-</span> 
     </span>
     <span class='ocr_line' id='line_1_30' title="bbox 487 3629 1921 3827; baseline -0.004 -25"><span class='ocrx_word' id='word_1_260' title='bbox 487 3742 548 3802; x_wconf 87' lang='lat' dir='ltr'>rat</span> <span class='ocrx_word' id='word_1_261' title='bbox 576 3717 618 3797; x_wconf 89' lang='lat' dir='ltr'>in</span> <span class='ocrx_word' id='word_1_262' title='bbox 647 3629 921 3827; x_wconf 56' lang='lat' dir='ltr'>glandussrum</span> <span class='ocrx_word' id='word_1_263' title='bbox 949 3713 1064 3798; x_wconf 90' lang='lat' dir='ltr'>nodis</span> <span class='ocrx_word' id='word_1_264' title='bbox 1089 3710 1284 3827; x_wconf 84' lang='lat' dir='ltr'>implexus</span> <span class='ocrx_word' id='word_1_265' title='bbox 1307 3720 1349 3796; x_wconf 77' lang='lat' dir='ltr'>lit</span> <span class='ocrx_word' id='word_1_266' title='bbox 1371 3714 1502 3820; x_wconf 80' lang='lat' dir='ltr'>inere3</span> <span class='ocrx_word' id='word_1_267' title='bbox 1528 3709 1655 3825; x_wconf 89' lang='lat' dir='ltr'>ipsum</span> <span class='ocrx_word' id='word_1_268' title='bbox 1676 3711 1921 3818; x_wconf 85' lang='lat' dir='ltr'>medicatio,</span> 
     </span>
     <span class='ocr_line' id='line_1_31' title="bbox 485 3823 1924 3942; baseline -0.004 -28"><span class='ocrx_word' id='word_1_269' title='bbox 485 3853 554 3914; x_wconf 81' lang='lat' dir='ltr'>aut</span> <span class='ocrx_word' id='word_1_270' title='bbox 579 3823 701 3912; x_wconf 77' lang='lat' dir='ltr'>solitis</span> <span class='ocrx_word' id='word_1_271' title='bbox 726 3852 868 3921; x_wconf 73' lang='lat' dir='ltr'>nature¹</span> <span class='ocrx_word' id='word_1_272' title='bbox 887 3829 946 3909; x_wconf 82' lang='lat' dir='ltr'>vie</span> <span class='ocrx_word' id='word_1_273' title='bbox 973 3825 1023 3910; x_wconf 84' lang='lat' dir='ltr'>ad</span> <span class='ocrx_word' id='word_1_274' title='bbox 1051 3854 1184 3912; x_wconf 87' lang='lat' dir='ltr'>cutem</span> <span class='ocrx_word' id='word_1_275' title='bbox 1214 3852 1431 3942; x_wconf 82' lang='lat' dir='ltr'>perpetres</span> <span class='ocrx_word' id='word_1_276' title='bbox 1458 3823 1598 3910; x_wconf 73' lang='lat' dir='ltr'>defert</span> <span class='ocrx_word' id='word_1_277' title='bbox 1624 3827 1775 3936; x_wconf 88' lang='lat' dir='ltr'>Atqui</span> <span class='ocrx_word' id='word_1_278' title='bbox 1802 3826 1924 3908; x_wconf 85' lang='lat' dir='ltr'>aesiate</span> 
     </span>
     <span class='ocr_line' id='line_1_32' title="bbox 485 3936 1922 4057; baseline -0.002 -32"><span class='ocrx_word' id='word_1_279' title='bbox 485 3940 692 4054; x_wconf 85' lang='lat' dir='ltr'>praesertim</span> <span class='ocrx_word' id='word_1_280' title='bbox 708 3940 959 4057; x_wconf 82' lang='lat' dir='ltr'>experiuntur</span> <span class='ocrx_word' id='word_1_281' title='bbox 972 3938 1116 4024; x_wconf 82' lang='lat' dir='ltr'>srmiles</span> <span class='ocrx_word' id='word_1_282' title='bbox 1138 3944 1321 4054; x_wconf 84' lang='lat' dir='ltr'>herpetes</span> <span class='ocrx_word' id='word_1_283' title='bbox 1340 3942 1484 4050; x_wconf 88' lang='lat' dir='ltr'>hyeme</span> <span class='ocrx_word' id='word_1_284' title='bbox 1499 3936 1712 4023; x_wconf 82' lang='lat' dir='ltr'>visceribus</span> <span class='ocrx_word' id='word_1_285' title='bbox 1733 3963 1922 4046; x_wconf 85' lang='lat' dir='ltr'>caveant,</span> 
     </span>
     <span class='ocr_line' id='line_1_33' title="bbox 486 4051 1925 4169; baseline -0.001 -33"><span class='ocrx_word' id='word_1_286' title='bbox 486 4059 640 4139; x_wconf 87' lang='lat' dir='ltr'>namin</span> <span class='ocrx_word' id='word_1_287' title='bbox 664 4081 753 4140; x_wconf 91' lang='lat' dir='ltr'>tuto</span> <span class='ocrx_word' id='word_1_288' title='bbox 779 4081 849 4169; x_wconf 90' lang='lat' dir='ltr'>per</span> <span class='ocrx_word' id='word_1_289' title='bbox 863 4053 1039 4137; x_wconf 72' lang='lat' dir='ltr'>⁴aestatem</span> <span class='ocrx_word' id='word_1_290' title='bbox 1066 4055 1181 4168; x_wconf 87' lang='lat' dir='ltr'>posrti</span> <span class='ocrx_word' id='word_1_291' title='bbox 1203 4055 1355 4139; x_wconf 88' lang='lat' dir='ltr'>hostem</span> <span class='ocrx_word' id='word_1_292' title='bbox 1376 4056 1522 4164; x_wconf 86' lang='lat' dir='ltr'>hyeme</span> <span class='ocrx_word' id='word_1_293' title='bbox 1544 4055 1647 4136; x_wconf 77' lang='lat' dir='ltr'>intus</span> <span class='ocrx_word' id='word_1_294' title='bbox 1669 4051 1925 4136; x_wconf 87' lang='lat' dir='ltr'>reconditum</span> 
     </span>
     <span class='ocr_line' id='line_1_34' title="bbox 487 4163 1926 4364; baseline -0.001 -112"><span class='ocrx_word' id='word_1_295' title='bbox 487 4164 685 4364; x_wconf 62' lang='lat' dir='ltr'>pilervant.</span> <span class='ocrx_word' id='word_1_296' title='bbox 710 4169 798 4280; x_wconf 89' lang='lat' dir='ltr'>Qui</span> <span class='ocrx_word' id='word_1_297' title='bbox 815 4166 987 4281; x_wconf 75' lang='lat' dir='ltr'>quandiu</span> <span class='ocrx_word' id='word_1_298' title='bbox 1005 4163 1129 4254; x_wconf 85' lang='lat' dir='ltr'>latere</span> <span class='ocrx_word' id='word_1_299' title='bbox 1150 4163 1306 4274; x_wconf 85' lang='lat' dir='ltr'>valeat,</span> <span class='ocrx_word' id='word_1_300' title='bbox 1327 4164 1438 4252; x_wconf 81' lang='lat' dir='ltr'>nulla</span> <span class='ocrx_word' id='word_1_301' title='bbox 1457 4167 1539 4252; x_wconf 89' lang='lat' dir='ltr'>huc</span> <span class='ocrx_word' id='word_1_302' title='bbox 1554 4165 1676 4280; x_wconf 90' lang='lat' dir='ltr'>usque</span> <span class='ocrx_word' id='word_1_303' title='bbox 1691 4167 1837 4254; x_wconf 88' lang='lat' dir='ltr'>docuit</span> <span class='ocrx_word' id='word_1_304' title='bbox 1853 4163 1926 4252; x_wconf 87' lang='lat' dir='ltr'>ob·</span> 
     </span>
     <span class='ocr_line' id='line_1_35' title="bbox 505 4305 667 4365; baseline 0.019 -3"><span class='ocrx_word' id='word_1_305' title='bbox 505 4305 667 4365; x_wconf 84' lang='lat' dir='ltr'>ervatro.</span> 
     </span>
     <span class='ocr_line' id='line_1_36' title="bbox 494 4381 1924 4510; baseline 0.003 -36"><span class='ocrx_word' id='word_1_306' title='bbox 494 4421 498 4428; x_wconf 90' lang='lat'>·</span> <span class='ocrx_word' id='word_1_307' title='bbox 543 4381 735 4478; x_wconf 78' lang='lat' dir='ltr'>Videmus</span> <span class='ocrx_word' id='word_1_308' title='bbox 763 4393 858 4478; x_wconf 69' lang='lat' dir='ltr'>inde</span> <span class='ocrx_word' id='word_1_309' title='bbox 884 4391 1003 4503; x_wconf 78' lang='lat' dir='ltr'>quim</span> <span class='ocrx_word' id='word_1_310' title='bbox 1036 4401 1174 4510; x_wconf 76' lang='lat' dir='ltr'>parlim</span> <span class='ocrx_word' id='word_1_311' title='bbox 1201 4420 1333 4482; x_wconf 85' lang='lat' dir='ltr'>tutum</span> <span class='ocrx_word' id='word_1_312' title='bbox 1362 4395 1409 4481; x_wconf 88' lang='lat' dir='ltr'>srt</span> <span class='ocrx_word' id='word_1_313' title='bbox 1441 4393 1682 4480; x_wconf 74' lang='lat' dir='ltr'>omnimode</span> <span class='ocrx_word' id='word_1_314' title='bbox 1702 4397 1924 4510; x_wconf 75' lang='lat' dir='ltr'>herpetum</span> 
     </span>
     <span class='ocr_line' id='line_1_37' title="bbox 487 4501 1925 4624; baseline 0.004 -38"><span class='ocrx_word' id='word_1_315' title='bbox 487 4501 679 4589; x_wconf 86' lang='lat' dir='ltr'>sanationi</span> <span class='ocrx_word' id='word_1_316' title='bbox 698 4506 901 4592; x_wconf 86' lang='lat' dir='ltr'>confidere</span> <span class='ocrx_word' id='word_1_317' title='bbox 927 4510 1100 4616; x_wconf 88' lang='lat' dir='ltr'>quinon</span> <span class='ocrx_word' id='word_1_318' title='bbox 1122 4539 1242 4594; x_wconf 87' lang='lat' dir='ltr'>unam</span> <span class='ocrx_word' id='word_1_319' title='bbox 1264 4537 1334 4624; x_wconf 89' lang='lat' dir='ltr'>per</span> <span class='ocrx_word' id='word_1_320' title='bbox 1360 4512 1629 4623; x_wconf 84' lang='lat' dir='ltr'>tempestatem</span> <span class='ocrx_word' id='word_1_321' title='bbox 1650 4513 1827 4614; x_wconf 82' lang='lat' dir='ltr'>tautirm,</span> <span class='ocrx_word' id='word_1_322' title='bbox 1854 4507 1925 4594; x_wconf 89' lang='lat' dir='ltr'>sed</span> 
     </span>
     <span class='ocr_line' id='line_1_38' title="bbox 485 4612 1850 4735; baseline 0.007 -38"><span class='ocrx_word' id='word_1_323' title='bbox 485 4612 619 4731; x_wconf 76' lang='lat' dir='ltr'>plures</span> <span class='ocrx_word' id='word_1_324' title='bbox 637 4645 706 4730; x_wconf 91' lang='lat' dir='ltr'>per</span> <span class='ocrx_word' id='word_1_325' title='bbox 725 4647 850 4703; x_wconf 80' lang='lat' dir='ltr'>annor</span> <span class='ocrx_word' id='word_1_326' title='bbox 869 4621 1182 4732; x_wconf 88' lang='lat' dir='ltr'>conquiescunt,</span> <span class='ocrx_word' id='word_1_327' title='bbox 1203 4651 1380 4735; x_wconf 85' lang='lat' dir='ltr'>moxque</span> <span class='ocrx_word' id='word_1_328' title='bbox 1397 4621 1629 4709; x_wconf 87' lang='lat' dir='ltr'>reviviscere</span> <span class='ocrx_word' id='word_1_329' title='bbox 1648 4620 1850 4708; x_wconf 81' lang='lat' dir='ltr'>videntur.</span> 
     </span>
     <span class='ocr_line' id='line_1_39' title="bbox 542 4727 1926 4856; baseline 0.009 -44"><span class='ocrx_word' id='word_1_330' title='bbox 542 4727 732 4814; x_wconf 76' lang='lat' dir='ltr'>Praeoerea</span> <span class='ocrx_word' id='word_1_331' title='bbox 749 4733 893 4816; x_wconf 76' lang='lat' dir='ltr'>verost</span> <span class='ocrx_word' id='word_1_332' title='bbox 911 4735 1152 4850; x_wconf 78' lang='lat' dir='ltr'>cuicumque</span> <span class='ocrx_word' id='word_1_333' title='bbox 1171 4741 1378 4856; x_wconf 87' lang='lat' dir='ltr'>herpetum</span> <span class='ocrx_word' id='word_1_334' title='bbox 1397 4737 1533 4852; x_wconf 82' lang='lat' dir='ltr'>generi</span> <span class='ocrx_word' id='word_1_335' title='bbox 1551 4762 1770 4824; x_wconf 80' lang='lat' dir='ltr'>commune</span> <span class='ocrx_word' id='word_1_336' title='bbox 1788 4737 1858 4849; x_wconf 81' lang='lat' dir='ltr'>ht,</span> <span class='ocrx_word' id='word_1_337' title='bbox 1879 4759 1926 4824; x_wconf 82' lang='lat' dir='ltr'>ut</span> 
     </span>
     <span class='ocr_line' id='line_1_40' title="bbox 522 4861 1097 4952; baseline 0.01 -26"><span class='ocrx_word' id='word_1_338' title='bbox 522 4865 587 4944; x_wconf 76' lang='lat' dir='ltr'>(a)</span> <span class='ocrx_word' id='word_1_339' title='bbox 609 4861 674 4930; x_wconf 76' lang='lat' dir='ltr'>oa.</span> <span class='ocrx_word' id='word_1_340' title='bbox 695 4883 730 4939; x_wconf 64' lang='grc' dir='ltr'>ι,</span> <span class='ocrx_word' id='word_1_341' title='bbox 752 4862 880 4952; x_wconf 68' lang='lat' dir='ltr'>rema</span> <span class='ocrx_word' id='word_1_342' title='bbox 900 4865 1097 4934; x_wconf 64' lang='lat' dir='ltr'>auorum</span> 
     </span>
    </p>
   </div>
   <div class='ocr_carea' id='block_1_5' title="bbox 0 0 2098 5910">
    <p class='ocr_par' dir='ltr' id='par_1_7' title="bbox 0 0 2098 5910">
     <span class='ocr_line' id='line_1_41' title="bbox 0 0 2098 5910; baseline 0 0"><span class='ocrx_word' id='word_1_343' title='bbox 0 0 2098 5910; x_wconf 95' lang='lat' dir='ltr'> </span> 
     </span>
    </p>
   </div>
  </div>
 </body>
</html>
