4246 5900
796 1048 891 1210 rs
961 884 1625 1214 curruum

292 1355 1438 1631 'INTRODUCTIQ

199 1681 450 1860 Curis,
483 1754 661 1866 corporis
694 1751 854 1836 humani
883 1751 933 1836 ad
965 1751 1074 1860 cujus
1104 1751 1224 1839 solius
1255 1753 1465 1848 utilitatem
1494 1755 1626 1844 omnis

208 1868 334 1948 nostra
352 1865 425 1948 diri
453 1869 529 1948 itur
548 1874 590 1948 bt
606 1865 825 1971 ‚intenditur
838 1868 1014 1948 traiiatio
1038 1895 1154 1978 atque
1180 1869 1383 1952 meditatio
1409 1896 1624 1953 commune

195 1985 249 2060 .&
274 1897 489 2061 universile
521 1975 807 2084 involucrum,
847 1980 902 2060 ita
932 2005 1001 2090 per
1033 2009 1195 2066 omnem
1226 1985 1403 2094 corporis
1434 1979 1625 2064 ambitum

206 2117 412 2174 externum
439 2090 667 2173 diffunditur
694 2116 811 2200 atque
833 2090 1099 2204 protenditur,
1119 2119 1164 2177 ut
1180 2092 1290 2176 nulla
1305 2123 1391 2206 pars
1408 2090 1475 2175 illi
1493 2119 1627 2177 carere

208 2203 333 2314 possrt.
361 2203 452 2284 Imb
476 2200 595 2285 facile
626 2199 847 2316 reparabilis
875 2204 975 2285 cutis
999 2203 1027 2285 st
1050 2233 1120 2318 per
1141 2203 1303 2291 vulnera
1325 2203 1452 2289 ablata
1476 2207 1625 2310 fuerit,

207 2321 330 2398 rursus
349 2317 390 2395 in
438 2317 604 2398 ristinam
635 2314 766 2399 sedem
799 2317 985 2420 recurrit,
1007 2321 1289 2429 antiquumque
1308 2317 1427 2402 decus
1453 2316 1626 2430 partibus

209 2424 340 2510 ablatis
363 2343 531 2510 resarcit.
550 2427 783 2537 Quinetiam
803 2455 872 2541 per
895 2429 1080 2512 interiora
1102 2436 1282 2544 corporis
1302 2431 1448 2518 viscera
1469 2428 1627 2537 delata,

215 2539 426 2621 lbusluram
447 2537 502 2620 ibi
521 2568 566 2622 ac
592 2539 760 2622 formam
782 2543 986 2648 immutat,
1013 2549 1055 2623 bt
1076 2546 1118 2625 in
1142 2541 1372 2628 cellularem
1391 2569 1544 2626 textum
1564 2569 1627 2626 te-

211 2651 428 2734 nuissrmum
448 2650 603 2736 videtur
619 2647 752 2755 abire,
780 2649 929 2732 mutata
952 2653 1113 2758 quidem
1136 2656 1317 2744 struente
1330 2715 1344 2761 ‚
1359 2657 1521 2762 xmutatis
1550 2656 1627 2736 usr-

211 2759 306 2868 bus,
328 2761 396 2846 sed
413 2759 567 2877 integri
589 2763 710 2852 totius
735 2763 1006 2848 continuitate.
1407 2829 1412 2850 ,.

262 2875 322 2958 Ea
340 2902 385 2960 ut
399 2873 631 2958 morborum
648 2869 910 2988 plurimorum
923 2871 1035 2956 sedes
1051 2873 1093 2956 in
1107 2873 1189 2963 hoc
1208 2893 1330 2986 opere
1344 2871 1367 2958 i
1381 2870 1497 2960 nobis
1514 2871 1629 2988 spec·v

211 2987 324 3072 tanda
341 2981 573 3086 insumitur3
602 2987 680 3070 slve
701 2984 832 3070 morbi
853 2981 913 3070 illi
938 2987 979 3067 in
1002 2983 1085 3098 ipsi
1106 2985 1335 3096 nascantur,
1365 2983 1627 3096 adolescant,

209 3098 470 3207 invalescant,
495 3130 541 3182 ac
560 3099 717 3182 dentitm
739 3095 1182 3200 finiantur5s1veillosi
1211 3099 1249 3180 sa
1263 3095 1312 3184 ab
1337 3103 1480 3184 intimo
1497 3102 1628 3191 visce-

211 3242 296 3295 rum
317 3241 435 3325 atque
462 3213 674 3294 humorum
701 3213 853 3294 accitos
878 3209 991 3300 sonte
1015 3211 1119 3320 quast
1145 3127 1208 3294 ad
1225 3209 1264 3294 se
1291 3217 1480 3319 traxerit,
1504 3241 1630 3306 vene*

211 3353 304 3408 num
321 3329 424 3409 intus
447 3349 583 3408 natum
607 3319 677 3406 srbi
695 3322 961 3435 assumpserit,
983 3325 1081 3404 &in
1106 3319 1147 3404 se
1172 3320 1423 3408 combiberit.

273 3439 438 3522 Horum
457 3463 588 3521 autem
603 3437 813 3520 affectuum
845 3460 1023 3545 naturam
1046 3442 1086 3516 dt
1115 3431 1246 3518 fontes
1266 3437 1447 3544 rimando
1475 3434 1631 3520 investi·

210 3579 329 3664 gare,
348 3549 504 3634 affiduo
526 3547 662 3633 labore
684 3549 898 3662 detegere,
924 3547 1008 3630 nob
1030 3547 1162 3658 exigui
1189 3550 1318 3658 operis
1340 3577 1495 3656 moras,
1513 3575 1630 3662 atque

208 3655 335 3748 invias
360 3664 581 3778 asperitates
602 3661 745 3775 offert,
769 3691 863 3744 cum
889 3689 994 3742 nunc
1013 3661 1207 3742 contraria
1220 3657 1437 3745 admodum
1456 3663 1631 3774 phoeno-

210 3802 327 3858 mena
346 3776 466 3858 causae
491 3767 637 3860 eadem
668 3773 822 3856 diversrs
850 3775 891 3853 in
915 3769 1087 3854 aetatibus
1105 3769 1337 3884 regionibus
1358 3802 1407 3858 ue
1427 3777 1542 3855 variis
1568 3776 1631 3852 inv

209 3885 376 3994 ducant,
392 3897 434 3972 bt
456 3885 554 4004 sepe
577 3894 716 3970 contri
742 3882 863 3968 causa
880 3886 1032 3997 penitus
1053 3882 1207 3966 diversae
1224 3803 1410 3970 fimililus
1437 3883 1631 4011 aspetium

213 3998 436 4083 obtundant
458 3997 793 4112 symptomatibus.
822 3996 937 4080 Unde
952 4015 957 4024 “
974 3999 1054 4080 acri
1087 3993 1235 4101 judicio
1266 4026 1365 4110 opus
1385 3999 1438 4086 est
1462 3993 1632 4079 lummi-
1675 4005 1681 4019 '

210 4140 290 4222 que
313 4109 514 4224 diligendi
527 4175 542 4218 ,
556 4141 608 4194 ne
628 4115 669 4192 in
690 4107 926 4222 turpiffimos
954 4107 1179 4192 delabamur
1204 4134 1380 4222 ertpres,
1403 4135 1477 4194 nec
1506 4113 1632 4194 nostra

206 4225 248 4310 in
271 4227 493 4337 aegrotantis
517 4221 793 4309 detrimentum
812 4247 983 4305 vertatur
1004 4217 1198 4308 sedulitas.
1311 4325 1314 4332 Ι

261 4337 486 4446 Antequam
511 4364 607 4450 ergo
635 4334 685 4424 de
704 4325 957 4448 singularibus
984 4335 1084 4419 cutis
1108 4328 1257 4426 morbis
1278 4359 1466 4446 agamus,
1495 4331 1632 4444 resque

209 4475 320 4540 ueras
344 4475 393 4532 ex
414 4445 689 4540 observatione
717 4473 851 4550 natas,
881 4445 1034 4556 ingenti
1064 4446 1270 4528 nominum
1305 4449 1527 4531 coufusroni
1548 4445 1634 4530 sub

209 4555 406 4644 ilituamus
418 4621 432 4666 ,
458 4561 583 4644 visum
605 4561 658 4645 est
681 4553 850 4642 intanti
877 4583 1007 4642 rerum
1029 4552 1291 4663 obscuritate,
1319 4586 1445 4674 operat
1466 4561 1635 4670 pretium

211 4699 293 4752 nos
308 4673 380 4757 elle
399 4673 594 4779 sessuros,
615 4673 821 4768 stomnem
839 4671 1006 4758 nostram
1021 4673 1252 4777 materiem,
1275 4697 1637 4780 quantumcumque

212 4779 389 4868 latiffime
406 4786 664 4892 extendatur,
685 4813 807 4868 unum
821 4784 1063 4874 inintuitunt
1080 4785 1389 4880 contraxerimus
1406 4847 1418 4889 ‚
1441 4779 1635 4896 generalia

213 4897 348 4981 omnia
369 4895 479 4986 brevi
499 4901 727 5004 traditione
746 4900 799 4986 ita
820 4893 1228 5014 comprehendentes,
1252 4923 1296 4982 ut
1317 4900 1360 4978 in
1383 4891 1637 5010 singularibus

1340 5010 1380 5098 A
