4250 5898
501 388 581 492 ,ω
935 373 1042 466 oa
1111 369 1472 464 nonnis

501 565 655 626 tanna:
682 543 742 627 his
760 542 941 648 vultum,
963 541 1142 649 collum,
1160 540 1319 626 brachia
1340 541 1510 626 illinunt.
1546 529 1702 624 cavent
1722 533 1932 655 prasertim

503 652 686 737 mulieres
712 683 762 739 ne
788 659 910 738 statim
941 653 989 739 ab
1015 654 1226 742 illinitione
1252 654 1332 740 sese
1361 658 1439 738 aeri
1468 651 1578 735 nudo
1602 655 1833 766 exponant,
1862 655 1932 764 qui

504 767 690 878 rapidiori
718 769 929 852 siccatione
958 764 1143 868 fibrarum
1168 793 1420 852 cutanearuni
1447 764 1571 880 pollet
1595 763 1755 849 laxioris
1778 792 1802 848 e
1830 765 1932 850 ider-

491 879 619 962 ‹midis
645 878 804 962 vincula
834 878 1008 985 solvere,
1038 880 1360 993 asperitatemque
1387 908 1504 990 quam
1536 878 1780 992 effugiunte
1827 905 1928 965 cere

501 990 595 1074 Nec
609 991 953 1105 etiani'spetnenda
964 997 1017 1077 est
1029 1021 1305 1079 momentanea
1317 990 1476 1075 illiiiitio
1491 1020 1553 1074 ma
1584 1015 1732 1074 matum
1745 987 1928 1098 illorum,

494 1129 587 1212 quae
610 1129 770 1217 pomata
791 1133 965 1212 vocant,
986 1134 1030 1191 ut
1046 1106 1141 1222 pots
1157 1137 1240 1217 qua
1257 1102 1506 1219 summopere
1527 1021 1725 1188 liibricent
1745 1111 1786 1188 δε
1807 1101 1933 1188 emol-

501 1211 621 1320 liant,
643 1217 860 1305 sirecentes
873 1220 966 1324 sint,
980 1221 1008 1302 fi
1023 1220 1089 1303 diu
1101 1223 1142 1301 in
1162 1244 1254 1302 cute
1273 1247 1355 1302 non
1371 1241 1621 1322 remaneant,
1644 1213 1770 1326 qualis
1790 1218 1844 1300 est
1861 1213 1929 1300 illa

501 1355 624 1434 quaea
655 1328 707 1411 ud
781 1331 1149 1415 necaeaTuicarum
1172 1331 1316 1414 dicitur
1342 1329 1538 1414 celebrata
1566 1336 1609 1412 dt
1638 1329 1928 1413 commendata.

499 1435 569 1522 Fit
592 1357 660 1522 issa
684 1359 916 1526 eugialsami
939 1446 1122 1528 macharii
1143 1445 1263 1558 guttis
1289 1441 1442 1552 aliquot
1462 1444 1503 1523 in
1524 1441 1640 1554 adipe
1664 1444 1813 1526 recenti
1841 1445 1927 1556 capi

500 1557 690 1664 exceptis.
718 1553 920 1639 Laudatur
945 1560 1086 1672 pariter
1113 1585 1196 1666 quae
1225 1583 1275 1641 ex
1303 1552 1517 1669 amygdalis
1546 1550 1727 1638 dulcibus
1751 1556 1793 1636 iii
1815 1553 1928 1658 adipe

499 1659 617 1746 suillo
643 1666 746 1778 apud
772 1699 843 1754 nos
866 1673 1002 1796 viget,
1027 1695 1093 1754 aut
1112 1697 1162 1752 ex
1183 1666 1394 1753 seminibus
1419 1669 1641 1752 cucumeris
1666 1667 1776 1752 sativi
1800 1669 1928 1750 consi·

500 1777 604 1859 citur
617 1839 631 1882 ,
660 1777 822 1890 aliisque
847 1783 1100 1890 huiusmodi,
1128 1781 1234 1866 circa
1260 1813 1343 1894 quae
1370 1783 1534 1865 insistere
1560 1777 1693 1894 pudet.
1724 1779 1786 1862 Ex
1813 1781 1861 1867 iis
1885 1786 1926 1863 dt
1991 1791 1995 1802 '

446 1909 451 1929 “
501 1888 654 1984 cerussfli
681 1891 817 1976 fucum
844 1898 1075 1980 conficiunt.
1109 1895 1236 1978 Porro
1265 1897 1512 2005 quantumvis
1541 1895 1583 1974 in
1609 1889 1684 1976 hle
1714 1889 1927 1976 cosmetich

499 2001 704 2084 medicinae
727 2032 837 2117 parte
861 2004 981 2116 aliqui
1001 2011 1075 2091 viri
1098 2011 1247 2120 egregii
1270 2034 1430 2124 operam
1455 2003 1719 2119 perdiderint,
1743 2029 1855 2117 turpe
1876 2007 1926 2088 et

500 2113 588 2206 vito
618 2120 727 2236 gravi
758 2125 799 2201 dt
827 2116 892 2203 ad·
909 2116 1074 2204 meliora
1103 2145 1197 2203 nato
1224 2122 1266 2204 in
1294 2123 1408 2234 nugis
1439 2122 1514 2203 istis
1543 2115 1715 2230 aliquam
1741 2117 1925 2232 temporis

499 2251 649 2336 partem
671 2231 842 2343 exigere.

735 2381 1582 2524 ss'iaiicunusu

907 2601 974 2688 De
993 2606 1136 2687 actione
1150 2602 1310 2720 frigoris
1336 2602 1376 2684 iii
1399 2627 1534 2686 cutem.

541 2763 670 2879 ¹Nihil
694 2797 842 2911 magis,
868 2793 965 2878 nihil
989 2796 1168 2880 diredilis
1188 2796 1410 2910 oppositum
1435 2799 1487 2880 est
1505 2797 1648 2881 affloni
1666 2800 1708 2879 dt
1728 2789 1923 2878 effeuibiu

498 2905 665 3016 caloris,
713 2907 803 2993 uim
822 2907 1096 3021 frigorisaslio
1105 2921 1220 3019 ,quae
1235 2907 1421 3024 supponit
1438 2910 1539 3022 ignis
1558 2905 1795 3014 absentiam,
1811 2906 1924 2991 adeo-

498 3050 577 3131 que
600 3020 622 3103 fa
645 3047 893 3131 quacumque
916 3021 1074 3105 demlim
1099 3021 1214 3105 caussa
1238 3023 1410 3136 pendere
1430 3023 1610 3135 corporis
1634 3022 1796 3104 humani
1818 3018 1924 3103 calor

496 3135 763 3247 supponatur,
796 3135 888 3218 cum
919 3133 1029 3218 calor
1060 3144 1101 3219 dt
1131 3138 1326 3218 astionem
1349 3133 1512 3219 vitalem
1542 3161 1681 3248 auget,
1709 3135 1921 3218 &austrini

497 3246 774 3354 consequitur,
798 3248 851 3329 fic
870 3247 1050 3359 frigus&
1069 3275 1155 3331 eam
1170 3251 1390 3353 imminuit,
1409 3256 1451 3330 δι
1473 3251 1719 3330 imminutam
1740 3244 1921 3355 sequitur.

553 3359 702 3443 Verlim
732 3383 892 3471 quantas
924 3365 965 3442 dt
999 3365 1133 3469 q'uanti
1165 3364 1359 3442 momenti
1388 3389 1514 3474 partes
1546 3387 1711 3469 utraque
1743 3361 1826 3441 haec
1857 3356 1922 3440 sibi

484 3470 664 3556 'insumat
693 3470 885 3582 qualitas,
918 3473 997 3556 sive
1026 3471 1066 3556 se
1095 3471 1225 3558 subito
1253 3475 1481 3586 excipiant,
1515 3473 1694 3583 adeoque
1733 3477 1777 3554 dt
1812 3469 1922 3554 fibras

496 3585 725 3690 distrahant,
747 3585 824 3669 sive
846 3581 1028 3698 longai&
1045 3587 1148 3696 quasi
1168 3611 1404 3702 perennante
1423 3590 1615 3669 afflonea
1642 3610 1709 3666 ant
1719 3645 1733 3690 ,
1753 3585 1922 3666 nostrum

495 3728 579 3782 non
601 3700 653 3782 est
673 3698 906 3811 expendere.
932 3697 1014 3781 Hic
1036 3702 1164 3811 agitur
1184 3698 1234 3782 de
1255 3697 1490 3810 frigidorum
1510 3615 1751 3812 spiculorum
1771 3699 1923 3780 afflone

480 3815 537 3894 in
564 3838 695 3896 cutem
704 3874 719 3917 ,
744 3818 786 3895 ὅ(
807 3807 852 3894 el
878 3807 1038 3921 quidem
1059 3841 1142 3921 quae
1166 3815 1267 3896 cutis
1288 3809 1533 3896 substantiam
1555 3807 1788 3895 mechanice
1810 3807 1925 3921 polilt

493 3951 713 4008 immutare.

522 4034 525 4040 ’
552 4037 597 4116 In
618 4035 700 4146 qual
723 4035 987 4146 disquisitione
1009 4033 1090 4118 duo
1113 4032 1202 4118 sunt
1223 4035 1509 4150 expendenda3
1539 4038 1631 4120 hinc
1655 4033 1806 4119 scilicet
1826 4061 1918 4116 cor·

483 4149 602 4256 potis
617 4152 847 4262 excipientis
862 4147 1043 4232 conditio
1054 4209 1069 4253 ,
1084 4145 1194 4231 illinc
1215 4147 1372 4260 frigoris
1392 4151 1547 4262 gradus.
1568 4147 1733 4232 Diversa
1749 4149 1799 4231 est
1815 4148 1920 4230 enim

454 4347 457 4354 ,
493 4255 653 4369 frigoris
678 4264 779 4344 adio
802 4264 843 4343 in
866 4290 1010 4374 corpus
1036 4263 1323 4367 exercitatum,
1345 4261 1511 4369 durum,
1541 4288 1632 4346 cute
1654 4259 1779 4343 crassis
1798 4259 1919 4342 dona-

493 4391 579 4450 tum
590 4430 604 4473 ,
616 4370 729 4483 adipe
746 4372 943 4486 suppofito
960 4373 1091 4479 dives,
1107 4400 1225 4485 atque
1239 4376 1279 4456 in
1291 4401 1432 4480 tenue,
1451 4372 1603 4480 molle,
1621 4371 1792 4487 gracile,
1810 4373 1918 4455 maci·

493 4475 658 4566 lentum.
693 4483 793 4592 Quae
814 4485 1048 4571 diversitates
1071 4491 1111 4569 in
1136 4485 1447 4599 quibuscumque
1471 4485 1642 4602 partibus
1666 4485 1846 4568 notanda
1872 4483 1919 4568 ad

494 4617 635 4676 cutem·
651 4597 769 4677 etiam
797 4602 992 4788 pertinent
1013 4600 1235 4714 precipue,
1263 4628 1307 4684 ut
1325 4599 1419 4714 pote
1439 4630 1523 4709 quar
1545 4598 1662 4683 facile
1684 4596 1733 4680 ab
1751 4598 1918 4688 externis

492 4703 692 4809 afficitur,
718 4705 794 4789 faci
813 4707 906 4793 limd
931 4711 1107 4796 habitum
1130 4717 1362 4820 contrahit,
1390 4720 1429 4796 dt
1455 4712 1504 4796 ad
1522 4711 1803 4796 incursantium
1830 4737 1918 4797 cot·⁸

491 4847 637 4930 porum
654 4818 846 4933 impetum
868 4825 922 4912 ita
938 4824 1165 4940 induratur,
1191 4853 1236 4914 ut
1251 4831 1318 4918 vix
1339 4821 1470 4941 pessel
1488 4823 1604 4912 illum
1621 4824 1773 4914 sentiat.
