4166 5908
423 425 515 504 aa
655 431 659 442 ·
778 363 1411 494 ‹otss'ntounrs'

433 575 652 662 deletarum
669 561 902 662 cellularum
917 563 1057 672 leston
1078 597 1278 687 occupant
1289 571 1437 656 'vicinat
1457 563 1771 675 succrescentes,
1790 565 1874 656 sic-5

428 711 514 800 que
535 691 680 804 pristini
698 691 783 774 vitii
805 683 914 770 nulla
932 710 1136 770 remanent
1157 685 1330 799 vestigia.
1363 684 1525 766 Interest
1550 685 1669 796 igitur
1696 679 1870 766 multum

432 801 537 888 illisas
562 806 631 913 qui
655 798 817 885 morbos
841 825 1031 884 cutaneos
1052 795 1273 884 tractandos
1298 795 1537 911 susceperit,
1561 825 1725 878 mucum
1748 793 1868 879 illum

432 915 543 1000 nosse
563 912 720 1025 ejusque
740 911 940 1020 formam,
959 915 1166 996 varietates
1187 917 1229 996 δι
1250 909 1514 1024 degenerandi
1531 909 1675 993 modos
1697 937 1867 1025 perpen-

429 1031 528 1114 dere
548 1059 561 1128 ς
584 1027 715 1138 quod,
737 1053 826 1110 utut
841 1021 922 1135 jam
933 1029 975 1108 in
1017 1023 1227 1109 taeliminiis
1247 1025 1378 1138 operis
1395 1023 1621 1131 factumst,
1639 1052 1765 1135 pauca
1780 1049 1866 1108 tan-

430 1140 643 1256 tummodb
663 1139 877 1245 addemus,
905 1053 1015 1223 undl
1035 1141 1229 1253 originem
1252 1134 1488 1221 morborum
1511 1140 1735 1222 nostrorum
1756 1137 1865 1255 passu

428 1252 601 1340 faciliori
623 1253 811 1366 possimus
831 1249 975 1337 subire.
1072 1269 1076 1278 '

486 1367 636 1450 Mucus
652 1364 850 1474 animalis,
870 1363 968 1450 licet
980 1392 1058 1448 una
1072 1371 1115 1450 dt
1128 1363 1267 1450 eadem
1281 1362 1486 1449 substantia
1502 1364 1570 1471 stt,
1590 1364 1715 1449 varias
1729 1389 1866 1451 tamen

428 1479 577 1566 formas
596 1481 638 1561 in
661 1507 835 1594 corpore
856 1476 1038 1587 obtinet,
1060 1481 1191 1564 varios
1211 1480 1489 1563 attenuationis
1510 1481 1651 1593 recipit
1675 1477 1818 1591 gradus
1840 1479 1868 1564 ὲ

427 1597 560 1709 primo
574 1595 717 1678 muciv
770 1589 923 1677 erabilis
933 1589 1035 1676 intra
1043 1589 1133 1676 vasa
1143 1589 1214 1677 sub
1227 1595 1279 1676 ch
1306 1589 1336 1674 li
1348 1588 1526 1676 emulsrvi
1536 1589 1666 1675 forms
1675 1592 1862 1705 ingressu,

427 1697 619 1818 adusque
637 1705 738 1789 subti
757 1707 925 1788 ’ssimum
943 1703 1059 1788 illum
1077 1734 1240 1789 mucum
1260 1623 1434 1788 alibilem
1454 1707 1522 1815 qui
1537 1703 1671 1789 solidis
1687 1703 1865 1819 partibus

428 1819 720 1925 adhaerescens,
743 1821 908 1903 vertitur
934 1821 977 1902 in
1003 1816 1119 1926 illas,
1137 1820 1270 1930 'fitque
1325 1845 1371 1900 ro
1399 1845 1682 1902 comentorum
1707 1822 1862 1904 ratione

288 1999 291 2004 ,
427 1963 536 2016 nunc
562 1930 667 2016 ossea
693 1928 926 2037 substantia,
954 1961 1062 2014 nunc
1089 1935 1131 2014 in
1154 1930 1246 2015 med
1305 1957 1413 2016 arem
1439 1929 1591 2016 cerebri
1614 1929 1864 2015 substantiam

426 2047 614 2158 fingitur,
639 2037 746 2129 nunc
766 2046 864 2130 verb
880 2047 1001 2130 etiam
1017 2042 1245 2132 seminalem
1267 2072 1398 2128 auram
1418 2047 1589 2158 accipit,
1610 2051 1652 2128 st
1672 2041 1742 2128 sub
1758 2043 1862 2158 sper-

427 2161 542 2266 matis
574 2161 737 2242 nomine
762 2156 785 2242 b
809 2186 982 2272 corpore
1005 2157 1055 2241 ad
1078 2158 1344 2272 generationis
1373 2185 1473 2288 opus
1500 2159 1683 2272 erumpit.
1722 2157 1862 2244 Existit

428 2299 528 2384 ergo
554 2274 595 2354 in
617 2297 790 2385 corpore
810 2269 969 2356 animali
988 2298 1074 2385 pars
1096 2270 1279 2374 mucida,
1300 2269 1461 2353 crudior
1491 2271 1620 2355 adhirc
1644 2267 1763 2380 quim
1788 2269 1859 2358 illa

425 2415 511 2496 qua
530 2386 571 2466 in
589 2381 689 2470 labie
708 2382 865 2469 animali
878 2388 1070 2518 ¹reperitur
1079 2446 1094 2493 ,
1115 2380 1295 2467 subtilior
1316 2389 1358 2466 fit
1380 2387 1504 2497 magis
1520 2380 1720 2469 elaborata
1740 2381 1857 2495 quim

419 2517 511 2608 'quae
536 2515 629 2582 curn
657 2492 848 2612 spermate
872 2525 955 2583 exit
967 2559 983 2606 ,
1014 2506 1055 2583 ὃ(
1083 2521 1325 2610 unaquaeque
1348 2493 1405 2578 sui
1427 2496 1569 2610 gradus
1591 2527 1678 2612 pars
1698 2498 1858 2584 mucida

424 2613 707 2724 proprietates,
737 2612 803 2697 seu
823 2612 1029 2697 facultates
1051 2611 1233 2719 obtinet,
1261 2610 1346 2692 tiam
1359 2610 1543 2696 universo
1558 2639 1680 2694 muco
1697 2609 1857 2698 attimali

423 2752 686 2831 communes,
712 2730 797 2809 tum
815 2724 886 2810 suo
907 2726 1046 2840 gradui
1066 2729 1255 2842 proprias.

478 2835 709 2923 Commune
720 2841 782 2954 ‘est
807 2842 918 2922 omni
940 2866 1064 2923 muco
1088 2865 1216 2954 partes
1241 2865 1444 2926 extraneas
1472 2837 1707 2922 tenuissimas
1733 2838 1853 2922 invis-

423 2975 543 3056 care,
575 2954 678 3034 intirs
707 2953 903 3057 retinere,
931 2950 1001 3034 srbi
1026 2983 1049 3034 a
1076 2977 1183 3057 tare,
1212 2951 1392 3062 adeoque
1413 2951 1598 3034 fomitem
1622 2949 1789 3064 prebere
1808 2960 1854 3037 bt

424 3065 620 3176 contagiis
640 3062 825 3148 feralibus
849 3073 891 3149 bt
912 2981 1127 3148 salubribus
1150 3063 1444 3171 inhalamentis,
1465 3067 1520 3146 ita
1534 3089 1578 3147 ut
1591 3091 1677 3174 pars
1694 3066 1855 3151 mucida

420 3173 599 3258 medium
625 3170 833 3280 junctionis
867 3177 1014 3288 efficiat
1045 3179 1147 3262 inter
1179 3196 1361 3262 extranea
1390 3202 1561 3292 corpora
1590 3183 1632 3261 bt
1665 3181 1853 3266 humores

420 3291 583 3400 corpori
603 3287 830 3400 inquilinos.
854 3289 1064 3375 Viscosum
1083 3293 1191 3392 enim
1206 3291 1284 3377 esse
1299 3291 1465 3375 mucidae
1483 3293 1537 3375 est
1554 3315 1710 3373 natura.
1738 3291 1855 3378 Unde

421 3402 540 3512 etiam
560 3406 784 3487 communis
801 3404 856 3487 est
874 3407 985 3488 omni
1012 3432 1135 3488 muco
1184 3397 1372 3518 roptietas
1398 3400 1525 3487 ablati
1549 3399 1649 3513 aqui
1675 3407 1855 3490 cencres

414 3535 513 3598 'cere
523 3574 538 3620 ,
564 3539 631 3598 aut
651 3513 791 3601 additis
803 3515 979 3712 pprtibus
993 3433 1213 3604 moleculas
1228 3517 1331 3602 adse
1344 3514 1629 3600 adducentibus
1646 3520 1852 3633 compingi

419 3651 538 3736 atque
558 3626 773 3741 coagulari.
849 3658 900 3714 oc
925 3631 1040 3744 acida
1063 3629 1146 3715 sere
1163 3632 1318 3738 omnia,
1346 3620 1386 3715 dt
1408 3653 1533 3716 terrea
1553 3631 1714 3744 styptica
1734 3657 1853 3744 atquc

416 3737 667 3825 absorbentia
686 3767 864 3856 cretacea
881 3744 1073 3829 efficiunt.
1098 3841 1103 3852 ¹
1600 3849 1602 3854 Ι

467 3845 624 3938 'Verium
648 3856 675 3936 st
697 3885 860 3939 mutum
885 3855 907 3939 a
928 3857 1053 3970 primi
1075 3860 1229 4054 origine
1250 3859 1274 3942 s
1293 3861 1425 3966 ecies,
1453 3858 1503 3944 ad
1526 3856 1649 3968 usque
1669 3855 1849 3943 ultimam

417 3961 500 4071 ejus
515 3965 812 4054 destrusiionem
827 3972 868 4052 in
883 3967 960 4080 qus
976 3974 1078 4084 perit
1089 3975 1128 4086 ip
1146 4003 1204 4055 rus
1218 3889 1435 4078 vifdiditas,
1456 3971 1695 4081 mucosaque
1710 3995 1847 4056 natura

319 4099 325 4110 ·
417 4078 460 4159 in
481 4081 728 4190 putredinem
750 4086 935 4188 vertitur,
960 4082 1134 4197 plurime
1162 4087 1253 4168 sunt
1282 4087 1539 4199 proprietates
1567 4084 1618 4168 ad
1647 4109 1847 4194 quemque

407 4197 694 4278 attenuationis
719 4196 883 4310 gradum
905 4199 1164 4311 pertinentes,
1195 4223 1270 4282 nec
1296 4195 1406 4282 alteri
1430 4199 1568 4313 gradui
1593 4225 1843 4284 communes.

417 4301 478 4384 lta
506 4301 648 4390 halitus
674 4307 884 4394 soecundus
912 4309 961 4393 ad
985 4309 1143 4425 sperma
1161 4315 1358 4424 pertinet,
1389 4319 1431 4396 dt
1455 4313 1634 4424 quamvis
1662 4308 1780 4396 lateat
1805 4314 1848 4395 in

418 4417 530 4498 omni
546 4447 692 4526 muco,
713 4424 754 4503 in
771 4425 852 4505 hoc
870 4449 1002 4507 tamen
1015 4422 1104 4509 solo
1119 4427 1348 4540 potestatem
1364 4425 1592 4512 foecundam
1608 4428 1744 4509 exerit.
1764 4423 1845 4509 Pro

418 4527 636 4616 diversitate
663 4534 905 4619 conditionis
930 4545 972 4620 ὅ(
995 4565 1136 4623 natutae
1158 4539 1329 4622 ‹mucosae
1351 4537 1519 4623 variolis·
1536 4567 1601 4624 aut
1625 4535 1846 4650 benignitas

418 4639 601 4754 insurgit,
620 4672 686 4727 aut
696 4645 868 4761 maligna
888 4648 1058 4736 indoles.
1081 4652 1268 4737 Pretereb
1287 4681 1425 4736 mucus
1440 4649 1510 4736 illc
1528 4651 1697 4758 lasieus,
1721 4658 1763 4735 bt
1777 4653 1846 4739 iste

417 4755 484 4863 qui
505 4753 668 4842 cellulas
688 4762 788 4843 cutis
809 4787 1000 4872 occupat,
1020 4767 1060 4846 in
1078 4765 1250 4848 foeminis
1269 4767 1467 4878 puerperis
1491 4765 1610 4852 facili
1631 4762 1779 4848 acescit
1800 4773 1846 4851 et

412 4864 559 4954 laetos
570 4869 744 4981 famosos
756 4897 873 4985 atque
884 4881 1019 4988 parlim
1031 4875 1254 4964 intellectos
1267 4877 1426 4979 assessus
1434 4876 1547 4966 elicit
1556 4875 1846 4964 inlasientibur
