4228 5898
637 413 1187 513 GUTANEIS.
1537 446 1628 534 179

187 577 348 666 critica
380 577 481 664 Nou
508 603 641 666 tamen
669 579 844 678 inaudita
871 584 924 668 est
954 586 1123 670 omninb
1144 612 1214 702 per
1240 582 1487 700 phlyeioenaa
1505 591 1624 678 crista.

25 728 30 750 ·
185 689 415 778 Affidebam
433 689 620 778 Medicus
644 691 748 778 leiio
773 691 919 780 nobilia
943 695 1104 782 famma
1124 728 1207 809 quae
1227 699 1519 830 pseudoangiuti
1538 731 1624 813 gra-

186 809 289 890 viter
318 814 342 888 a
371 829 539 914 quatuor
578 803 715 890 diebus
751 803 966 892 laborabat.
996 807 1136 894 Febris
1168 838 1239 924 per
1269 837 1465 926 integrum
1488 815 1622 900 hocce

185 917 353 1002 stadium
367 914 549 1002 violenta
566 917 735 1010 savierat
747 979 762 1024 ,
787 924 880 1004 ciuu
898 923 983 1052 post
1005 925 1166 1008 nobiem
1208 925 1402 1030 enimam,
1426 927 1621 1013 cofflonia

184 1031 303 1226 siffis
324 1029 618 1226 apparentibus,
641 1034 777 1117 omnia
788 1031 914 1120 sedan
932 1059 1050 1144 atque
1061 1061 1146 1118 tum
1190 1063 1276 1120 tum
1290 1041 1483 1151 componi
1494 1039 1620 1123 admi-

184 1171 227 1226 ra
300 1203 310 1225 .
381 1139 465 1226 ulla
486 1142 619 1230 aderat
641 1175 725 1256 quae
746 1169 858 1230 tanto
877 1143 1024 1230 morbo
1039 1177 1123 1232 non
1142 1148 1249 1234 foret
1264 1153 1391 1265 impar
1408 1157 1618 1259 vacuatio,

24 1223 25 1284 ³
183 1253 308 1340 dolor
338 1281 470 1339 tamen
493 1256 543 1342 ad
566 1281 774 1368 utramque
796 1256 921 1346 suram
947 1258 1080 1348 aderat
1104 1257 1216 1345 levis.
1247 1261 1332 1348 Has
1358 1262 1617 1374 inspiciendas

186 1396 236 1453 ex
257 1368 400 1452 officio
416 1395 510 1454 meo
529 1373 628 1454 milti
643 1370 845 1483 prestuuo.
867 1371 1017 1456 Aderat
1030 1371 1079 1456 ad
1093 1399 1300 1484 utramque
1313 1393 1448 1460 tumor
1463 1374 1623 1476 sublato

183 1481 429 1595 epidermide
445 1485 487 1566 in
506 1479 655 1568 bulhm
672 1481 907 1574 cuculatem
927 1481 1125 1591 sublimis,
1149 1487 1490 1602 circumscriptus,
1505 1515 1553 1573 ut
1568 1489 1618 1574 ab

183 1596 370 1709 appositis
402 1594 689 1705 refutantibus,
752 1595 885 1684 ollicie
916 1599 1034 1684 uniun
1071 1599 1304 1686 diamemm
1341 1597 1456 1686 laton.
1492 1600 1620 1688 Hune.

183 1709 369 1822 appositis
399 1706 609 1822 emplastris
638 1712 679 1792 in
710 1627 1031 1824 lllppurationem
1057 1711 1139 1798 elie
1161 1712 1480 1798 convertendum»
1504 1715 1618 1827 praf-

180 1822 319 1936 eripfi,
347 1820 417 1904 sed
435 1817 596 1922 frustrl3
620 1819 741 1928 bujua
760 1824 978 1910 curationis
994 1823 1151 1912 tedium
1201 1825 1374 1912 eruum
1395 1857 1498 1940 agra
1512 1826 1617 1912 tole«

182 1961 268 2018 rare
289 1931 435 2018 noluit.
463 1933 544 2020 Sed
557 1935 696 2020 'casum
722 1938 828 2018 hunc
850 1937 951 2022 ruilri
972 1941 1136 2028 unicum
1161 1857 1246 2022 lbra
1271 1935 1429 2026 obtulit.
1457 1939 1618 2045 Cetera

151 2104 154 2115 Δ
185 2075 326 2131 omnes
346 2075 442 2158 quas
462 2050 502 2130 in
516 2045 666 2133 morbis
688 2049 814 2134 acutia
835 2046 1038 2136 observavi
1060 2049 1228 2164 pulbrlaa
1247 2049 1552 2165 phlybioenodee
1566 2051 1617 2143 ad

183 2157 690 2390 mllirpyeslffieellllblpre
708 2278 754 2363 iu
771 2275 921 2361 morbis
940 2279 1069 2362 acutia
1082 2277 1266 2362 criticam
1286 2277 1361 2406 eli,
1386 2278 1472 2367 imo
1494 2234 1616 2362 maxi

184 2413 287 2468 mam
308 2413 460 2500 partem
481 2385 717 2470 morborum
736 2413 995 2474 cutaaeorum
1016 2414 1225 2474 acutorum
1244 2391 1475 2476 crimmum
1497 2391 1614 2474 eons-

184 2502 331 2585 timum
351 2503 626 2584 exanthemata
644 2499 917 2614 erysipelatosa·
937 2529 1106 2611 quorum
1129 2501 1280 2588 summa
1302 2501 1396 2586 inest
1416 2499 1615 2586 diversum

185 2609 235 2694 ab
254 2610 483 2726 etysrpelate
502 2617 544 2697 in
566 2614 721 2698 summo
748 2612 869 2726 gradu
895 2612 946 2698 ad
968 2610 1202 2698 leviffimum
1226 2611 1348 2722 nsque
1373 2617 1614 2722 prurientem

186 2723 386 2808 morbum.
411 2726 564 2810 Natura
585 2723 745 2831 eadem,
766 2723 833 2809 seu
854 2728 986 2842 potiba
1006 2755 1095 2840 pare
1114 2723 1253 2810 eadem
1275 2725 1413 2814 affe&
1435 2726 1516 2818 est:
1545 2725 1613 2810 sed

185 2864 229 2929 ut
248 2837 371 2920 causa
390 2838 515 2950 gradu
539 2845 583 2929 ὅ(
606 2835 789 2924 efficacii
805 2837 1086 2942 diuemffimae,
1113 2839 1171 2921 ita
1189 2839 1490 2950 phoenometra.,
1508 2841 1613 2952 peria

185 2947 280 3034 cula
292 3010 306 3054 ,
328 2953 455 3036 exitus
478 2954 621 3068 pariter
641 2951 890 3066 summopere
912 2955 1014 3036 inter
1037 2949 1078 3034 fe
1105 2947 1308 3036 abludunt.

242 3063 292 3144 In
312 3089 456 3178 genere
481 3061 689 3176 erysrpelaa
706 3063 801 3148 uerti
823 3062 986 3150 morbus
1011 3065 1112 3148 cutia
1135 3065 1206 3169 est,
1229 3067 1272 3148 bt
1295 3059 1420 3168 linit,
1474 3068 1611 3153 omine
1637 3091 1639 3096 ’

183 3175 366 3260 transsato
380 3220 400 3283 ‚-
416 3182 510 3260 cum
533 3176 649 3260 causa
669 3176 808 3262 eatlem
827 3180 869 3262 in
888 3175 982 3260 alias
1000 3201 1128 3291 partes
1147 3178 1230 3290 agit
1238 3237 1255 3280 ,
1278 3171 1410 3262 morbi
1431 3091 1613 3260 <lautae

183 3287 451 3403 erysipelatosu
467 3289 619 3396 adele,
645 3293 700 3374 ita
722 3315 767 3374 ut
792 3292 897 3404 apud
920 3289 1213 3404 Hippocratem
1235 3287 1361 3402 ipsum
1384 3291 1614 3381 nominetun

183 3398 384 3534 pulmonis
399 3399 626 3518 erysipelas,
647 3427 783 3492 natura
799 3429 933 3488 tamen
949 3400 1186 3518 erysipelatia
1202 3425 1336 3488 cutem
1354 3398 1482 3489 solam
1495 3405 1613 3486 amm

224 3539 253 3598 t.
285 3515 335 3598 Iu
359 3541 411 3599 eo
437 3541 568 3600 autem
596 3511 801 3629 erysipelas
823 3517 1017 3619 consulit,
1045 3541 1090 3598 ut
1107 3515 1204 3599 vasis
1227 3510 1374 3596 ultimis
1398 3515 1612 3621 artetiofia,

182 3545 436 3760 Emphadcie
463 3630 679 3714 eoul’oieiia
704 3629 889 3738 quidem,
918 3653 1058 3712 catera
1078 3628 1212 3712 omma
1235 3629 1366 3710 vicina
1394 3628 1614 3740 impariter

184 3742 417 3854 stringantur
439 3765 486 3824 ut
516 3738 666 3824 minuti
698 3741 891 3837 diametro
917 3769 1001 3822 nou
1027 3735 1295 3844 obstruantur,
1325 3763 1392 3824 aut
1418 3736 1465 3823 ab
1491 3765 1613 3854 opere

184 3855 362 3957 celem,
392 3852 459 3938 sed
481 3851 687 3938 difficilem
705 3856 749 3935 in
764 3855 860 3938 vafia
880 3855 1032 3938 ariiatia
1056 3854 1265 3938 circuitum
1286 3853 1506 3965 experiattu
1525 3879 1613 3965 pata

184 3965 380 4079 sanguinis
404 3963 532 4051 rubra.
561 3965 677 4050 Unde
703 3967 745 4051 in
764 3962 991 4081 erysipelate
1019 3961 1229 4058 oblituiiio
1249 3963 1299 4048 ad
1319 3961 1408 4051 vasa
1435 3961 1613 4076 lympha·

183 4081 263 4162 tica
304 4076 452 4189 illaque
491 4077 735 4164 verisimilius
775 4079 958 4163 arteriosa
994 4079 1189 4193 pertinet,
1227 4075 1458 4164 erethismus
1497 4073 1612 4164 simul

182 4189 383 4276 violentus
408 4191 457 4274 ad
479 4194 646 4274 minima
671 4193 906 4276 circumfusa
932 4190 1047 4276 rubra
1079 4192 1314 4274 concitatur.
1347 4187 1458 4272 Hinc
1484 4188 1613 4274 incilia

181 4308 237 4388 est
254 4304 462 4388 oedematin
475 4303 592 4392 calidi
608 4303 873 4421 phlytboenost
887 4308 929 4388 in
948 4299 1153 4415 enyfipelas
1174 4301 1413 4404 conversana
1425 4299 1612 4416 utpusteb

182 4417 309 4530 ipsum
332 4415 543 4532 erysipelas·
566 4416 828 4502 obstmuiono
855 4414 965 4500 anili
990 4418 1031 4496 in
1056 4411 1343 4528 phlegmonem
1365 4417 1541 4500 uertitur.
1606 4459 1610 4475 ·

242 4531 336 4614 Nec
363 4535 461 4615 verb
486 4533 642 4617 theoria
674 4531 758 4614 hac
785 4559 831 4614 ut
856 4555 965 4612 areta
994 4521 1211 4642 speculatio
1240 4524 1419 4614 habenda
1446 4528 1499 4612 eli
1528 4555 1613 4638 qua

181 4641 246 4728 nil
274 4646 470 4757 praeiicoa
499 4641 607 4753 juvet
633 4677 649 4746 3
678 4642 746 4728 sed
779 4641 1064 4727 damonstmtur
1097 4639 1298 4730 evidenter
1331 4665 1387 4726 ea·
1416 4666 1474 4725 eo.
1503 4637 1613 4749 quod

183 4760 321 4840 omnis
343 4761 499 4874 enaptio
523 4755 744 4872 erysipelati
762 4754 999 4875 superpolita
1016 4753 1146 4842 faron
1168 4754 1236 4858 lit,
1259 4748 1510 4861 salvatorque
1531 4777 1616 4862 erpo

181 4869 324 4984 fipelan
339 4870 710 4990 symptomatieutn,
732 4897 800 4958 aut
815 4872 858 4958 iu
875 4867 1150 4989 phlpiioenau,
1167 4870 1287 4954 autin
1299 4863 1515 5059 {linum
1539 4887 1621 4950 neo

1376 5005 1402 5082 ¹1
