4226 5916
554 519 557 526 ,
647 337 1182 498 consuerat·
1540 439 1627 525 39,

184 566 457 686 erysipelastm
478 594 560 666 non
584 567 771 676 excedit,
797 569 900 656 &id
917 566 1037 654 habet
1057 567 1260 681 proprium
1279 594 1323 653 ut
1341 595 1393 656 ex
1414 572 1490 656 uni
1514 575 1624 689 parte

184 687 228 770 in
248 714 367 793 quam
387 684 542 770 desaevit
559 683 601 766 in
619 679 781 768 alteram
800 682 946 768 fetatur
955 744 969 786 ‚
996 709 1112 791 quam
1134 685 1311 793 protiuhs
1331 687 1492 769 invadit.
1524 689 1623 772 Pus
1707 695 1711 702 “

190 794 297 880 tereti
314 795 441 912 vulgo
448 859 461 905 ,
481 823 526 880 ut
546 819 658 880 norat
682 797 892 880 Severinus
913 799 955 880 in
976 807 1064 878 aere
1086 793 1355 908 Neapolitano
1381 801 1630 890 Medicinam

189 911 390 1016 sanitaris,
415 937 483 1024 per
500 911 670 1019 hyemen
687 908 943 1016 conticescit,
965 935 1059 994 vere
1079 911 1356 992 tantummodb
1377 913 1554 1019 seviens,
1585 926 1628 1001 δι

184 1050 255 1148 per
274 1025 439 1110 aestatcnr
464 1021 830 1136 perdurans-Unde
858 1045 903 1108 ut
927 1021 1125 1134 diagnosrs
1154 1020 1353 1132 utriusque
1380 1025 1511 1109 morbi
1537 1027 1625 1141 ipso

186 1136 340 1249 aspeiiu
359 1135 543 1240 evidens,
565 1137 619 1218 ita
638 1163 711 1249 pro
742 1135 843 1220 nosts
870 1131 1133 1219 dissimillima.
1158 1136 1266 1218 Nam
1290 1140 1439 1249 priores
1462 1141 1626 1226 roseolae

187 1247 378 1332 morbum
405 1257 446 1334 &
471 1245 675 1340 effectibus
699 1165 841 1336 {vum
854 1311 868 1353 ‚
893 1255 935 1332 δι
961 1247 1137 1330 successu
1160 1251 1370 1366 ancipitem
1396 1250 1627 1366 designant,

189 1359 272 1444 aliae
300 1365 398 1446 verb
423 1359 608 1445 morbum
635 1359 725 1444 solo
755 1359 884 1446 reditu
913 1359 1220 1444 incommodum
1250 1365 1501 1448 constituunt.
1533 1367 1627 1450 Nec

190 1472 312 1556 causae
336 1496 402 1558 aut
426 1478 578 1560 curatio
606 1471 745 1558 melilrs
771 1477 986 1558 convenire
1011 1473 1180 1588 possunt.

232 1587 388 1672 Priores
397 1591 520 1692 enim,
535 1611 623 1672 utut
636 1585 986 1702 depuratoriaefint,
1000 1593 1039 1668 ὃ(
1056 1616 1129 1699 pro
1143 1585 1284 1670 talibus
1297 1587 1432 1671 haberi
1441 1587 1626 1702 debeant,
1661 1602 1667 1614 '

190 1717 323 1784 tamen
346 1701 654 1814 symptomatum
682 1696 953 1811 magnitudine
980 1701 1121 1782 vitium
1152 1698 1230 1783 alte
1263 1697 1432 1814 lymphae
1458 1705 1626 1809 infixum

190 1813 441 1924 fignificant,
454 1811 843 1922 quodacrequidem
858 1811 926 1914 fit,
944 1809 1013 1895 sed
1027 1808 1142 1894 simul
1155 1815 1305 1918 fixum,
1327 1843 1432 1898 nunc
1450 1843 1627 1903 naturam
1679 1807 1682 1814 ¹

191 1925 398 2038 herpetum
432 1926 631 2029 referens,
661 1952 767 2007 nunc
798 1922 872 2006 alia
905 1919 982 2028 jam
1013 1928 1326 2038 praecognita&
1353 1929 1628 2042 predescripta

191 2033 361 2151 lympha
386 2042 510 2143 vitia,
534 2038 583 2122 ad
607 2037 864 2150 quaeaspesiu
887 2034 979 2138 solo.
1001 2041 1299 2150 &cognitione
1324 2039 1524 2124 causarum
1548 2039 1625 2127 illae⁷

192 2176 442 2234 revocantur.
466 2149 732 2234 Roseolarum
751 2152 858 2232 enirn
879 2146 1035 2232 illarum
1056 2150 1317 2262 primordhrm
1340 2156 1480 2266 repetit
1501 2154 1627 2240 Seve-

192 2267 300 2348 rinus
327 2263 350 2348 ὲ
375 2260 465 2348 bilis
490 2267 619 2370 vitio,
647 2263 767 2347 idest
797 2261 818 2344 *a
844 2265 1073 2345 conionum
1101 2287 1248 2346 tenore
1269 2263 1490 2372 infirmato,
1518 2267 1625 2352 unde

193 2375 483 2490 perspirationis
505 2379 627 2458 cottae
649 2375 822 2458 defectus
848 2374 999 2486 semper
1022 2371 1247 2480 redivivus,
1275 2381 1316 2456 ὅ(
1336 2375 1518 2460 fermenti
1541 2376 1627 2483 jura

194 2487 393 2601 capessens
407 2485 565 2570 tandem
580 2484 792 2595 inquilinus
808 2487 867 2590 lit,
885 2494 926 2569 ὅ(
942 2487 1109 2592 civitatis
1119 2482 1202 2589 jure
1212 2489 1373 2600 potitur.
1389 2489 1643 2577 Posteriores·-

193 2603 291 2684 verb
307 2629 403 2709 quas
422 2596 582 2714 proprie
605 2595 778 2680 roseolas
798 2595 977 2682 saltantes
998 2625 1144 2680 vocare
1168 2597 1221 2680 ob
1242 2596 1519 2684 volatilitatem
1566 2603 1640 2686 os·-

193 2705 326 2796 suinus
340 2773 362 2818 ‚,
373 2739 464 2796 acre
479 2711 638 2820 quidem
658 2735 885 2804 extraneum
903 2714 1135 2816 continent,
1151 2707 1217 2794 sed
1232 2708 1313 2794 fere
1328 2708 1494 2796 volatile
1505 2633 1637 2822 illird,

195 2823 308 2936 quod
336 2824 456 2938 ipsam
486 2853 570 2906 non
598 2823 714 2937 possit
741 2820 942 2937 lympham
970 2824 1012 2903 in
1039 2819 1105 2904 suit
1132 2820 1336 2906 substantii
1366 2825 1530 2931 vitiare,
1561 2827 1639 2914 sed

196 2935 308 3048 quod
328 2939 371 3020 in
390 2935 458 3023 illia
477 2961 713 3021 contentum
728 2939 809 3019 vim
825 2943 866 3018 ὃ(
886 2931 970 3041 jura
984 2931 1138 3018 obtinet
1156 2927 1628 3050 extraneijquocumqub

196 3052 382 3148 feratur3
408 3078 491 3134 nec·
509 3052 737 3134 cosiionem
763 3049 929 3160 recipit,
960 3045 1026 3131 sed
1053 3044 1208 3152 avolat,
1236 3049 1368 3130 autin
1395 3049 1642 3137 anfrailibus:

197 3162 365 3278 lymphae
394 3163 532 3246 dicatis
563 3160 849 3270 conquiescens
880 3158 1102 3264 delitescit,
1133 3158 1265 3244 donec
1295 3156 1425 3270 aliqua
1455 3161 1477 3244 ὲ
1509 3168 1630 3250 causis

199 3303 354 3360 motum
388 3274 451 3359 san
480 3277 582 3358 uinis
612 3281 654 3357 iit
684 3299 826 3366 natura
859 3274 1125 3356 annositatem
1153 3270 1413 3358 excitantibus
1427 3337 1443 3381 ,
1477 3305 1638 3364 novum·

200 3391 269 3503 ipsr
294 3392 429 3500 ignem
451 3306 589 3471 subdar
611 3395 653 3471 δι
676 3387 849 3502 sopitum
872 3385 1105 3472 reviviscere
1125 3385 1254 3469 faciat.

256 3501 422 3584 Curatio
455 3505 596 3614 pariter
623 3505 770 3693 prioris
807 3529 901 3584 cum
935 3497 1131 3583 cachexist
1154 3495 1296 3612 praeviss
1330 3473 1554 3695 composta
1586 3511 1629 3588 ὅ(

200 3613 333 3727 saepihs
361 3643 454 3696 cunr
486 3611 598 3696 senili
640 3616 793 3726 ymphae
822 3611 1061 3726 vappiditate
1091 3607 1310 3724 complexa:
1324 3673 1338 3718 ,
1370 3616 1410 3694 in
1440 3617 1642 3700 ‘cationes

201 3724 372 3842 praebet,
397 3723 538 3834 quibus
563 3723 756 3836 lympha,
788 3726 922 3806 srfieri
942 3724 1078 3835 polht,
1103 3751 1232 3808 novus
1260 3724 1497 3808 concilietur
1525 3732 1643 3813 nitor·
1743 3811 1744 3816 r

201 3838 344 3924 additis
366 3835 537 3951 partibus
560 3837 750 3941 aetuoso,
778 3843 820 3918 dt
839 3863 1008 3918 vacuato
1033 3835 1175 3919 fomite
1194 3833 1535 3922 morboso-Unde
1584 3861 1640 3924 ro.

204 3951 327 4036 causae
355 3953 543 4033 varietate
573 3947 722 4031 diversa
755 3975 935 4061 aptentur
966 3948 1265 4032 medicamenta.
1306 3951 1428 4030 Nunc
1442 4013 1456 4054 ,
1488 3951 1515 4029 sr
1550 3871 1632 4040 lbla

202 4061 530 4177 lynrphaticarum
553 4064 720 4175 partium
740 4060 889 4144 discors
909 4059 1067 4144 miscela
1088 4059 1239 4143 malum
1252 4061 1424 4165 efficiat,
1445 4064 1633 4150 antiscor·

181 4175 366 4264 butica:
389 4204 495 4257 nunc
516 4176 803 4288 srherpeticum
821 4176 926 4256 virus
948 4172 1088 4278 lateat,
1110 4171 1396 4282 antimonialia,
1426 4199 1491 4254 aut
1513 4181 1644 4264 etiam·

204 4283 452 4372 mercurialis
476 4285 758 4390 adhibeantur,
782 4315 831 4370 ex
852 4286 1052 4369 ordine&
1072 4285 1264 4366 methodo
1286 4283 1363 4389 jam
1387 4284 1499 4369 antei
1520 4295 1641 4402 pras--

206 4404 362 4516 criptis,
387 4395 442 4482 ita
460 4425 506 4483 ut
526 4403 567 4481 in
590 4397 668 4486 illis
692 4399 871 4480 curandis
895 4395 984 4509 plus
1010 4393 1271 4504 cause-quini
1296 4397 1505 4486 elfedlhurn
1532 4409 1632 4490 ratio
1766 4407 1767 4410 ‘

203 4514 405 4599 habeatur.
653 4607 655 4610 ,
909 4552 910 4558 ¹
1312 4543 1316 4550 ·
1409 4569 1414 4578 ·
1577 4569 1583 4578 -

262 4630 318 4710 At
331 4630 372 4708 in
391 4622 667 4738 posterioribus
683 4618 828 4736 duplex
842 4623 1055 4704 curationis
1069 4645 1224 4734 tempus
1242 4620 1553 4736 distinguendum
1568 4629 1649 4711 est..

206 4741 315 4822 Nam
341 4766 422 4848 quo
448 4765 630 4849 tempore
656 4733 928 4838 efflorescunt,
951 4737 1153 4847 pruriunt,
1179 4760 1296 4843 atque
1319 4733 1502 4842 saeviunt,
1525 4743 1650 4820 omni.

210 4879 288 4968 ope
309 4876 427 4964 atque
446 4847 567 4964 operi
587 4847 806 4934 cavendum
827 4850 949 4930 estne
967 4848 1281 4957 inflammentur,
1303 4856 1345 4932 dt
1367 4847 1514 4938 mutati
1533 4851 1650 4936 sucin¹
