4186 5908
480 486 634 582 240¹
918 451 1025 542 DE
1095 445 1457 546 MORBIS

517 586 701 707 ,scabiei
720 619 850 726 verb,
879 615 946 709 seu
970 620 1102 733 potius
1125 614 1355 736 papularum
1375 609 1634 736 prurientium
1655 609 1698 700 in
1716 634 1800 702 tem
1894 659 1916 684 -

480 759 620 821 mento
638 735 737 820 mire
753 727 1024 818 inflammabili
1042 734 1288 826 curationem
1307 759 1378 847 per
1393 725 1583 816 diluentia
1598 735 1641 814 dt
1655 724 1766 814 lanis
1818 733 1916 822 ruini

342 915 347 924 .
481 849 596 932 usum
628 845 853 932 concordes
886 843 1125 1068 descrigsere
1159 851 1203 929 dt
1231 844 1289 930 Η.
1323 842 1372 927 ab
1407 842 1573 950 Hecto,
1615 847 1658 928 dt
1693 869 1791 926 cum
1823 843 1913 960 ipso

482 961 691 1067 Riverius,
709 957 812 1044 locis
831 959 972 1042 citatis.
1043 988 1123 1064 uae,
1141 960 1320 1069 quamvis
1335 983 1535 1042 venenum
1548 951 1770 1040 scabiosum
1787 951 1913 1072 perse

482 1077 675 1188 attingere
697 1075 766 1157 vix
789 1057 948 1174 valbant
958 1131 973 1178 ,
997 1067 1136 1155 saltem
1155 1099 1230 1156 nos
1251 1069 1426 1155 edocent
1445 1068 1580 1181 quanti
1601 1067 1646 1168 stt
1665 1071 1800 1184 pretii,
1827 1067 1913 1154 &i

482 1183 788 1272 ferventioribus
810 1183 1108 1270 medicamentis
1133 1181 1267 1267 intuli
1292 1185 1476 1300 corporis
1500 1181 1780 1267 constitutione
1802 1177 1914 1266 absti-

484 1327 600 1404 nere,
624 1306 664 1384 ἃ
685 1300 875 1410 quantum
894 1299 1012 1381 etiam
1033 1293 1151 1412 poffit
1194 1297 1252 1379 ost
1266 1296 1452 1380 toleratas
1467 1287 1853 1410 scabieiiq'uriaslac
1862 1293 1915 1380 ad

483 1412 713 1524 sanguinem
742 1407 1012 1495 renovandum
1044 1415 1087 1492 dt
1117 1411 1186 1493 re‘
1218 1411 1299 1494 uias
1331 1407 1464 1493 morbi
1490 1403 1582 1492 exsu
1612 1404 1771 1492 erandm
1795 1439 1809 1508 ς
1834 1407 1913 1496 srve

482 1523 672 1659 asminum
683 1585 698 1628 ‚
724 1527 817 1656 cium
837 1520 860 1606 *a
878 1519 969 1606 bilis
988 1523 1211 1610 retentione
1224 1519 1483 1658 metuendum
1496 1435 1798 1634 qmdsupmest3
1819 1524 1914 1606 curn

476 1631 1558 1879 renutu§momordirte
1575 1630 1915 1850 ttulit

483 1858 591 1945 ribus
620 1858 1048 1983 prasertim-Omnem
1072 1862 1179 1944 enim
1198 1863 1387 1992 paginam
1412 1855 1619 1972 implebis,
1648 1858 1792 1942 srcirm
1813 1855 1914 1944 lane

484 1969 754 2058 antimoninlia
767 1999 976 2104 vaporata
989 1971 1260 2105 diapboretrca
1272 1973 1326 2057 stc
1342 1971 1473 2079 dina,
1495 1998 1540 2055 ut
1554 1973 1609 2055 est
1623 1966 1771 2054 bezoar
1786 1974 1915 2056 mine-

308 2153 311 2160 .
484 2082 593 2191 tale,
609 2086 870 2169 antimomum
886 2084 1202 2200 diaphoretrcum
1217 2081 1471 2193 mulorum,
1493 2085 1578 2168 irnb
1595 2089 1638 2168 ἃ
1652 2085 1915 2168 antimonium

357 2201 363 2210 '
486 2195 654 2287 cordum
675 2193 789 2281 sunul
810 2194 1046 2284 adhibueris.
1074 2197 1134 2282 Ea
1152 2198 1259 2284 enim
1277 2222 1485 2313 praeparata
1501 2195 1678 2282 fervente
1697 2193 1829 2282 scabie
1848 2200 1916 2282 vix

484 2307 708 2396 adhibenda
720 2369 735 2415 ,
778 2312 870 2394 cirm
903 2333 1045 2395 tonum
1075 2308 1259 2396 vasorum
1291 2307 1513 2416 extollant,
1546 2305 1615 2394 iun
1647 2307 1749 2424 pene
1781 2309 1915 2397 erant

484 2418 568 2523 ejus
593 2418 776 2532 reliquias
798 2429 841 2506 bt
862 2425 1133 2518 immutant&
1154 2446 1384 2536 proterunt,
1410 2423 1571 2534 hocque
1588 2422 1783 2538 precipue
1804 2451 1915 2507 com-

485 2533 612 2620 modo
641 2531 743 2620 bene
769 2531 811 2618 se
829 2531 971 2642 jaciant
981 2597 997 2642 ‚
1024 2531 1135 2646 qubd
1157 2564 1252 2620 curn
1273 2530 1375 2620 latie
1400 2529 1556 2649 placide
1580 2535 1853 2642 concordent,
1878 2535 1916 2620 ei

483 2646 722 2732 misceantur
754 2644 860 2732 belle
892 2646 1108 2738 admodum
1120 2711 1137 2754 ‚
1164 2647 1338 2758 ideoque
1364 2643 1447 2754 ejus
1474 2650 1637 2732 virtutes
1670 2645 1843 2732 exaltent
1872 2655 1916 2732 dt

484 2783 667 2874 augeant.
694 2758 844 2848 Verum
871 2759 1130 2845 Medicorum
1155 2761 1209 2845 eti
1234 2759 1276 2844 io
1303 2774 1386 2846 art‘t
1411 2762 1715 2846 exercitatorum
1736 2767 1777 2844 ot
1804 2762 1916 2873 prin-

482 2875 600 2988 cipiis
626 2868 818 2955 fultorum
842 2872 897 2958 do
966 2875 1077 2957 aticis
1106 2874 1210 2956 hanc
1233 2869 1301 2956 vel
1323 2868 1435 2956 illam
1459 2871 1686 2956 sumendam
1708 2872 1916 2961 indicatio-

486 3011 579 3188 ἔξω
594 3011 666 3095 pro
678 3010 720 3068 re
735 2981 881 3182 uniti&
900 2987 1055 3182 ciffire,
1074 2986 1114 3072 in
1182 2980 1268 3116 'bus
1279 2985 1367 3068 raris
1378 2979 1571 3071 aberrabit
1581 2983 1649 3098 qui
1658 2981 1919 3102 patlrologica

532 3121 731 3188 eoremata
792 3123 868 3184 trus
890 3123 931 3182 m
996 3121 1099 3184 tatus
1167 3121 1254 3184 errt.

675 3317 736 3427 49.
764 3321 830 3410 ne
856 3321 1072 3440 quorsum
1094 3323 1248 3432 Morsu
1271 3323 1338 3442 qur·
1350 3319 1514 3442 smnst
1532 3279 1741 3413 nm..
1799 3333 1804 3368 ι

541 3543 649 3632 Crim
676 3573 727 3634 ex
757 3547 1068 3664 praecedentibus
1098 3547 1190 3637 satis
1222 3549 1526 3637 demonstratum
1558 3547 1636 3638 elle
1670 3547 1918 3638 confidamus

482 3653 629 3742 scabiei
654 3685 845 3746 nomena
872 3660 928 3746 ud
950 3667 1129 3751 audores
1152 3667 1195 3749 in
1214 3663 1325 3748 sensu
1346 3663 1527 3750 latiffimb
1552 3663 1662 3751 fuine
1681 3679 1918 3796 acceptum,

484 3767 541 3854 nii
560 3771 705 3860 mirum
724 3690 872 3886 stsepd
878 3774 982 3890 apud
996 3779 1174 3862 ausiores
1188 3779 1304 3863 variis
1319 3775 1470 3864 morbis
1489 3805 1638 3862 nomen
1651 3777 1758 3864 idem
1776 3801 1919 3889 tmper-

482 3885 612 3975 tiatur.
640 3880 807 3968 Plurimi
828 3886 896 3974 vix
916 3914 966 4001 pa
993 3883 1077 3972 ulas
1096 3884 1119 3972 i
1136 3887 1267 3974 scabie
1286 3890 1546 4005 distinguunt,
1570 3919 1654 4002 qua
1668 3887 1746 4002 qui
1764 3889 1918 3972 ratione

485 3993 741 4126 discriminari
761 3992 930 4094 debeant
952 3915 1066 4113 stipsi
1089 3997 1178 4086 satis
1197 4001 1391 4088 ostensum
1416 4005 1481 4087 est.
1506 3999 1696 4088 Praeterei
1712 4000 1811 4087 verb
1832 3995 1919 4084 aliis

485 4129 604 4200 ettam
622 4107 772 4194 morbis
787 4135 936 4202 nomen
950 4109 1058 4202 idem
1076 4110 1267 4218 inditum,
1288 4111 1401 4196 nullo
1418 4115 1593 4230 resposis·
1608 4113 1658 4199 ad
1674 4113 1830 4218 cumas,
1850 4122 1919 4196 aut

484 4213 533 4298 ad
560 4223 807 4306 curationem
836 4219 986 4309 habito.
1016 4222 1077 4316 Ita
1099 4219 1136 4316 J.
1163 4222 1214 4316 de'
1236 4223 1345 4339 Vigo
1371 4231 1442 4331 (α)
1464 4229 1566 4312 inter
1592 4222 1739 4311 scabiei
1767 4224 1792 4308 s
1861 4226 1917 4308 ies

485 4322 632 4409 malurn
667 4341 947 4426 mortuum&
980 4333 1150 4451 ofhplrati
1186 4335 1364 4429 Arabum
1400 4365 1513 4424 veras
1539 4337 1744 4452 vitiliginis
1784 4361 1918 4424 urmes

485 4436 692 4544 accensett
714 4445 876 4559 &peni
893 4474 1032 4534 omnes
1047 4451 1225 4544 nudiores
1244 4447 1389 4544 scabiei
1402 4477 1577 4538 veneres:
1594 4454 1757 4536 nomine
1770 4469 1920 4534 vocam

484 4545 650 4676 pustulas
677 4581 865 4654 venereas
891 4587 905 4656 ς
934 4564 1112 4670 quamvis
1140 4592 1224 4657 non
1253 4563 1477 4676 negandum
1505 4563 1551 4670 fit
1574 4560 1683 4649 luem
1707 4585 1919 4647 veneream

485 4653 697 4792 aitquandb
715 4693 851 4757 veram
866 4665 1011 4768 scabiei
1029 4670 1199 4758 sormam
1221 4675 1385 4770 induere
1402 4707 1414 4774 t
1434 4671 1501 4766 sed
1516 4702 1611 4760 cnm
1627 4671 1706 4760 illis
1722 4671 1833 4762 certe
1847 4669 1922 4756 dis-

482 4794 693 4883 crepanuts
708 4803 792 4886 quae
816 4805 991 4873 naturam
1010 4779 1092 4894 ejus
1111 4785 1200 4884 satis
1225 4788 1417 4908 superque
1440 4784 1631 4876 indicent.
1659 4785 1815 4874 Rbtses
1836 4782 1920 4900 ipse

523 4925 581 5004 (a)
599 4920 733 5010 cimrg.
752 4925 845 4998 Prtl.
864 4935 914 4996 lib.
930 4953 959 5012 4.

1820 5021 1923 5110 nter
2072 5069 2073 5076 κ
