4188 5916
637 416 1127 503 cuTnNa1s
1326 385 1358 458 '·
1533 455 1610 531 3η

179 579 329 694 experri
339 641 353 685 ,
380 579 676 693 ingravescente
691 608 822 666 autem
836 579 992 664 luxurie
1009 587 1051 662 ὁ(
1069 580 1179 662 omni
1196 577 1424 666 deliciarum
1440 595 1612 696 genere,

178 696 221 776 in
235 693 365 776 lautos
381 719 498 804 atque
511 692 723 808 opulentos
742 723 887 808 magno
902 698 1054 836 impetu
1069 692 1335 800 desaevierint,
1352 695 1456 780 unde
1472 701 1613 814 herpes

178 835 251 918 pro
267 835 374 890 novo
388 803 542 893 habitus
554 809 606 891 est
622 807 765 892 morbo
777 807 875 892 &ab
883 809 972 890 Asia
981 806 1177 919 asportato
1186 869 1200 911 ‚
1210 813 1301 889 citrn
1312 807 1366 890 ibi
1378 805 1455 914 jam
1465 809 1614 896 dudum

177 919 341 1002 saevierit
355 919 457 1033 apud
474 919 643 1035 populos
657 919 752 1004 luxu
770 921 967 1005 &divitiis
981 920 1145 1025 fraslos,
1160 917 1479 1030 lauroqueviclui
1495 951 1612 1036 atque

179 1028 363 1116 omnibus
377 1031 624 1147 voluptatum
636 1032 833 1119 illecebris
844 1033 1013 1118 deditos.
1030 1032 1151 1117 Certe
1164 1033 1246 1116 duae
1260 1033 1348 1117 sunt
1358 1037 1444 1118 vitae
1458 1039 1612 1150 periodi

170 1145 219 1238 jn
250 1142 390 1253 quibus
419 1147 589 1232 maxime
614 1153 786 1232 emicant
811 1151 1003 1261 herpetes.
1033 1145 1164 1234 Prima
1191 1147 1243 1228 est
1269 1147 1452 1258 periodus
1480 1148 1546 1234 illa
1571 1155 1612 1234 in

180 1254 257 1366 qui
280 1275 423 1370 c'orpus
450 1259 498 1342 ad
521 1261 577 1344 sui
596 1264 829 1346 incrementi
847 1264 1000 1374 apicem
1020 1261 1218 1372 pervenit,
1240 1254 1398 1370 jamque
1422 1260 1613 1372 superflua

181 1369 393 1454 exundant.
419 1371 555 1456 Altera
569 1376 620 1458 est
632 1373 700 1456 ubi
714 1371 903 1456 menstrui
916 1372 1084 1456 cessante
1103 1376 1145 1453 in
1163 1371 1335 1454 foeminis
1354 1377 1609 1482 vacuatione,

129 1475 140 1492 ⁴
180 1486 338 1593 organis
362 1487 458 1569 verb
483 1485 595 1567 simul
616 1487 897 1598 perspiratoriis
923 1489 965 1566 in
987 1511 1159 1594 utroque
1182 1483 1274 1566 sexu
1301 1488 1428 1567 mimis
1452 1484 1610 1594 liberis,

179 1593 382 1708 appellens
418 1597 467 1679 ad
495 1625 627 1683 cutem
662 1602 804 1682 restitat
835 1596 1008 1711 lympha.
1041 1596 1228 1692 Undeut
1256 1593 1473 1704 junioribus
1504 1599 1612 1713 spem

181 1712 395 1792 curationis
432 1709 528 1792 facit
562 1715 643 1795 vita
681 1711 837 1815 sobria,
885 1712 1080 1793 exercitiis
1118 1737 1360 1822 temperata,
1396 1712 1450 1793 src
1487 1741 1611 1824 pauca

181 1823 349 1904 omnino
375 1822 460 1935 spes
490 1821 644 1907 senibus
674 1825 862 1937 superest,
892 1850 942 1906 ne
969 1825 1040 1905 her
1067 1849 1149 1905 etes
1176 1825 1512 1928 commoriantur,
1542 1827 1612 1907 nist

180 1935 366 2016 tamena
402 1933 481 2018 viri
517 1934 675 2020 lautiori
704 1937 753 2019 ad
786 1934 956 2018 sobriam
988 1855 1068 2018 sess
1100 1935 1188 2017 sero
1219 1936 1333 2016 nimis
1367 1963 1612 2021 convertant.

181 2046 283 2128 Non
309 2075 405 2159 ergo
431 2051 506 2130 hos
531 2047 672 2134 illosve
697 2048 809 2132 cibos
836 2049 1011 2132 incusare
1021 2046 1154 2132 -velim
1168 2110 1182 2151 ,
1209 2046 1276 2130 sed
1297 2050 1456 2129 nimiam
1481 2047 1614 2162 inglu-

181 2161 309 2264 viem,
341 2168 432 2244 cirm
462 2161 601 2246 dentur
623 2165 664 2246 in
684 2161 838 2247 senibus
858 2165 1037 2275 herpctes
1062 2165 1103 2245 in
1131 2157 1271 2271 quibus
1296 2163 1363 2243 vix
1390 2158 1472 2242 ulla
1498 2163 1615 2275 poffit

181 2273 349 2354 incusari
375 2276 612 2382 acrimonia,
640 2275 969 2391 superetranrom
990 2273 1150 2358 uberior
1170 2302 1310 2355 mucus
1333 2281 1375 2356 δε
1400 2273 1490 2356 vasa
1510 2305 1614 2356 rum-
1648 2375 1652 2384 ι

181 2411 276 2498 pere
290 2385 480 2473 videatur.

237 2502 295 2582 At
315 2507 438 2583 aer&
458 2498 642 2582 humidus
663 2507 703 2582 ὅ(
728 2499 891 2614 frigidus
913 2499 1232 2615 perspirationem
1253 2523 1388 2581 vetans
1414 2505 1456 2582 ὃ(
1479 2495 1613 2583 laxans

182 2608 433 2712 vasculorum
461 2613 829 2726 perspiratoriorum
855 2642 992 2696 tonum
1005 2675 1019 2716 ,
1051 2611 1159 2692 hisce
1189 2609 1339 2692 morbis
1366 2611 1494 2692 ansam
1522 2641 1615 2725 prae-

183 2722 263 2806 bet.
305 2723 419 2806 Unde
455 2727 501 2808 fit
543 2749 588 2806 ut
627 2725 730 2837 apud
765 2727 1054 2837 provinciarum
1092 2751 1175 2828 quae
1210 2722 1380 2804 Oceano
1416 2719 1613 2806 alluuntur

184 2833 336 2919 incolas
366 2835 496 2920 morbi
525 2835 584 2918 illi
613 2838 803 2952 herpetici
841 2836 1052 2920 admodum
1087 2834 1311 2943 frequentes
1348 2837 1612 2947 reperiantur,

186 2950 212 3030 sr
236 2948 442 3062 prasertim
462 2947 538 3031 unit
559 2977 608 3032 ex
631 2976 741 3064 parte
762 2947 902 3060 sylva,
928 2947 1046 3032 alteri
1067 2975 1115 3030 ex
1137 2973 1244 3061 parte
1266 2974 1430 3060 vapores
1456 2947 1614 3032 Oceani

184 3063 285 3143 intrir
316 3061 414 3144 sinus
442 3065 594 3175 accepti
617 3089 688 3176 per
707 3090 918 3174 ventorum
944 3064 1136 3144 ablionem
1167 3090 1250 3140 non
1278 3085 1529 3164 evertantur,
1559 3055 1613 3144 ob

187 3171 355 3255 collium
387 3176 611 3256 vicinorum
645 3178 867 3287 augustiam.
911 3173 1026 3258 Unde
1058 3171 1251 3281 aliquibus
1285 3201 1364 3254 non
1400 3175 1613 3286 provinciis

183 3284 318 3369 solum
330 3349 341 3388 ‚
362 3285 428 3370 sed
445 3295 486 3370 bc
506 3285 666 3372 urbibus
687 3287 882 3372 endemici
903 3287 990 3369 sunt
1004 3283 1132 3368 morbi
1148 3283 1228 3389 illi,
1245 3311 1289 3367 ut
1307 3288 1346 3367 in
1367 3283 1493 3368 nostri
1515 3282 1614 3366 Gal-

182 3395 266 3482 lica
293 3397 489 3482 Britannis
518 3397 724 3488 observare
743 3403 815 3503 est,
843 3430 925 3509 quae
950 3399 1182 3514 depressa&
1207 3397 1364 3479 liumilis
1410 3399 1611 3501 rovincia,

180 3519 272 3596 tinn
296 3514 403 3618 aquis
425 3514 476 3592 sta
505 3510 684 3596 nantibus
698 3510 898 3617 abundat,
922 3517 1004 3594 tum
1022 3507 1177 3594 sinubus
1197 3539 1278 3592 non
1302 3427 1611 3623 bellbperflatis.

244 3619 442 3729 Quartum
470 3543 627 3704 demimr
649 3634 688 3706 ὃ(
711 3623 893 3708 ultimum
914 3624 1113 3706 causarum
1139 3650 1261 3735 genus
1281 3624 1520 3706 constituunt
1543 3649 1614 3704 ve-

181 3761 293 3820 nena
311 3736 417 3814 varia
441 3731 540 3816 intri
566 3736 789 3846 sanguinem
814 3767 834 3818 a
864 3740 966 3820 entia
990 3767 1094 3846 quae,
1117 3738 1293 3844 quamvis
1317 3743 1357 3818 ὅ(
1382 3731 1614 3816 morborum

185 3859 233 3932 ὅ(
260 3843 461 3927 causarum
489 3873 610 3957 genus
635 3851 800 3930 omnino
822 3769 868 3930 ab
893 3847 1117 3962 herpetibus
1140 3849 1333 3933 diversum
1356 3849 1612 3949 constituant,

184 3985 323 4044 tamen
342 3959 381 4038 in
402 3961 580 4070 herpetes
600 3955 767 4068 quidam
786 3965 1090 4075 metamorphosr
1107 3967 1223 4061 etiam
1239 3961 1438 4072 persanata
1461 3985 1615 4040 niutan-

185 4101 274 4177 tur,
292 4075 402 4154 itaut
419 4069 547 4152 morbi
559 4097 681 4184 genus
698 4105 819 4156 unum
836 4079 876 4156 in
894 4073 999 4158 aliud
1017 4105 1140 4187 genus
1156 4073 1285 4156 morbi
1302 4072 1481 4152 converti
1499 4097 1615 4178 atque

188 4188 386 4268 immutari
413 4184 538 4268 visum
565 4185 693 4270 suerit.
724 4187 830 4272 Rern
858 4188 1048 4299 exemplis
1078 4190 1173 4268 mihi
1205 4211 1271 4296 per
1300 4179 1615 4266 observationem

190 4297 435 4410 depreheufis
458 4299 676 4412 expediam.
706 4299 773 4384 De
793 4305 877 4385 viru
896 4299 1123 4382 scorbutico
1136 4357 1148 4398 ,
1176 4294 1225 4376 de
1243 4322 1413 4378 venereo
1437 4324 1496 4378 res
1518 4299 1615 4378 mihi

191 4438 299 4493 certa
325 4409 563 4523 deprehensa
587 4411 672 4491 fuit.
700 4411 928 4494 Laborabat
958 4407 1240 4494 evidentissime
1269 4406 1335 4490 lue
1363 4406 1529 4492 venerei
1557 4413 1616 4492 vir

192 4521 352 4631 quidam
383 4527 540 4635 triginta
572 4549 694 4607 annos
728 4549 853 4605 natus.
892 4524 1000 4604 Inter
1030 4515 1153 4602 multa
1185 4517 1328 4604 &alia
1358 4510 1616 4631 symptomata

192 4636 404 4718 effloruere
426 4638 617 4748 herpetes.
641 4633 698 4718 Hi
719 4631 803 4740 jure
822 4663 896 4749 pro
911 4635 1085 4718 venereis
1101 4631 1244 4740 habiti,
1267 4633 1332 4716 sed
1348 4632 1529 4717 omnibus
1548 4661 1617 4747 per

191 4745 445 4834 mercuriales
458 4751 703 4832 inuneliones
719 4745 949 4832 abeuntibus
961 4746 1305 4862 symptomatibus,
1328 4749 1487 4860 repetiti
1502 4751 1617 4830 inter-

191 4855 245 4944 ni
267 4864 447 4948 omniurn
471 4859 762 4946 mercurialium
783 4861 1109 4954 administratione
1126 4858 1361 5058 perstabanltz
1366 4861 1415 4943 ad
1434 4857 1618 4944 mercurii

1373 5001 1394 5055 r
