4246 5900
533 433 1292 534 INTRODU'C-TIQ'
1351 439 1379 452 '⁵
1559 471 1612 560 ‘33

230 597 365 693 Pueris
386 609 541 696 veroin
558 606 634 696 hic
654 601 752 694 aeris
773 609 1053 694 constitutione
1074 607 1156 695 iere
1175 601 1385 717 omnibus,
1398 601 1612 726 'presertim

177 717 368 830 pituitosrs
379 785 395 829 ‚
423 721 520 835 sepe
534 722 683 808 accidit
702 748 748 806 ut
769 717 873 804 labia
888 723 1103 828 inflentur,
1125 723 1319 855 precipue
1341 724 1383 806 su
1413 726 1541 808 eriora
1568 735 1611 812 ὃ(

178 854 227 912 ex
248 832 403 920 naribus
418 840 566 921 humor
588 831 743 922 extillet
768 837 867 920 acris
882 837 977 946 qui,
1002 832 1098 917 dum
1123 865 1166 916 m
1184 863 1311 950 partes
1335 753 1521 944 suljeeas
1542 838 1612 923 de·

179 941 277 1028 cidit
289 1007 305 1051 ‚
327 975 391 1032 eas
412 949 543 1034 erodit
563 959 606 1034 bt
627 948 871 1054 inflammat,
895 949 1036 1030 crustas
1057 948 1154 1032 facit
1172 946 1488 1064 cryfipelatosas,
1514 950 1612 1065 sepe

177 1051 412 1169 obstinatas,
456 1093 540 1174 quae
577 1089 710 1146 tamen
737 1059 788 1144 ad
821 1063 1022 1152 catharros
1049 1089 1160 1144 acres
1193 1065 1412 1174 pertinent,
1443 1063 1613 1180 celiante
1753 1087 1756 1094 ’

175 1163 333 1364 filcificet
359 1183 404 1258 δι
422 1173 545 1260 reflui
565 1175 843 1289 perspiratione
856 1203 941 1287 quc
960 1171 983 1256 *a
999 1171 1136 1259 calore
1162 1177 1258 1258 aeris
1289 1179 1478 1290 concepit
1500 1201 1612 1262 acre·

217 1309 329 1371 nem.
965 1295 983 1328 ⁸

254 1397 433 1484 Sudores
455 1401 597 1484 urinosr
623 1430 724 1512 quos
756 1398 1014 1486 observavere
1042 1401 1150 1486 Lind
1161 1463 1175 1508 ,
1199 1401 1396 1509 Warren,
1424 1352 1612 1517 Hillaryp

173 1505 338 1593 Medici
363 1511 485 1626 Angli
510 1514 647 1624 quide
668 1517 916 1601 Americanis
945 1512 1094 1600 morbis
1122 1513 1332 1632 scripsere,
1360 1519 1453 1598 citm
1482 1515 1613 1602 subitb
1780 1551 1783 1557 ·

174 1619 374 1731 sistuntur,
392 1624 492 1714 mala
515 1631 616 1714 cutis
627 1609 796 1743 'peffima
815 1630 843 1711 st
865 1626 1116 1734 induxerint,
1141 1627 1190 1712 ab
1212 1629 1396 1713 acredine
1422 1625 1615 1715 erodente

177 1759 264 1928 plrta
279 1734 432 1932 ‚bbcne
450 1771 550 1938 cuni}
566 1745 675 1939 aesgssls
699 1745 944 1876 ademerit,
968 1745 1036 1852 qui
1056 1741 1261 1856 peffimum
1280 1740 1372 1825 inde
1396 1741 1439 1822 in
1463 1742 1614 1879 viscera

179 1855 1073 2096 turtures„osculorum
1089 1854 1171 2052 rr
1193 1853 1613 2054 innuite

232 2075 428 2212 Nthrlcst
446 2080 548 2166 adeo
566 2084 792 2199 oppositum
819 2080 1053 2166 morborum
1078 2109 1338 2166 cutaneorum
1394 2085 1613 2168 enerationi

182 2211 298 2317 etque
318 2191 442 2324 lngus
462 2222 670 2280 externum
686 2193 893 2282 ambientis
919 2194 1230 2309 athmosphaerae3
1244 2111 1492 2309 proindbque
1505 2194 1612 2281 nulli

183 2328 222 2434 ln
248 2301 354 2390 orbrs
380 2335 491 2422 parte
514 2314 616 2394 cutis
638 2310 742 2395 adeb
770 2313 869 2398 nitet
901 2337 1019 2420 atque
1047 2313 1091 2390 in·
1112 2306 1337 2392 borealibus
1363 2318 1406 2393 δι
1429 2310 1613 2422 frigidio-

185 2413 287 2612 nlpus
309 2419 550 2554 regionibus.
569 2423 662 2618 ξος
681 2451 814 2556 tamen
838 2423 963 2621 ipispm
988 2424 1110 2536 frigus
1134 2420 1343 2616 irumidupr
1367 2425 1478 2616 osrnni
1497 2423 1614 2619 vucrast

188 2557 876 2760 }.{l{⁸.¹2¹3¹..1'⁶.‘2n¹'3¹¹⁸.i.¹20¹3¹.3
902 2541 1383 2761 &guinliiipiliimb
1398 2561 1614 2732 ilii..

187 2759 313 2842 ansam
348 2761 542 2874 prebeat,
568 2759 626 2844 nil
650 2763 795 2844 mirum
823 2765 877 2845 est
905 2763 933 2843 st
967 2765 1114 2844 haerens
1147 2759 1441 2872 perspiratorius
1469 2762 1614 2846 humor

186 2869 233 2954 ad
247 2871 473 2986 glandulas
508 2877 608 2960 cutis
650 2878 853 3072 corrumpi
888 2873 1041 2990 poffit,
1081 2869 1216 2982 ibique
1254 2868 1422 2985 pustulas
1466 2873 1615 2960 excitet

186 2981 499 3100 suppuraturias,
530 2987 638 3074 leves
652 3018 798 3187 ‚dpppu
840 3019 928 3074 rum
946 2983 1017 3072 sub
1036 2989 1200 3070 nomine
1218 2986 1427 3118 cognitas,
1459 2989 1544 3071 imb
1569 2995 1614 3072 bt

187 3099 421 3216 erysrpelata.
443 3100 525 3186 Sed
543 3100 679 3188 levia'
750 3164 765 3208 ‚
798 3101 925 3216 vulgo
946 3098 1034 3216 plus
1067 3103 1295 3218 pervicactae
1323 3105 1441 3209 quim
1467 3099 1611 3188 furoris

185 3213 316 3298 seorim
337 3215 490 3315 ferunt3
503 3213 591 3331 plus
610 3215 713 3300 tedii
739 3213 858 3326 quim
876 3217 1030 3299 timoris
1047 3216 1102 3297 im
1132 3239 1275 3297 ortant.

240 3329 287 3412 In
340 3356 458 3414 enete
478 3332 575 3413 veri>
601 3329 805 3414 fatendum
828 3330 946 3434 est‚sr
968 3326 1017 3412 ab
1038 3245 1314 3412 obldrvatione
1334 3325 1421 3440 plus
1444 3322 1562 3442 quim
1590 3325 1613 3410 *a

185 3443 337 3527 theoria
364 3442 633 3556 pendeamus,
661 3446 850 3526 maximas
870 3440 1032 3552 quidem
1062 3441 1158 3522 aeris
1213 3465 1312 3523 artes
1337 3439 1415 3523 eise
1445 3442 1486 3521 in
1516 3466 1612 3566 pro-

186 3557 394 3640 movendis
415 3583 533 3664 atque
553 3555 739 3642 acuendis
776 3552 924 3640 morbis
950 3555 1125 3637 cutaneis
1137 3614 1151 3659 ,
1176 3469 1243 3638 lid
1265 3581 1422 3666 parvom
1448 3559 1490 3636 ὃς
1526 3556 1613 3636 exi·-

187 3697 304 3782 guam
329 3669 545 3754 admoditm
568 3673 609 3753 in
635 3667 901 3784 producendis
935 3664 1014 3752 illis
1041 3692 1158 3776 atque
1187 3665 1429 3778 generandis.
1461 3663 1611 3748 Saltem

186 3786 331 3868 finiris
352 3788 395 3867 δι
418 3782 706 3896 athmosphaerae
755 3787 998 3867 hoenomeua
1021 3775 1146 3864 subiti
1163 3783 1228 3882 ui,
1251 3805 1317 3862 aut
1334 3781 1490 3886 afflone
1510 3781 1612 3890 phy-

187 3895 262 3980 sici
289 3897 443 4010 agentia
467 3895 698 4012 spedientur.
719 3813 802 3980 led
820 3896 975 3980 interest
1002 3892 1262 3976 Medicorum
1288 3893 1612 4008 athmosphaeram

187 4009 256 4096 sub
278 4009 358 4094 alio
376 4017 417 4094 lit
438 4015 596 4124 prorsus
611 4010 771 4096 diverso
797 4005 951 4124 aspectu
974 4011 1129 4092 intueri.

252 4121 434 4210 Scilicet.
447 4124 603 4239 proprii
628 4126 672 4206 in
693 4125 861 4206 homine
891 4121 1185 4235 athmosphaerae'
1206 4141 1356 4202 nomen
1387 4112 1455 4200 srbi
1483 4120 1613 4205 vindi-

190 4265 255 4324 cat
278 4267 328 4324 ea
354 4241 450 4322 aeris
470 4237 584 4320 usura'
603 4265 720 4346 quam
746 4241 938 4350 perpetuo
958 4233 1046 4318 fcrb
1064 4231 1187 4314 halitu
1212 4229 1387 4312 ducit&
1407 4226 1475 4314 fibi
1497 4261 1615 4316 com·

192 4350 300 4435 bibit.
336 4351 555 4434 Enimverb
582 4350 741 4432 effebius
763 4349 927 4434 osfiduo
953 4371 1146 4430 renouare
1174 4349 1217 4426 dt
1241 4339 1364 4453 ueluti
1391 4341 1520 4458 plures
1546 4377 1616 4464 per

194 4493 313 4548 annos
329 4463 531 4548 infidentis
551 4489 668 4573 atque
695 4459 959 4546 incumbentis
983 4457 1104 4541 cause
1127 4455 1344 4540 'admoditm
1368 4458 1506 4544 diversi
1529 4463 1616 4548 sunt

35 4639 37 4680 .
193 4575 437 4690 emgacibus
456 4575 562 4682 illis,
595 4583 636 4659 dt
665 4601 874 4659 acutorum
893 4561 1170 4658 mutummodb
1198 4567 1430 4653 morborum
1460 4570 1615 4664 sevitiei

194 4691 395 4776 incitandae
418 4691 585 4776 idoneis.
605 4687 708 4798 Quae
734 4683 885 4772 scilicet
907 4715 1050 4800 corpus
1070 4683 1213 4768 affidub
1236 4681 1445 4788 imbuunt,
1472 4715 1618 4771 novem

193 4801 307 4916 iplius
320 4803 451 4912 fibris,
467 4832 613 4886 novam
634 4803 750 4915 ipsius
769 4799 1000 4904 humoribus
1016 4800 1185 4926 formam
1199 4798 1332 4881 afflant
1346 4805 1388 4882 δε
1402 4797 1610 4900 adstruunt,

193 4915 417 5005 undenovae
432 4916 640 5006 nescrmtur
652 4922 909 5032 proprietates
915 4947 931 5026 3
949 4943 1055 5000 noua
1068 4908 1613 5028 propellulucuexcremento.

1363 5021 1401 5112 Ε
