<?xml version="1.0" encoding="UTF-8"?>
<!DOCTYPE html PUBLIC "-//W3C//DTD XHTML 1.0 Transitional//EN"
    "http://www.w3.org/TR/xhtml1/DTD/xhtml1-transitional.dtd">
<html xmlns="http://www.w3.org/1999/xhtml" xml:lang="en" lang="en">
 <head>
  <title>
</title>
<meta http-equiv="Content-Type" content="text/html;charset=utf-8" />
  <meta name='ocr-system' content='tesseract 3.04.00' />
  <meta name='ocr-capabilities' content='ocr_page ocr_carea ocr_par ocr_line ocrx_word'/>
</head>
<body>
  <div class='ocr_page' id='page_1' title='image "./tractatusdemorb00cavegoog_0299.png"; bbox 0 0 4186 5908; ppageno 0'>
   <div class='ocr_carea' id='block_1_1' title="bbox 478 401 1467 522">
    <p class='ocr_par' dir='ltr' id='par_1_1' title="bbox 478 401 1467 522">
     <span class='ocr_line' id='line_1_1' title="bbox 478 401 1467 522; baseline -0.016 -18"><span class='ocrx_word' id='word_1_1' title='bbox 478 443 564 522; x_wconf 56' lang='grc' dir='ltr'>ιη</span> <span class='ocrx_word' id='word_1_2' title='bbox 922 405 1033 522; x_wconf 76' lang='lat' dir='ltr'>un</span> <span class='ocrx_word' id='word_1_3' title='bbox 1100 401 1467 492; x_wconf 84' lang='lat' dir='ltr'>Monars</span> 
     </span>
    </p>
   </div>
   <div class='ocr_carea' id='block_1_2' title="bbox 480 561 1927 4998">
    <p class='ocr_par' dir='ltr' id='par_1_2' title="bbox 480 561 1922 912">
     <span class='ocr_line' id='line_1_2' title="bbox 480 561 1921 678; baseline -0.007 -15"><span class='ocrx_word' id='word_1_4' title='bbox 480 573 661 663; x_wconf 87' lang='lat' dir='ltr'>humoris</span> <span class='ocrx_word' id='word_1_5' title='bbox 684 601 861 662; x_wconf 83' lang='lat' dir='ltr'>naturam</span> <span class='ocrx_word' id='word_1_6' title='bbox 879 567 1015 658; x_wconf 72' lang='lat' dir='ltr'>valan</span> <span class='ocrx_word' id='word_1_7' title='bbox 1034 571 1246 656; x_wconf 80' lang='lat' dir='ltr'>irnmrrtare</span> <span class='ocrx_word' id='word_1_8' title='bbox 1257 634 1271 678; x_wconf 98' lang='lat'>,</span> <span class='ocrx_word' id='word_1_9' title='bbox 1300 569 1523 654; x_wconf 74' lang='lat' dir='ltr'>funsliones</span> <span class='ocrx_word' id='word_1_10' title='bbox 1550 561 1778 652; x_wconf 81' lang='lat' dir='ltr'>nullatenlts</span> <span class='ocrx_word' id='word_1_11' title='bbox 1802 569 1921 656; x_wconf 69' lang='lat' dir='ltr'>inter-</span> 
     </span>
     <span class='ocr_line' id='line_1_3' title="bbox 480 679 1922 803; baseline -0.005 -27"><span class='ocrx_word' id='word_1_12' title='bbox 480 689 639 796; x_wconf 90' lang='lat' dir='ltr'>turbat,</span> <span class='ocrx_word' id='word_1_13' title='bbox 664 697 704 774; x_wconf 80' lang='lat' dir='ltr'>br</span> <span class='ocrx_word' id='word_1_14' title='bbox 721 683 1160 803; x_wconf 83' lang='lat' dir='ltr'>perspirationislocum</span> <span class='ocrx_word' id='word_1_15' title='bbox 1178 684 1361 786; x_wconf 70' lang='lat' dir='ltr'>obtinet,</span> <span class='ocrx_word' id='word_1_16' title='bbox 1379 684 1476 768; x_wconf 85' lang='lat' dir='ltr'>vasts</span> <span class='ocrx_word' id='word_1_17' title='bbox 1490 679 1643 765; x_wconf 74' lang='lat' dir='ltr'>scilicbt</span> <span class='ocrx_word' id='word_1_18' title='bbox 1658 679 1922 769; x_wconf 72' lang='lat' dir='ltr'>debilioribus</span> 
     </span>
     <span class='ocr_line' id='line_1_4' title="bbox 482 793 1756 912; baseline -0.008 -22"><span class='ocrx_word' id='word_1_19' title='bbox 482 813 530 890; x_wconf 73' lang='lat' dir='ltr'>dt</span> <span class='ocrx_word' id='word_1_20' title='bbox 541 803 694 889; x_wconf 79' lang='lat' dir='ltr'>refertis</span> <span class='ocrx_word' id='word_1_21' title='bbox 712 805 885 885; x_wconf 86' lang='lat' dir='ltr'>humore</span> <span class='ocrx_word' id='word_1_22' title='bbox 901 800 1109 905; x_wconf 80' lang='lat' dir='ltr'>craffiore,</span> <span class='ocrx_word' id='word_1_23' title='bbox 1129 797 1248 910; x_wconf 74' lang='lat' dir='ltr'>quam</span> <span class='ocrx_word' id='word_1_24' title='bbox 1270 824 1315 882; x_wconf 90' lang='lat' dir='ltr'>ut</span> <span class='ocrx_word' id='word_1_25' title='bbox 1335 793 1566 912; x_wconf 73' lang='lat' dir='ltr'>simpliciter</span> <span class='ocrx_word' id='word_1_26' title='bbox 1582 793 1756 880; x_wconf 78' lang='lat' dir='ltr'>exlralet:</span> 
     </span>
    </p>

    <p class='ocr_par' dir='ltr' id='par_1_3' title="bbox 481 908 1926 3741">
     <span class='ocr_line' id='line_1_5' title="bbox 538 908 1917 1026; baseline -0.007 -23"><span class='ocrx_word' id='word_1_27' title='bbox 538 919 688 1003; x_wconf 75' lang='lat' dir='ltr'>Verum</span> <span class='ocrx_word' id='word_1_28' title='bbox 719 916 748 996; x_wconf 91' lang='lat' dir='ltr'>fr</span> <span class='ocrx_word' id='word_1_29' title='bbox 777 911 930 998; x_wconf 85' lang='lat' dir='ltr'>malum</span> <span class='ocrx_word' id='word_1_30' title='bbox 954 911 978 998; x_wconf 70' lang='lat' dir='ltr'>a</span> <span class='ocrx_word' id='word_1_31' title='bbox 1005 909 1151 998; x_wconf 83' lang='lat' dir='ltr'>cellulai</span> <span class='ocrx_word' id='word_1_32' title='bbox 1184 915 1225 994; x_wconf 82' lang='lat' dir='ltr'>&#39;tn</span> <span class='ocrx_word' id='word_1_33' title='bbox 1255 908 1443 995; x_wconf 86' lang='lat' dir='ltr'>cellulam</span> <span class='ocrx_word' id='word_1_34' title='bbox 1471 908 1700 1026; x_wconf 87' lang='lat' dir='ltr'>proserpat,</span> <span class='ocrx_word' id='word_1_35' title='bbox 1731 911 1917 1017; x_wconf 25' lang='lat' dir='ltr'>srqcrustae</span> 
     </span>
     <span class='ocr_line' id='line_1_6' title="bbox 482 1022 1918 1148; baseline -0.003 -35"><span class='ocrx_word' id='word_1_36' title='bbox 482 1029 714 1148; x_wconf 77' lang='lat' dir='ltr'>profundius</span> <span class='ocrx_word' id='word_1_37' title='bbox 741 1025 973 1132; x_wconf 89' lang='lat' dir='ltr'>inurantur,</span> <span class='ocrx_word' id='word_1_38' title='bbox 1007 1027 1035 1107; x_wconf 89' lang='lat' dir='ltr'>li</span> <span class='ocrx_word' id='word_1_39' title='bbox 1067 1024 1328 1110; x_wconf 70' lang='lat' dir='ltr'>mmdanmr</span> <span class='ocrx_word' id='word_1_40' title='bbox 1361 1022 1440 1108; x_wconf 68' lang='lat' dir='ltr'>late</span> <span class='ocrx_word' id='word_1_41' title='bbox 1452 1086 1467 1131; x_wconf 94' lang='lat'>,</span> <span class='ocrx_word' id='word_1_42' title='bbox 1502 1026 1588 1104; x_wconf 84' lang='lat' dir='ltr'>tltm</span> <span class='ocrx_word' id='word_1_43' title='bbox 1623 1048 1834 1133; x_wconf 77' lang='lat' dir='ltr'><strong>antequam</strong></span> <span class='ocrx_word' id='word_1_44' title='bbox 1865 1023 1918 1109; x_wconf 86' lang='lat' dir='ltr'>de</span> 
     </span>
     <span class='ocr_line' id='line_1_7' title="bbox 481 1135 1918 1246; baseline -0.004 -18"><span class='ocrx_word' id='word_1_45' title='bbox 481 1141 630 1228; x_wconf 91' lang='lat' dir='ltr'>morbo</span> <span class='ocrx_word' id='word_1_46' title='bbox 654 1138 845 1246; x_wconf 86' lang='lat' dir='ltr'>judicium</span> <span class='ocrx_word' id='word_1_47' title='bbox 872 1138 1049 1245; x_wconf 78' lang='lat' dir='ltr'>seratur,</span> <span class='ocrx_word' id='word_1_48' title='bbox 1081 1135 1227 1245; x_wconf 90' lang='lat' dir='ltr'>color,</span> <span class='ocrx_word' id='word_1_49' title='bbox 1254 1137 1359 1222; x_wconf 87' lang='lat' dir='ltr'>odor</span> <span class='ocrx_word' id='word_1_50' title='bbox 1385 1139 1596 1221; x_wconf 89' lang='lat' dir='ltr'>crullarum</span> <span class='ocrx_word' id='word_1_51' title='bbox 1624 1143 1666 1219; x_wconf 64' lang='grc' dir='ltr'>ἃ</span> <span class='ocrx_word' id='word_1_52' title='bbox 1698 1136 1918 1222; x_wconf 87' lang='lat' dir='ltr'>vicinarum</span> 
     </span>
     <span class='ocr_line' id='line_1_8' title="bbox 482 1248 1921 1372; baseline -0.003 -33"><span class='ocrx_word' id='word_1_53' title='bbox 482 1256 651 1372; x_wconf 89' lang='lat' dir='ltr'>partium</span> <span class='ocrx_word' id='word_1_54' title='bbox 672 1250 856 1338; x_wconf 87' lang='lat' dir='ltr'>conditio</span> <span class='ocrx_word' id='word_1_55' title='bbox 876 1250 1154 1368; x_wconf 85' lang='lat' dir='ltr'>perpendenda</span> <span class='ocrx_word' id='word_1_56' title='bbox 1174 1277 1302 1336; x_wconf 89' lang='lat' dir='ltr'>erunt.</span> <span class='ocrx_word' id='word_1_57' title='bbox 1326 1248 1459 1336; x_wconf 89' lang='lat' dir='ltr'>Color</span> <span class='ocrx_word' id='word_1_58' title='bbox 1477 1251 1624 1354; x_wconf 84' lang='lat' dir='ltr'>flavus,</span> <span class='ocrx_word' id='word_1_59' title='bbox 1648 1249 1805 1333; x_wconf 75' lang='lat' dir='ltr'>sordide</span> <span class='ocrx_word' id='word_1_60' title='bbox 1824 1255 1921 1335; x_wconf 86' lang='lat' dir='ltr'>viri-</span> 
     </span>
     <span class='ocr_line' id='line_1_9' title="bbox 484 1360 1919 1480; baseline -0.003 -29"><span class='ocrx_word' id='word_1_61' title='bbox 484 1367 646 1452; x_wconf 87' lang='lat' dir='ltr'>descens</span> <span class='ocrx_word' id='word_1_62' title='bbox 661 1425 676 1471; x_wconf 95' lang='lat'>,</span> <span class='ocrx_word' id='word_1_63' title='bbox 704 1366 949 1449; x_wconf 78' lang='lat' dir='ltr'>consistentia</span> <span class='ocrx_word' id='word_1_64' title='bbox 975 1367 1186 1450; x_wconf 85' lang='lat' dir='ltr'>crustarum</span> <span class='ocrx_word' id='word_1_65' title='bbox 1216 1389 1337 1476; x_wconf 85' lang='lat' dir='ltr'>atque</span> <span class='ocrx_word' id='word_1_66' title='bbox 1359 1366 1465 1480; x_wconf 85' lang='lat' dir='ltr'>puris</span> <span class='ocrx_word' id='word_1_67' title='bbox 1496 1361 1588 1446; x_wconf 73' lang='lat' dir='ltr'>inde</span> <span class='ocrx_word' id='word_1_68' title='bbox 1615 1360 1764 1473; x_wconf 84' lang='lat' dir='ltr'>spiffior</span> <span class='ocrx_word' id='word_1_69' title='bbox 1779 1426 1793 1468; x_wconf 92' lang='lat'>,</span> <span class='ocrx_word' id='word_1_70' title='bbox 1822 1365 1919 1448; x_wconf 91' lang='lat' dir='ltr'>hinc</span> 
     </span>
     <span class='ocr_line' id='line_1_10' title="bbox 482 1475 1921 1594; baseline -0.004 -28"><span class='ocrx_word' id='word_1_71' title='bbox 482 1481 581 1566; x_wconf 84' lang='lat' dir='ltr'>verb</span> <span class='ocrx_word' id='word_1_72' title='bbox 599 1478 762 1561; x_wconf 88' lang='lat' dir='ltr'>mucosa</span> <span class='ocrx_word' id='word_1_73' title='bbox 781 1484 823 1560; x_wconf 77' lang='grc' dir='ltr'>δι</span> <span class='ocrx_word' id='word_1_74' title='bbox 839 1475 1084 1564; x_wconf 88' lang='lat' dir='ltr'>flocculenra</span> <span class='ocrx_word' id='word_1_75' title='bbox 1093 1539 1108 1585; x_wconf 97' lang='lat'>,</span> <span class='ocrx_word' id='word_1_76' title='bbox 1133 1477 1417 1594; x_wconf 74' lang='lat' dir='ltr'>pessumdatam</span> <span class='ocrx_word' id='word_1_77' title='bbox 1431 1477 1599 1560; x_wconf 70' lang='lat' dir='ltr'>omnini)</span> <span class='ocrx_word' id='word_1_78' title='bbox 1613 1477 1791 1558; x_wconf 86' lang='lat' dir='ltr'>humoris</span> <span class='ocrx_word' id='word_1_79' title='bbox 1809 1503 1921 1560; x_wconf 89' lang='lat' dir='ltr'>natu-</span> 
     </span>
     <span class='ocr_line' id='line_1_11' title="bbox 484 1591 1920 1706; baseline -0.003 -28"><span class='ocrx_word' id='word_1_80' title='bbox 484 1591 854 1678; x_wconf 83' lang='lat' dir='ltr'>tamdemonstranr</span> <span class='ocrx_word' id='word_1_81' title='bbox 875 1624 888 1692; x_wconf 79' lang='lat'>3</span> <span class='ocrx_word' id='word_1_82' title='bbox 913 1591 1194 1706; x_wconf 75' lang='lat' dir='ltr'>designantque</span> <span class='ocrx_word' id='word_1_83' title='bbox 1219 1592 1672 1703; x_wconf 85' lang='lat' dir='ltr'>mucumdegenerem,</span> <span class='ocrx_word' id='word_1_84' title='bbox 1697 1591 1920 1674; x_wconf 87' lang='lat' dir='ltr'>nutriendo·</span> 
     </span>
     <span class='ocr_line' id='line_1_12' title="bbox 486 1700 1918 1817; baseline -0.001 -27"><span class='ocrx_word' id='word_1_85' title='bbox 486 1733 564 1817; x_wconf 90' lang='lat' dir='ltr'>que</span> <span class='ocrx_word' id='word_1_86' title='bbox 590 1707 658 1788; x_wconf 87' lang='lat' dir='ltr'>vix</span> <span class='ocrx_word' id='word_1_87' title='bbox 690 1700 865 1788; x_wconf 92' lang='lat' dir='ltr'>habilem</span> <span class='ocrx_word' id='word_1_88' title='bbox 901 1733 1063 1789; x_wconf 89' lang='lat' dir='ltr'>omnem</span> <span class='ocrx_word' id='word_1_89' title='bbox 1097 1703 1360 1814; x_wconf 76' lang='lat' dir='ltr'>undequaque</span> <span class='ocrx_word' id='word_1_90' title='bbox 1391 1706 1647 1788; x_wconf 86' lang='lat' dir='ltr'>nutritionem</span> <span class='ocrx_word' id='word_1_91' title='bbox 1676 1705 1838 1808; x_wconf 88' lang='lat' dir='ltr'>vitiare,</span> <span class='ocrx_word' id='word_1_92' title='bbox 1874 1713 1918 1788; x_wconf 76' lang='lat' dir='ltr'>br</span> 
     </span>
     <span class='ocr_line' id='line_1_13' title="bbox 485 1817 1917 1932; baseline -0.001 -28"><span class='ocrx_word' id='word_1_93' title='bbox 485 1819 744 1904; x_wconf 83' lang='lat' dir='ltr'>eettiffimum</span> <span class='ocrx_word' id='word_1_94' title='bbox 768 1817 956 1904; x_wconf 83' lang='lat' dir='ltr'>inducere</span> <span class='ocrx_word' id='word_1_95' title='bbox 980 1818 1215 1902; x_wconf 88' lang='lat' dir='ltr'>marasmum</span> <span class='ocrx_word' id='word_1_96' title='bbox 1227 1879 1243 1925; x_wconf 95' lang='lat'>,</span> <span class='ocrx_word' id='word_1_97' title='bbox 1269 1820 1340 1901; x_wconf 86' lang='lat' dir='ltr'>nist</span> <span class='ocrx_word' id='word_1_98' title='bbox 1373 1822 1416 1901; x_wconf 91' lang='lat' dir='ltr'>in</span> <span class='ocrx_word' id='word_1_99' title='bbox 1447 1841 1583 1902; x_wconf 88' lang='lat' dir='ltr'>cutem</span> <span class='ocrx_word' id='word_1_100' title='bbox 1608 1841 1847 1932; x_wconf 84' lang='lat' dir='ltr'>expurgetur</span> <span class='ocrx_word' id='word_1_101' title='bbox 1876 1827 1917 1902; x_wconf 79' lang='lat' dir='ltr'>br</span> 
     </span>
     <span class='ocr_line' id='line_1_14' title="bbox 485 1957 1275 2017; baseline -0.005 0"><span class='ocrx_word' id='word_1_102' title='bbox 485 1957 697 2017; x_wconf 87' lang='lat' dir='ltr'>evertatur.</span> <span class='ocrx_word' id='word_1_103' title='bbox 847 2001 850 2014; x_wconf 79' lang='grc'>,</span> <span class='ocrx_word' id='word_1_104' title='bbox 1272 1993 1275 1999; x_wconf 86' lang='lat'><em>.</em></span> 
     </span>
     <span class='ocr_line' id='line_1_15' title="bbox 545 2039 1920 2158; baseline -0.002 -31"><span class='ocrx_word' id='word_1_105' title='bbox 545 2043 665 2127; x_wconf 86' lang='lat' dir='ltr'>Odor</span> <span class='ocrx_word' id='word_1_106' title='bbox 686 2047 729 2126; x_wconf 90' lang='lat' dir='ltr'>in</span> <span class='ocrx_word' id='word_1_107' title='bbox 755 2039 917 2127; x_wconf 75' lang='lat' dir='ltr'>infandi</span> <span class='ocrx_word' id='word_1_108' title='bbox 941 2042 1146 2158; x_wconf 84' lang='lat' dir='ltr'>degeneris</span> <span class='ocrx_word' id='word_1_109' title='bbox 1172 2044 1354 2129; x_wconf 83' lang='lat' dir='ltr'>humoris</span> <span class='ocrx_word' id='word_1_110' title='bbox 1375 2043 1537 2151; x_wconf 83' lang='lat' dir='ltr'>acidus,</span> <span class='ocrx_word' id='word_1_111' title='bbox 1565 2067 1633 2126; x_wconf 88' lang='lat' dir='ltr'>aut</span> <span class='ocrx_word' id='word_1_112' title='bbox 1656 2044 1787 2158; x_wconf 75' lang='lat' dir='ltr'>potins</span> <span class='ocrx_word' id='word_1_113' title='bbox 1816 2041 1920 2153; x_wconf 82' lang='lat' dir='ltr'>quasi</span> 
     </span>
     <span class='ocr_line' id='line_1_16' title="bbox 485 2153 1921 2272; baseline -0.001 -30"><span class='ocrx_word' id='word_1_114' title='bbox 485 2155 824 2242; x_wconf 88' lang='lat' dir='ltr'>fermentescentis</span> <span class='ocrx_word' id='word_1_115' title='bbox 856 2159 964 2272; x_wconf 80' lang='lat' dir='ltr'>pasta</span> <span class='ocrx_word' id='word_1_116' title='bbox 995 2157 1197 2264; x_wconf 82' lang='lat' dir='ltr'>fracidus,</span> <span class='ocrx_word' id='word_1_117' title='bbox 1225 2156 1373 2267; x_wconf 87' lang='lat' dir='ltr'>aliquid</span> <span class='ocrx_word' id='word_1_118' title='bbox 1403 2158 1602 2240; x_wconf 86' lang='lat' dir='ltr'>mordacis</span> <span class='ocrx_word' id='word_1_119' title='bbox 1631 2158 1674 2238; x_wconf 90' lang='lat' dir='ltr'>in</span> <span class='ocrx_word' id='word_1_120' title='bbox 1704 2153 1851 2240; x_wconf 87' lang='lat' dir='ltr'>oculos</span> <span class='ocrx_word' id='word_1_121' title='bbox 1880 2165 1921 2240; x_wconf 76' lang='lat' dir='ltr'>bt</span> 
     </span>
     <span class='ocr_line' id='line_1_17' title="bbox 488 2267 1921 2384; baseline 0 -30"><span class='ocrx_word' id='word_1_122' title='bbox 488 2297 624 2384; x_wconf 83' lang='lat' dir='ltr'>guttur</span> <span class='ocrx_word' id='word_1_123' title='bbox 648 2269 939 2381; x_wconf 85' lang='lat' dir='ltr'>inspicientium</span> <span class='ocrx_word' id='word_1_124' title='bbox 959 2274 1130 2376; x_wconf 88' lang='lat' dir='ltr'>emittit,</span> <span class='ocrx_word' id='word_1_125' title='bbox 1153 2273 1221 2382; x_wconf 90' lang='lat' dir='ltr'>qui</span> <span class='ocrx_word' id='word_1_126' title='bbox 1241 2269 1323 2354; x_wconf 71' lang='lat' dir='ltr'>fere</span> <span class='ocrx_word' id='word_1_127' title='bbox 1342 2268 1536 2382; x_wconf 84' lang='lat' dir='ltr'>lacrymas</span> <span class='ocrx_word' id='word_1_128' title='bbox 1557 2279 1599 2355; x_wconf 76' lang='grc' dir='ltr'>ὃ(</span> <span class='ocrx_word' id='word_1_129' title='bbox 1620 2269 1753 2354; x_wconf 83' lang='lat' dir='ltr'>tuffim</span> <span class='ocrx_word' id='word_1_130' title='bbox 1773 2267 1921 2354; x_wconf 89' lang='lat' dir='ltr'>eliciat.</span> 
     </span>
     <span class='ocr_line' id='line_1_18' title="bbox 490 2381 1919 2498; baseline -0.001 -31"><span class='ocrx_word' id='word_1_131' title='bbox 490 2385 577 2494; x_wconf 82' lang='lat' dir='ltr'>Qui</span> <span class='ocrx_word' id='word_1_132' title='bbox 596 2382 758 2496; x_wconf 89' lang='lat' dir='ltr'>quidem</span> <span class='ocrx_word' id='word_1_133' title='bbox 784 2381 915 2491; x_wconf 89' lang='lat' dir='ltr'>odor,</span> <span class='ocrx_word' id='word_1_134' title='bbox 951 2388 1128 2495; x_wconf 86' lang='lat' dir='ltr'>quamvis</span> <span class='ocrx_word' id='word_1_135' title='bbox 1154 2386 1337 2468; x_wconf 86' lang='lat' dir='ltr'>humoris</span> <span class='ocrx_word' id='word_1_136' title='bbox 1360 2386 1563 2498; x_wconf 88' lang='lat' dir='ltr'>ingemem</span> <span class='ocrx_word' id='word_1_137' title='bbox 1597 2385 1853 2467; x_wconf 87' lang='lat' dir='ltr'>acrimoniam</span> <span class='ocrx_word' id='word_1_138' title='bbox 1880 2389 1919 2466; x_wconf 89' lang='lat' dir='ltr'>in</span> 
     </span>
     <span class='ocr_line' id='line_1_19' title="bbox 487 2496 1921 2613; baseline 0.002 -34"><span class='ocrx_word' id='word_1_139' title='bbox 487 2496 574 2611; x_wconf 88' lang='lat' dir='ltr'>ipso</span> <span class='ocrx_word' id='word_1_140' title='bbox 608 2497 707 2582; x_wconf 88' lang='lat' dir='ltr'>ioco</span> <span class='ocrx_word' id='word_1_141' title='bbox 740 2501 782 2580; x_wconf 94' lang='lat' dir='ltr'>in</span> <span class='ocrx_word' id='word_1_142' title='bbox 812 2525 932 2608; x_wconf 87' lang='lat' dir='ltr'>quem</span> <span class='ocrx_word' id='word_1_143' title='bbox 970 2501 1100 2613; x_wconf 87' lang='lat' dir='ltr'>erupit</span> <span class='ocrx_word' id='word_1_144' title='bbox 1136 2496 1422 2582; x_wconf 84' lang='lat' dir='ltr'>increscentem</span> <span class='ocrx_word' id='word_1_145' title='bbox 1455 2497 1662 2612; x_wconf 72' lang='lat' dir='ltr'>designet,</span> <span class='ocrx_word' id='word_1_146' title='bbox 1698 2525 1781 2580; x_wconf 90' lang='lat' dir='ltr'>non</span> <span class='ocrx_word' id='word_1_147' title='bbox 1818 2497 1921 2582; x_wconf 82' lang='lat' dir='ltr'>adeb</span> 
     </span>
     <span class='ocr_line' id='line_1_20' title="bbox 487 2609 1919 2724; baseline -0.001 -30"><span class='ocrx_word' id='word_1_148' title='bbox 487 2636 621 2694; x_wconf 87' lang='lat' dir='ltr'>tamen</span> <span class='ocrx_word' id='word_1_149' title='bbox 653 2611 844 2724; x_wconf 82' lang='lat' dir='ltr'>insignem</span> <span class='ocrx_word' id='word_1_150' title='bbox 875 2640 1022 2695; x_wconf 87' lang='lat' dir='ltr'>noxam</span> <span class='ocrx_word' id='word_1_151' title='bbox 1053 2612 1204 2696; x_wconf 88' lang='lat' dir='ltr'>indicat</span> <span class='ocrx_word' id='word_1_152' title='bbox 1236 2637 1354 2722; x_wconf 88' lang='lat' dir='ltr'>atque</span> <span class='ocrx_word' id='word_1_153' title='bbox 1384 2609 1487 2694; x_wconf 89' lang='lat' dir='ltr'>odor</span> <span class='ocrx_word' id='word_1_154' title='bbox 1549 2611 1699 2694; x_wconf 88' lang='lat' dir='ltr'>utridus</span> <span class='ocrx_word' id='word_1_155' title='bbox 1725 2609 1919 2694; x_wconf 86' lang='lat' dir='ltr'>infantum</span> 
     </span>
     <span class='ocr_line' id='line_1_21' title="bbox 488 2641 1920 2840; baseline 0 -33"><span class='ocrx_word' id='word_1_156' title='bbox 488 2749 632 2808; x_wconf 87' lang='lat' dir='ltr'>naturae</span> <span class='ocrx_word' id='word_1_157' title='bbox 662 2727 830 2808; x_wconf 78' lang='lat' dir='ltr'>omnino</span> <span class='ocrx_word' id='word_1_158' title='bbox 857 2752 1098 2840; x_wconf 83' lang='lat' dir='ltr'>repugnans,</span> <span class='ocrx_word' id='word_1_159' title='bbox 1114 2719 1277 2840; x_wconf 67' lang='lat' dir='ltr'>&#39;ipsaque</span> <span class='ocrx_word' id='word_1_160' title='bbox 1307 2728 1362 2807; x_wconf 86' lang='lat' dir='ltr'>ita</span> <span class='ocrx_word' id='word_1_161' title='bbox 1392 2641 1595 2830; x_wconf 67' lang='lat' dir='ltr'>adversis,</span> <span class='ocrx_word' id='word_1_162' title='bbox 1622 2751 1666 2807; x_wconf 94' lang='lat' dir='ltr'>ut</span> <span class='ocrx_word' id='word_1_163' title='bbox 1692 2721 1920 2808; x_wconf 86' lang='lat' dir='ltr'>morbosam</span> 
     </span>
     <span class='ocr_line' id='line_1_22' title="bbox 490 2835 1926 2951; baseline -0.001 -30"><span class='ocrx_word' id='word_1_164' title='bbox 490 2837 694 2921; x_wconf 89' lang='lat' dir='ltr'>diathesrm</span> <span class='ocrx_word' id='word_1_165' title='bbox 719 2835 798 2921; x_wconf 71' lang='lat' dir='ltr'>alte</span> <span class='ocrx_word' id='word_1_166' title='bbox 824 2841 986 2922; x_wconf 85' lang='lat' dir='ltr'>infixam</span> <span class='ocrx_word' id='word_1_167' title='bbox 1013 2841 1228 2949; x_wconf 88' lang='lat' dir='ltr'>omniaque</span> <span class='ocrx_word' id='word_1_168' title='bbox 1251 2837 1411 2951; x_wconf 71' lang='lat' dir='ltr'>peffime</span> <span class='ocrx_word' id='word_1_169' title='bbox 1434 2842 1706 2922; x_wconf 88' lang='lat' dir='ltr'>immutantem</span> <span class='ocrx_word' id='word_1_170' title='bbox 1732 2835 1926 2936; x_wconf 76' lang='lat' dir='ltr'>demons-</span> 
     </span>
     <span class='ocr_line' id='line_1_23' title="bbox 490 2947 1919 3058; baseline 0.003 -26"><span class='ocrx_word' id='word_1_171' title='bbox 490 2975 596 3048; x_wconf 76' lang='lat' dir='ltr'>tret3</span> <span class='ocrx_word' id='word_1_172' title='bbox 616 2949 728 3058; x_wconf 92' lang='lat' dir='ltr'>quod</span> <span class='ocrx_word' id='word_1_173' title='bbox 750 2979 833 3033; x_wconf 89' lang='lat' dir='ltr'>non</span> <span class='ocrx_word' id='word_1_174' title='bbox 855 2953 902 3033; x_wconf 85' lang='lat' dir='ltr'>fit</span> <span class='ocrx_word' id='word_1_175' title='bbox 925 2953 1005 3035; x_wconf 81' lang='lat' dir='ltr'>stne</span> <span class='ocrx_word' id='word_1_176' title='bbox 1027 2953 1184 3035; x_wconf 91' lang='lat' dir='ltr'>summo</span> <span class='ocrx_word' id='word_1_177' title='bbox 1206 2955 1386 3033; x_wconf 88' lang='lat' dir='ltr'>omnium</span> <span class='ocrx_word' id='word_1_178' title='bbox 1411 2947 1642 3035; x_wconf 86' lang='lat' dir='ltr'>facultatum</span> <span class='ocrx_word' id='word_1_179' title='bbox 1667 2949 1919 3058; x_wconf 88' lang='lat' dir='ltr'>discrimine,</span> 
     </span>
     <span class='ocr_line' id='line_1_24' title="bbox 492 3061 1919 3177; baseline 0.003 -33"><span class='ocrx_word' id='word_1_180' title='bbox 492 3067 583 3144; x_wconf 80' lang='lat' dir='ltr'>clrm</span> <span class='ocrx_word' id='word_1_181' title='bbox 602 3064 704 3145; x_wconf 88' lang='lat' dir='ltr'>virio</span> <span class='ocrx_word' id='word_1_182' title='bbox 722 3061 891 3146; x_wconf 88' lang='lat' dir='ltr'>infantili</span> <span class='ocrx_word' id='word_1_183' title='bbox 909 3063 1073 3146; x_wconf 86' lang='lat' dir='ltr'>addatur</span> <span class='ocrx_word' id='word_1_184' title='bbox 1085 3065 1227 3148; x_wconf 84' lang='lat' dir='ltr'>vitium</span> <span class='ocrx_word' id='word_1_185' title='bbox 1242 3063 1441 3177; x_wconf 87' lang='lat' dir='ltr'>putridum</span> <span class='ocrx_word' id='word_1_186' title='bbox 1457 3065 1567 3174; x_wconf 90' lang='lat' dir='ltr'>quod</span> <span class='ocrx_word' id='word_1_187' title='bbox 1586 3067 1627 3148; x_wconf 91' lang='lat' dir='ltr'>in</span> <span class='ocrx_word' id='word_1_188' title='bbox 1645 3061 1719 3147; x_wconf 79' lang='lat' dir='ltr'>haic</span> <span class='ocrx_word' id='word_1_189' title='bbox 1740 3068 1919 3148; x_wconf 88' lang='lat' dir='ltr'>omnium</span> 
     </span>
     <span class='ocr_line' id='line_1_25' title="bbox 490 3172 1921 3292; baseline 0.004 -38"><span class='ocrx_word' id='word_1_190' title='bbox 490 3175 660 3288; x_wconf 89' lang='lat' dir='ltr'>partium</span> <span class='ocrx_word' id='word_1_191' title='bbox 682 3172 853 3258; x_wconf 91' lang='lat' dir='ltr'>mollitie</span> <span class='ocrx_word' id='word_1_192' title='bbox 876 3175 1082 3289; x_wconf 77' lang='lat' dir='ltr'>pessimum</span> <span class='ocrx_word' id='word_1_193' title='bbox 1105 3179 1157 3260; x_wconf 91' lang='lat' dir='ltr'>est</span> <span class='ocrx_word' id='word_1_194' title='bbox 1178 3179 1220 3261; x_wconf 76' lang='lat' dir='ltr'>a</span> <span class='ocrx_word' id='word_1_195' title='bbox 1238 3179 1321 3260; x_wconf 85' lang='lat' dir='ltr'>citb</span> <span class='ocrx_word' id='word_1_196' title='bbox 1339 3177 1580 3292; x_wconf 83' lang='lat' dir='ltr'>proserpens.</span> <span class='ocrx_word' id='word_1_197' title='bbox 1605 3179 1653 3260; x_wconf 94' lang='lat' dir='ltr'>In</span> <span class='ocrx_word' id='word_1_198' title='bbox 1673 3174 1747 3260; x_wconf 78' lang='lat' dir='ltr'>haic</span> <span class='ocrx_word' id='word_1_199' title='bbox 1766 3177 1921 3290; x_wconf 73' lang='lat' dir='ltr'>putrida</span> 
     </span>
     <span class='ocr_line' id='line_1_26' title="bbox 491 3285 1920 3402; baseline 0.003 -32"><span class='ocrx_word' id='word_1_200' title='bbox 491 3285 653 3370; x_wconf 86' lang='lat' dir='ltr'>diathesr</span> <span class='ocrx_word' id='word_1_201' title='bbox 675 3287 872 3402; x_wconf 90' lang='lat' dir='ltr'>eruptioni</span> <span class='ocrx_word' id='word_1_202' title='bbox 895 3287 1037 3402; x_wconf 88' lang='lat' dir='ltr'>puerili</span> <span class='ocrx_word' id='word_1_203' title='bbox 1056 3289 1098 3372; x_wconf 88' lang='lat' dir='ltr'>fu</span> <span class='ocrx_word' id='word_1_204' title='bbox 1127 3287 1302 3373; x_wconf 71' lang='lat' dir='ltr'>eraddita</span> <span class='ocrx_word' id='word_1_205' title='bbox 1319 3292 1386 3375; x_wconf 89' lang='lat' dir='ltr'>vix</span> <span class='ocrx_word' id='word_1_206' title='bbox 1411 3288 1549 3400; x_wconf 70' lang='lat' dir='ltr'>aliquae</span> <span class='ocrx_word' id='word_1_207' title='bbox 1574 3292 1703 3374; x_wconf 84' lang='lat' dir='ltr'>crusta</span> <span class='ocrx_word' id='word_1_208' title='bbox 1728 3289 1920 3402; x_wconf 83' lang='lat' dir='ltr'>speranda</span> 
     </span>
     <span class='ocr_line' id='line_1_27' title="bbox 491 3319 1922 3517; baseline 0.005 -35"><span class='ocrx_word' id='word_1_209' title='bbox 491 3397 591 3484; x_wconf 88' lang='lat' dir='ltr'>sunt.</span> <span class='ocrx_word' id='word_1_210' title='bbox 607 3398 829 3509; x_wconf 91' lang='lat' dir='ltr'>Liquantur</span> <span class='ocrx_word' id='word_1_211' title='bbox 848 3399 924 3484; x_wconf 80' lang='lat' dir='ltr'>illae</span> <span class='ocrx_word' id='word_1_212' title='bbox 946 3409 1011 3509; x_wconf 76' lang='lat' dir='ltr'>br,</span> <span class='ocrx_word' id='word_1_213' title='bbox 1036 3319 1308 3517; x_wconf 78' lang='lat' dir='ltr'>stliipersunt,</span> <span class='ocrx_word' id='word_1_214' title='bbox 1333 3431 1415 3486; x_wconf 90' lang='lat' dir='ltr'>non</span> <span class='ocrx_word' id='word_1_215' title='bbox 1439 3402 1636 3487; x_wconf 87' lang='lat' dir='ltr'>consertas</span> <span class='ocrx_word' id='word_1_216' title='bbox 1659 3401 1835 3512; x_wconf 90' lang='lat' dir='ltr'>videbis,</span> <span class='ocrx_word' id='word_1_217' title='bbox 1856 3429 1922 3490; x_wconf 89' lang='lat' dir='ltr'>aut</span> 
     </span>
     <span class='ocr_line' id='line_1_28' title="bbox 491 3510 1923 3632; baseline 0.006 -37"><span class='ocrx_word' id='word_1_218' title='bbox 491 3543 513 3595; x_wconf 85' lang='lat' dir='ltr'>a</span> <span class='ocrx_word' id='word_1_219' title='bbox 542 3510 804 3626; x_wconf 88' lang='lat' dir='ltr'>glomeratas,</span> <span class='ocrx_word' id='word_1_220' title='bbox 830 3513 898 3598; x_wconf 93' lang='lat' dir='ltr'>sed</span> <span class='ocrx_word' id='word_1_221' title='bbox 920 3514 1064 3630; x_wconf 85' lang='lat' dir='ltr'>sparsas</span> <span class='ocrx_word' id='word_1_222' title='bbox 1087 3523 1129 3600; x_wconf 74' lang='lat' dir='ltr'>br</span> <span class='ocrx_word' id='word_1_223' title='bbox 1149 3517 1253 3626; x_wconf 85' lang='lat' dir='ltr'>quast</span> <span class='ocrx_word' id='word_1_224' title='bbox 1276 3518 1363 3630; x_wconf 89' lang='lat' dir='ltr'>puri</span> <span class='ocrx_word' id='word_1_225' title='bbox 1382 3519 1599 3603; x_wconf 89' lang='lat' dir='ltr'>innatantes</span> <span class='ocrx_word' id='word_1_226' title='bbox 1619 3520 1684 3602; x_wconf 85' lang='lat' dir='ltr'>cui</span> <span class='ocrx_word' id='word_1_227' title='bbox 1706 3543 1776 3632; x_wconf 86' lang='lat' dir='ltr'>per</span> <span class='ocrx_word' id='word_1_228' title='bbox 1795 3545 1923 3632; x_wconf 85' lang='lat' dir='ltr'>pauca</span> 
     </span>
     <span class='ocr_line' id='line_1_29' title="bbox 491 3625 1078 3741; baseline 0.007 -31"><span class='ocrx_word' id='word_1_229' title='bbox 491 3627 519 3710; x_wconf 85' lang='lat' dir='ltr'>fi</span> <span class='ocrx_word' id='word_1_230' title='bbox 561 3653 692 3710; x_wconf 90' lang='lat' dir='ltr'>menta</span> <span class='ocrx_word' id='word_1_231' title='bbox 712 3625 1005 3741; x_wconf 83' lang='lat' dir='ltr'>superinsrdent.</span> <span class='ocrx_word' id='word_1_232' title='bbox 1058 3675 1078 3714; x_wconf 80' lang='grc' dir='ltr'><strong>ι</strong></span> 
     </span>
    </p>

    <p class='ocr_par' dir='ltr' id='par_1_4' title="bbox 491 3736 1927 4998">
     <span class='ocr_line' id='line_1_30' title="bbox 548 3736 1923 3860; baseline 0.004 -37"><span class='ocrx_word' id='word_1_233' title='bbox 548 3737 613 3823; x_wconf 80' lang='lat' dir='ltr'>Ab</span> <span class='ocrx_word' id='word_1_234' title='bbox 632 3736 706 3822; x_wconf 75' lang='lat' dir='ltr'>hle</span> <span class='ocrx_word' id='word_1_235' title='bbox 727 3738 847 3823; x_wconf 91' lang='lat' dir='ltr'>semel</span> <span class='ocrx_word' id='word_1_236' title='bbox 869 3741 993 3854; x_wconf 75' lang='lat' dir='ltr'>posrtl</span> <span class='ocrx_word' id='word_1_237' title='bbox 1010 3743 1185 3858; x_wconf 87' lang='lat' dir='ltr'>diagnofr</span> <span class='ocrx_word' id='word_1_238' title='bbox 1204 3743 1351 3860; x_wconf 85' lang='lat' dir='ltr'>pendet</span> <span class='ocrx_word' id='word_1_239' title='bbox 1367 3745 1584 3858; x_wconf 81' lang='lat' dir='ltr'>prognosss.</span> <span class='ocrx_word' id='word_1_240' title='bbox 1609 3742 1769 3828; x_wconf 87' lang='lat' dir='ltr'>Etenim</span> <span class='ocrx_word' id='word_1_241' title='bbox 1790 3749 1923 3829; x_wconf 84' lang='lat' dir='ltr'>trullis</span> 
     </span>
     <span class='ocr_line' id='line_1_31' title="bbox 491 3848 1922 3974; baseline 0.004 -38"><span class='ocrx_word' id='word_1_242' title='bbox 491 3851 645 3939; x_wconf 90' lang='lat' dir='ltr'>levibus</span> <span class='ocrx_word' id='word_1_243' title='bbox 662 3848 763 3936; x_wconf 71' lang='lat' dir='ltr'>ultra</span> <span class='ocrx_word' id='word_1_244' title='bbox 780 3853 1064 3968; x_wconf 90' lang='lat' dir='ltr'>epidermidem</span> <span class='ocrx_word' id='word_1_245' title='bbox 1084 3887 1168 3940; x_wconf 88' lang='grc' dir='ltr'><strong>ιιοιι</strong></span> <span class='ocrx_word' id='word_1_246' title='bbox 1181 3859 1369 3974; x_wconf 88' lang='lat' dir='ltr'>protensrs</span> <span class='ocrx_word' id='word_1_247' title='bbox 1382 3861 1449 3944; x_wconf 89' lang='lat' dir='ltr'>vix</span> <span class='ocrx_word' id='word_1_248' title='bbox 1464 3856 1594 3941; x_wconf 91' lang='lat' dir='ltr'>morbi</span> <span class='ocrx_word' id='word_1_249' title='bbox 1608 3876 1755 3941; x_wconf 85' lang='lat' dir='ltr'>nomen</span> <span class='ocrx_word' id='word_1_250' title='bbox 1771 3855 1922 3942; x_wconf 86' lang='lat' dir='ltr'>tribue·</span> 
     </span>
     <span class='ocr_line' id='line_1_32' title="bbox 492 3966 1923 4083; baseline 0.006 -37"><span class='ocrx_word' id='word_1_251' title='bbox 492 3970 558 4050; x_wconf 90' lang='lat' dir='ltr'>ris.</span> <span class='ocrx_word' id='word_1_252' title='bbox 579 3969 635 4051; x_wconf 87' lang='lat' dir='ltr'>At</span> <span class='ocrx_word' id='word_1_253' title='bbox 654 3969 695 4051; x_wconf 95' lang='lat' dir='ltr'>in</span> <span class='ocrx_word' id='word_1_254' title='bbox 717 3966 936 4052; x_wconf 89' lang='lat' dir='ltr'>dentitione</span> <span class='ocrx_word' id='word_1_255' title='bbox 956 3967 1002 4051; x_wconf 82' lang='lat' dir='ltr'>sa</span> <span class='ocrx_word' id='word_1_256' title='bbox 1030 3969 1053 4053; x_wconf 82' lang='grc' dir='ltr'>ὲ</span> <span class='ocrx_word' id='word_1_257' title='bbox 1072 3976 1229 4083; x_wconf 79' lang='lat' dir='ltr'>gravius</span> <span class='ocrx_word' id='word_1_258' title='bbox 1248 3975 1349 4058; x_wconf 86' lang='lat' dir='ltr'>cutis</span> <span class='ocrx_word' id='word_1_259' title='bbox 1367 3969 1542 4082; x_wconf 88' lang='lat' dir='ltr'>laborat,</span> <span class='ocrx_word' id='word_1_260' title='bbox 1560 3979 1760 4081; x_wconf 82' lang='lat' dir='ltr'>&amp;omnes</span> <span class='ocrx_word' id='word_1_261' title='bbox 1774 3967 1923 4080; x_wconf 85' lang='lat' dir='ltr'>squam·</span> 
     </span>
     <span class='ocr_line' id='line_1_33' title="bbox 492 3999 1925 4200; baseline 0.007 -41"><span class='ocrx_word' id='word_1_262' title='bbox 492 4076 611 4163; x_wconf 89' lang='lat' dir='ltr'>mulis</span> <span class='ocrx_word' id='word_1_263' title='bbox 630 4089 672 4164; x_wconf 73' lang='lat' dir='ltr'>ft</span> <span class='ocrx_word' id='word_1_264' title='bbox 690 4079 904 4166; x_wconf 86' lang='lat' dir='ltr'>ulcusculis</span> <span class='ocrx_word' id='word_1_265' title='bbox 922 3999 1195 4197; x_wconf 79' lang='lat' dir='ltr'>exasperantur</span> <span class='ocrx_word' id='word_1_266' title='bbox 1216 4113 1337 4200; x_wconf 81' lang='lat' dir='ltr'>gena.</span> <span class='ocrx_word' id='word_1_267' title='bbox 1365 4083 1528 4170; x_wconf 91' lang='lat' dir='ltr'>Humor</span> <span class='ocrx_word' id='word_1_268' title='bbox 1553 4083 1737 4168; x_wconf 91' lang='lat' dir='ltr'>mucosus</span> <span class='ocrx_word' id='word_1_269' title='bbox 1756 4081 1867 4168; x_wconf 84' lang='lat' dir='ltr'>brevi</span> <span class='ocrx_word' id='word_1_270' title='bbox 1886 4087 1925 4169; x_wconf 90' lang='lat' dir='ltr'>in</span> 
     </span>
     <span class='ocr_line' id='line_1_34' title="bbox 496 4191 1923 4314; baseline 0.008 -42"><span class='ocrx_word' id='word_1_271' title='bbox 496 4193 636 4274; x_wconf 89' lang='lat' dir='ltr'>crustas</span> <span class='ocrx_word' id='word_1_272' title='bbox 655 4191 758 4300; x_wconf 88' lang='lat' dir='ltr'>abit,</span> <span class='ocrx_word' id='word_1_273' title='bbox 781 4226 888 4279; x_wconf 91' lang='lat' dir='ltr'>nunc</span> <span class='ocrx_word' id='word_1_274' title='bbox 907 4201 1061 4310; x_wconf 78' lang='lat' dir='ltr'>gravina</span> <span class='ocrx_word' id='word_1_275' title='bbox 1081 4227 1174 4280; x_wconf 90' lang='lat' dir='ltr'>cum</span> <span class='ocrx_word' id='word_1_276' title='bbox 1195 4202 1371 4310; x_wconf 87' lang='lat' dir='ltr'>pruritu,</span> <span class='ocrx_word' id='word_1_277' title='bbox 1393 4228 1498 4282; x_wconf 89' lang='lat' dir='ltr'>nunc</span> <span class='ocrx_word' id='word_1_278' title='bbox 1521 4202 1599 4284; x_wconf 83' lang='lat' dir='ltr'>stne</span> <span class='ocrx_word' id='word_1_279' title='bbox 1617 4199 1762 4314; x_wconf 90' lang='lat' dir='ltr'>pruritu</span> <span class='ocrx_word' id='word_1_280' title='bbox 1784 4195 1923 4284; x_wconf 73' lang='lat' dir='ltr'>levitis.</span> 
     </span>
     <span class='ocr_line' id='line_1_35' title="bbox 495 4295 1925 4426; baseline 0.008 -43"><span class='ocrx_word' id='word_1_281' title='bbox 495 4295 569 4397; x_wconf 78' lang='lat' dir='ltr'>Har</span> <span class='ocrx_word' id='word_1_282' title='bbox 585 4331 724 4386; x_wconf 89' lang='lat' dir='ltr'>omnes</span> <span class='ocrx_word' id='word_1_283' title='bbox 742 4313 967 4422; x_wconf 85' lang='lat' dir='ltr'>eruptiones</span> <span class='ocrx_word' id='word_1_284' title='bbox 982 4307 1083 4396; x_wconf 73' lang='lat' dir='ltr'>ultra</span> <span class='ocrx_word' id='word_1_285' title='bbox 1097 4310 1326 4396; x_wconf 87' lang='lat' dir='ltr'>dentitionis</span> <span class='ocrx_word' id='word_1_286' title='bbox 1340 4316 1552 4398; x_wconf 88' lang='lat' dir='ltr'>terminum</span> <span class='ocrx_word' id='word_1_287' title='bbox 1567 4343 1649 4412; x_wconf 84' lang='lat' dir='ltr'>noq</span> <span class='ocrx_word' id='word_1_288' title='bbox 1668 4309 1925 4426; x_wconf 90' lang='lat' dir='ltr'>progrediun-</span> 
     </span>
     <span class='ocr_line' id='line_1_36' title="bbox 495 4415 1926 4541; baseline 0.008 -45"><span class='ocrx_word' id='word_1_289' title='bbox 495 4437 582 4519; x_wconf 88' lang='lat' dir='ltr'>tur,</span> <span class='ocrx_word' id='word_1_290' title='bbox 600 4423 640 4500; x_wconf 75' lang='grc' dir='ltr'>δι</span> <span class='ocrx_word' id='word_1_291' title='bbox 663 4415 771 4502; x_wconf 77' lang='lat' dir='ltr'>nulll</span> <span class='ocrx_word' id='word_1_292' title='bbox 786 4429 1044 4511; x_wconf 88' lang='lat' dir='ltr'>excavationc</span> <span class='ocrx_word' id='word_1_293' title='bbox 1059 4429 1182 4510; x_wconf 88' lang='lat' dir='ltr'>cutim</span> <span class='ocrx_word' id='word_1_294' title='bbox 1203 4425 1422 4541; x_wconf 88' lang='lat' dir='ltr'>deturpant.</span> <span class='ocrx_word' id='word_1_295' title='bbox 1436 4427 1589 4510; x_wconf 89' lang='lat' dir='ltr'>Vacant</span> <span class='ocrx_word' id='word_1_296' title='bbox 1608 4427 1724 4510; x_wconf 91' lang='lat' dir='ltr'>etiam</span> <span class='ocrx_word' id='word_1_297' title='bbox 1744 4425 1926 4538; x_wconf 89' lang='lat' dir='ltr'>periculo</span> 
     </span>
     <span class='ocr_line' id='line_1_37' title="bbox 494 4523 1925 4650; baseline 0.008 -40"><span class='ocrx_word' id='word_1_298' title='bbox 494 4523 698 4613; x_wconf 86' lang='lat' dir='ltr'>ulcuscula</span> <span class='ocrx_word' id='word_1_299' title='bbox 717 4531 849 4616; x_wconf 84' lang='lat' dir='ltr'>savum</span> <span class='ocrx_word' id='word_1_300' title='bbox 871 4537 1099 4647; x_wconf 90' lang='lat' dir='ltr'>referentia,</span> <span class='ocrx_word' id='word_1_301' title='bbox 1122 4571 1206 4650; x_wconf 83' lang='lat' dir='ltr'>qua</span> <span class='ocrx_word' id='word_1_302' title='bbox 1227 4569 1332 4623; x_wconf 87' lang='lat' dir='ltr'>nunt</span> <span class='ocrx_word' id='word_1_303' title='bbox 1354 4543 1462 4646; x_wconf 78' lang='lat' dir='ltr'>hirc,</span> <span class='ocrx_word' id='word_1_304' title='bbox 1486 4569 1591 4622; x_wconf 89' lang='lat' dir='ltr'>nunc</span> <span class='ocrx_word' id='word_1_305' title='bbox 1615 4537 1711 4622; x_wconf 83' lang='lat' dir='ltr'>illltc</span> <span class='ocrx_word' id='word_1_306' title='bbox 1734 4535 1925 4646; x_wconf 88' lang='lat' dir='ltr'>volitant,</span> 
     </span>
     <span class='ocr_line' id='line_1_38' title="bbox 498 4642 1926 4832; baseline 0.008 -107"><span class='ocrx_word' id='word_1_307' title='bbox 498 4648 541 4725; x_wconf 78' lang='lat' dir='ltr'>dr</span> <span class='ocrx_word' id='word_1_308' title='bbox 568 4642 637 4723; x_wconf 79' lang='lat' dir='ltr'>nist</span> <span class='ocrx_word' id='word_1_309' title='bbox 662 4671 780 4832; x_wconf 86' lang='lat' dir='ltr'>prava</span> <span class='ocrx_word' id='word_1_310' title='bbox 809 4646 1037 4732; x_wconf 87' lang='lat' dir='ltr'>adhibeatur</span> <span class='ocrx_word' id='word_1_311' title='bbox 1063 4655 1276 4738; x_wconf 90' lang='lat' dir='ltr'>medicatio</span> <span class='ocrx_word' id='word_1_312' title='bbox 1302 4657 1390 4736; x_wconf 85' lang='lat' dir='ltr'>rarb</span> <span class='ocrx_word' id='word_1_313' title='bbox 1414 4657 1454 4734; x_wconf 88' lang='lat' dir='ltr'>in</span> <span class='ocrx_word' id='word_1_314' title='bbox 1480 4654 1666 4738; x_wconf 90' lang='lat' dir='ltr'>interiora</span> <span class='ocrx_word' id='word_1_315' title='bbox 1690 4646 1926 4736; x_wconf 84' lang='lat' dir='ltr'>referuntur.</span> 
     </span>
     <span class='ocr_line' id='line_1_39' title="bbox 495 4755 1927 4881; baseline 0.007 -43"><span class='ocrx_word' id='word_1_316' title='bbox 495 4755 552 4838; x_wconf 88' lang='lat' dir='ltr'>At</span> <span class='ocrx_word' id='word_1_317' title='bbox 564 4781 647 4834; x_wconf 91' lang='lat' dir='ltr'>uno</span> <span class='ocrx_word' id='word_1_318' title='bbox 680 4781 759 4838; x_wconf 93' lang='lat' dir='ltr'>oco</span> <span class='ocrx_word' id='word_1_319' title='bbox 780 4761 951 4845; x_wconf 90' lang='lat' dir='ltr'>nitorem</span> <span class='ocrx_word' id='word_1_320' title='bbox 970 4766 1168 4876; x_wconf 89' lang='lat' dir='ltr'>pristinum</span> <span class='ocrx_word' id='word_1_321' title='bbox 1189 4769 1416 4876; x_wconf 89' lang='lat' dir='ltr'>acquirente</span> <span class='ocrx_word' id='word_1_322' title='bbox 1433 4763 1559 4881; x_wconf 81' lang='lat' dir='ltr'>vulgi&gt;</span> <span class='ocrx_word' id='word_1_323' title='bbox 1579 4765 1744 4852; x_wconf 88' lang='lat' dir='ltr'>alterum</span> <span class='ocrx_word' id='word_1_324' title='bbox 1763 4763 1927 4850; x_wconf 75' lang='lat' dir='ltr'>innoxie</span> 
     </span>
     <span class='ocr_line' id='line_1_40' title="bbox 494 4867 1924 4998; baseline 0.005 -43"><span class='ocrx_word' id='word_1_325' title='bbox 494 4867 723 4954; x_wconf 88' lang='lat' dir='ltr'>adoriuntur</span> <span class='ocrx_word' id='word_1_326' title='bbox 743 4867 944 4958; x_wconf 88' lang='lat' dir='ltr'>ulcuscula</span> <span class='ocrx_word' id='word_1_327' title='bbox 967 4877 1078 4982; x_wconf 83' lang='lat' dir='ltr'>hac,</span> <span class='ocrx_word' id='word_1_328' title='bbox 1101 4877 1250 4998; x_wconf 85' lang='lat' dir='ltr'>dolore</span> <span class='ocrx_word' id='word_1_329' title='bbox 1265 4905 1397 4962; x_wconf 87' lang='lat' dir='ltr'>tamen</span> <span class='ocrx_word' id='word_1_330' title='bbox 1418 4887 1459 4962; x_wconf 77' lang='lat' dir='ltr'>bt</span> <span class='ocrx_word' id='word_1_331' title='bbox 1478 4883 1629 4998; x_wconf 76' lang='lat' dir='ltr'>pruritu</span> <span class='ocrx_word' id='word_1_332' title='bbox 1651 4879 1814 4996; x_wconf 80' lang='lat' dir='ltr'>praviis.</span> <span class='ocrx_word' id='word_1_333' title='bbox 1846 4877 1924 4964; x_wconf 86' lang='lat' dir='ltr'>Sed</span> 
     </span>
    </p>
   </div>
   <div class='ocr_carea' id='block_1_3' title="bbox 1398 5249 1416 5284">
    <p class='ocr_par' dir='ltr' id='par_1_5' title="bbox 1398 5249 1416 5284">
     <span class='ocr_line' id='line_1_41' title="bbox 1398 5249 1416 5284; baseline 0 0"><span class='ocrx_word' id='word_1_334' title='bbox 1398 5249 1416 5284; x_wconf 62' lang='grc' dir='ltr'><strong>θ</strong></span> 
     </span>
    </p>
   </div>
   <div class='ocr_carea' id='block_1_4' title="bbox 0 0 2114 5908">
    <p class='ocr_par' dir='ltr' id='par_1_6' title="bbox 0 0 2114 5908">
     <span class='ocr_line' id='line_1_42' title="bbox 0 0 2114 5908; baseline 0 0"><span class='ocrx_word' id='word_1_335' title='bbox 0 0 2114 5908; x_wconf 95' lang='lat' dir='ltr'> </span> 
     </span>
    </p>
   </div>
  </div>
 </body>
</html>
