4292 5904
668 423 1231 554 CUTANEIS.⁸
1368 375 1377 384 ·
1591 442 1673 556 ἦ,

234 593 693 690 aditionesnioscoiidis
715 611 758 688 &r
771 599 952 689 Pollucis
966 599 1131 715 glaciari
1139 590 1157 704 ,’
1168 591 1315 711 genere
1331 597 1534 718 feminino.
1551 607 1670 722 Apud
1714 591 1717 598 ’

235 741 309 800 nos
338 742 389 799 ex
419 741 600 833 tempore
630 747 711 827 quo
742 715 901 804 saeviunt
931 709 1112 822 ¹&causi
1134 705 1156 793 ὲ
1180 707 1257 821 qui
1286 714 1463 799 oriuntur
1485 717 1669 806 dicuntur

233 824 305 910 vul
333 829 361 908 ὸ
387 830 592 944 eugelures.
621 833 659 914 A
687 828 809 914 Celso
833 835 894 934 (a)
918 827 997 910 sine
1024 823 1112 908 ullo
1138 827 1303 909 nomine
1329 832 1490 941 proprio
1518 835 1670 946 optim&

233 937 286 1021 de
304 937 508 1027 cribuntur
521 941 593 1027 sub
609 947 772 1030 nomine
784 940 964 1026 ulcerum
978 937 1000 1024 l
1013 939 1162 1054 frigore
1176 925 1445 1053 pendentium.
1462 941 1522 1027 Hi
1537 973 1669 1034 autem

234 1075 411 1136 tumores
434 1057 477 1140 in
503 1083 594 1142 cute
618 1053 702 1140 solii
723 1058 828 1141 enati
851 1063 893 1139 δι
916 1053 966 1138 ad
993 1051 1108 1135 aliani
1122 1079 1280 1248 partem
1302 1079 1383 1135 non
1403 1057 1669 1170 pertinentes,

233 1161 283 1246 ad
298 1162 552 1274 calcaneum,
578 1168 684 1252 unde
706 1204 852 1276 πτιρνων
865 1168 932 1252 seu
954 1164 1098 1273 aluisi
1150 1168 1334 1270 icantur,
1359 1165 1505 1363 digitos
1521 1170 1669 1284 pedum
1687 1243 1693 1264 ,

232 1299 351 1385 arque
375 1283 561 1369 mansium
588 1283 708 1369 fixam
735 1281 867 1366 sedem
894 1278 1106 1384 obtinent,
1133 1277 1329 1362 &nullibi
1351 1279 1402 1363 ali
1430 1285 1444 1362 i
1453 1282 1514 1387 ,fi
1538 1286 1669 1374 forsan

232 1389 388 1583 ppicem
410 1394 487 1476 nasi
512 1399 737 1527 exceperis,
766 1420 963 1508 apparent.
994 1391 1196 1474 Tumores
1224 1389 1282 1475 illi
1308 1394 1412 1476 rests
1437 1397 1459 1477 i
1481 1392 1602 1480 Celso
1625 1402 1669 1486 in

264 1530 335 1586 uos
366 1506 509 1618 gradus
541 1507 856 1622 distinguuntur,
883 1534 1055 1618 quorum
1084 1507 1231 1619 primus
1259 1531 1459 1592 tumorem
1488 1535 1580 1590 com
1630 1539 1670 1596 e.

230 1613 370 1700 hendit
390 1619 458 1702 sim
487 1617 636 1728 licem,
663 1619 834 1706 necdiam
866 1646 1070 1735 apertum,
1091 1615 1188 1707 alte'r
1216 1620 1313 1703 verb
1334 1643 1532 1704 tumorem
1555 1655 1579 1704 u
1597 1651 1668 1708 ce-

231 1753 371 1814 ratum.
399 1649 485 1814 sub
503 1731 659 1818 duobus
681 1761 812 1819 autem
832 1737 906 1816 istis
928 1727 1112 1846 gradibus
1130 1727 1261 1843 plures
1278 1733 1685 1844 comprehenduntur-

230 1837 458 1974 differentiae
473 1847 709 1932 rimosorum
718 1911 734 1957 ,
754 1845 1018 1931 fistulosorum
1028 1905 1043 1954 ,
1059 1841 1203 1953 crusti,
1223 1845 1290 1930 seu
1302 1842 1460 1930 eschati
1473 1851 1668 1934 tesiorum

231 1979 481 2064 pernionum.
1492 2015 1523 2066 „

287 2065 334 2150 In
359 2095 505 2181 genere
537 2095 670 2158 tamen
696 2069 837 2156 melitis
868 2069 917 2154 ad
950 2071 1006 2153 rei
1040 2096 1217 2152 naturam
1247 2065 1403 2152 accedit
1428 2068 1566 2166 divisio
1598 2069 1669 2158 illa

229 2203 348 2284 quam
386 2209 435 2264 ex
477 2188 708 2267 mediatione
750 2178 968 2268 doaiffmil
1006 2181 1185 2264 Severini
1214 2179 1278 2281 (b)
1313 2179 1545 2267 deducimus
1577 2211 1669 2296 per-

227 2277 395 2373 nionum
427 2295 467 2374 iri
500 2292 695 2408 simplices
729 2301 771 2376 δι
807 2291 1018 2401 malignos.
1048 2289 1260 2401 Simplices
1282 2288 1371 2372 sunt
1397 2295 1465 2399 qui
1497 2291 1519 2374 ὲ
1551 2293 1667 2386 causd

226 2399 296 2481 sim
328 2401 396 2482 lici
425 2405 466 2482 iri
496 2423 568 2482 cor
596 2433 641 2486 us
668 2400 770 2485 bens
801 2424 999 2484 moratum
1026 2398 1236 2507 incidunt,
1264 2399 1550 2514 malignitatem
1576 2407 1666 2519 ipsis

226 2509 279 2592 ad
307 2507 362 2615 it,
392 2537 458 2594 aut
484 2432 605 2596 caussa
631 2515 881 2628 pervicacia,
904 2537 971 2598 aut
997 2515 1177 2627 corporis
1231 2541 1320 2597 rava
1347 2513 1562 2600 admodiim
1590 2519 1667 2602 dis·

225 2624 400 2734 positio,
427 2628 652 2709 cacheslica
667 2689 682 2733 ,
709 2623 958 2732 scorbutica,
986 2541 1291 2710 melancholica.
1319 2624 1430 2709 Hinc
1452 2654 1551 2744 ergo
1574 2657 1667 2743 per-

224 2736 368 2822 niones
385 2765 478 2818 cuin
493 2738 685 2822 Severino
701 2744 749 2844 (c)
762 2766 845 2821 nori
856 2736 1121 2823 dubitabimus
1136 2739 1301 2823 definire
1313 2736 1518 2824 tubercula
1531 2743 1572 2824 iri
1584 2771 1666 2826 ma·

226 2845 344 2933 nibus
369 2847 613 2962 pedibusque
633 2853 976 2936 inflammatoiiam
999 2849 1272 2936 ulcerosamve
1292 2851 1541 2937 assessionem
1566 2855 1666 2940 refe·

222 2965 363 3045 tentia.
389 2962 605 3050 Perniones
626 2963 822 3080 simplices
843 2964 932 3048 sunt
952 2965 1019 3074 qui
1040 2992 1109 3078 per
1130 2963 1170 3048 se
1191 2994 1273 3049 non
1291 2969 1440 3078 aperti,
1463 2990 1664 3066 tumorem

149 3135 154 3143 ,
222 3080 378 3158 tantiim
400 3075 590 3162 exhibent
611 3078 756 3164 eximis
780 3074 966 3187 rubrum,
984 3076 1131 3162 rubore
1148 3073 1220 3160 sub
1239 3076 1365 3190 digito
1389 3080 1554 3164 omninb
1576 3107 1667 3164 eva«

223 3185 427 3272 nescente.

284 3299 366 3384 Sed
391 3299 484 3384 illos
508 3299 530 3386 b
555 3304 703 3390 ceteris
726 3301 949 3389 tumoribus
970 3300 1144 3410 ejusdem
1168 3303 1370 3386 carasteris
1391 3300 1565 3417 apprimit
1586 3299 1666 3385 dist

218 3399 371 3525 tiiiguit
427 3415 569 3500 ruritus
600 3416 771 3502 maxims
794 3445 975 3562 pungeris
1002 3423 1044 3499 δι
1070 3416 1263 3520 affiduus,
1290 3411 1501 3522 aliquandi>
1528 3439 1663 3508 tamen

221 3553 320 3608 cum
339 3443 559 3638 pulsatione
577 3527 843 3635 subobscura,
867 3526 1038 3612 maxims
1060 3528 1109 3608 ad
1129 3527 1268 3608 focum
1291 3524 1564 3630 assidentibus,
1596 3551 1667 3620 aus

219 3639 357 3772 potilio
383 3639 688 3742 accedentibus,
715 3637 927 3743 notabilis,
955 3665 1053 3720 mox
1080 3641 1204 3749 magis
1230 3635 1416 3722 reiniffus.
1450 3637 1565 3722 Unds
1592 3635 1662 3723 ubi

219 3746 427 3834 incaluere
447 3751 617 3863 primiim
640 3753 681 3848 iri
701 3746 848 3833 lesiulo
869 3749 1014 3864 pedes,
1029 3775 1097 3832 aut
1110 3779 1272 3855 manus,
1300 3751 1496 3856 cruciarus
1513 3758 1556 3835 δι
1577 3775 1662 3854 tor7

217 3887 360 3948 merita
375 3861 654 3956 recrudescunt
670 3861 898 3948 adniodlim.
912 3861 1019 3945 Mox
1032 3861 1166 3947 calore
1186 3867 1227 3946 in
1247 3859 1424 3947 habitum
1444 3867 1596 3968 trado,
1619 3870 1662 3960 &t

221 3973 306 4084 jam
322 3970 540 4083 equilibrio
563 3971 704 4058 caloris
722 3978 922 4082 restituto,
945 3978 1199 4088 mitigantur,
1221 3985 1264 4060 dt
1285 3977 1443 4060 tandem
1454 4037 1468 4082 ,
1493 3977 1561 4058 nisi
1582 3970 1662 4079 jam

218 4089 442 4172 maximum
457 4086 588 4202 adepti
597 4089 670 4172 sint
681 4087 861 4202 gradum,
874 4092 1023 4206 pmritu
1037 4088 1313 4174 tantummodb
1326 4087 1405 4174 levi
1418 4113 1662 4196 remanente,

220 4199 517 4287 conticescunt.
964 4235 971 4244 ·

282 4311 498 4398 Perniones
514 4307 574 4397 illi
588 4315 675 4397 rari)
691 4313 905 4398 admodiim
922 4313 991 4400 lati
1005 4315 1119 4419 sunt,
1142 4320 1185 4397 δι
1202 4311 1364 4427 spatium
1382 4311 1661 4398 tantummodo

143 4423 147 4432 ’
223 4423 393 4540 digitale
429 4453 663 4540 occupant3
694 4426 763 4516 sed
801 4425 1151 4540 multiplicantur,
1192 4434 1234 4508 ὃ(
1273 4425 1483 4535 aliquando
1519 4455 1660 4538 magna

219 4567 372 4624 eorum
398 4541 516 4652 copia
547 4542 602 4623 ita
631 4540 805 4656 pedem,
837 4537 1100 4649 calcaneum,
1131 4538 1354 4654 digitosque
1384 4562 1589 4652 occupat,
1615 4562 1660 4624 ut

268 4744 331 4820 (a)
351 4743 417 4807 Lib·
436 4763 466 4822 ς,
485 4768 549 4826 cap.
565 4757 616 4822 in,
637 4757 686 4814 11⁰.
707 4761 735 4814 6.

264 4823 324 4902 (b)
346 4825 408 4886 Lib·
428 4847 498 4910 pm·
520 4851 554 4907 3»
576 4851 640 4916 pag.
659 4839 734 4911 482,
749 4833 816 4898 edit.
832 4829 926 4918 Lugd.
949 4831 1048 4901 Batai·

268 4915 323 4985 (c)
344 4906 414 4972 lbid.
430 4928 489 4994 cap.
508 4917 538 4978 6.

1290 4985 1493 5097 Ooooij
