4292 5904
489 353 578 460 na
805 311 854 332 ²
942 309 1472 436 onnonsm
1559 431 1561 436 ,

492 511 736 629 pendentes,
764 505 960 592 labiorum
986 509 1359 615 intumescentiam',
1384 512 1426 592 in
1454 503 1583 622 pueris
1607 499 1827 589 notabilem
1852 497 1931 588 alia

493 623 675 736 quandia,
700 623 909 706 &aurium
926 620 1188 704 immodicum
1205 623 1393 706 soetorem
1413 643 1531 729 atque
1552 621 1701 701 fluxum
1716 647 1801 699 non
1819 614 1928 700 ulce-

493 737 638 820 rosum.
651 735 749 816 Haec
763 731 866 816 mala
878 733 938 814 his
950 730 1121 843 partibus
1137 736 1303 818 omnini)
1316 731 1595 848 propriasunr,
1613 759 1687 815 nec
1704 727 1819 812 ullibi
1831 725 1927 811 alibi

447 857 451 864 ‘
493 849 654 959 reperiri
678 845 836 960 poliunt
851 907 864 950 ,
896 845 990 927 hinc
1013 845 1183 929 totidem
1211 843 1383 929 articulis
1412 843 1655 954 exequenda.
1687 843 1797 924 Nam
1820 843 1927 924 varia

491 963 678 1044 vitiorum
705 951 869 1068 genera,
891 985 974 1065 quae
1000 957 1193 1069 congessit
1219 957 1530 1064 cosmeticorum
1554 986 1612 1040 ars
1635 951 1810 1062 frivola,
1841 950 1927 1037 nul-

491 1069 571 1154 lam
594 1095 793 1155 merentur
814 1071 1099 1156 modiationem.
1286 1069 1288 1080 '

688 1301 1292 1387 PARAGRAPHUS
1348 1297 1717 1387 PRIMUS.

931 1591 935 1599 ,
1027 1509 1373 1625 mamma
1873 1498 1891 1534 ·

552 1737 677 1818 Gutta
689 1732 820 1841 rosea,
842 1734 984 1848 gallice
998 1736 1037 1842 ζα
1050 1737 1270 1852 couperose,
1291 1734 1313 1819 ir
1331 1737 1445 1820 variis
1467 1731 1650 1840 quidem,
1670 1731 1755 1812 imb
1776 1737 1818 1814 ἃ
1837 1729 1925 1845 plu-

493 1846 600 1930 ribus
622 1845 841 1930 ausoribus
867 1847 997 1963 ample
1017 1853 1242 1963 pertrasiata
1263 1849 1362 1954 fuit,
1387 1845 1780 1930 sedsrdefinitionem
1795 1843 1923 1928 morbi

494 1961 683 2066 quaesreris
701 1987 784 2064 quae
806 1955 856 2038 ad
878 1957 960 2062 ejus
982 1959 1278 2072 intelligendam
1296 1987 1470 2042 naturam
1493 1956 1710 2060 suffecerit,
1735 1955 1924 2040 deliciunt

493 2067 694 2182 plerique,
724 2072 816 2148 com
837 2067 921 2151 fere
954 2099 1091 2154 omnes
1123 2071 1192 2153 sub
1220 2077 1384 2154 nomine
1440 2095 1530 2151 uttae
1556 2069 1673 2150 rosea
1702 2066 1921 2180 intelligant

449 2255 455 2272 ‚
492 2177 612 2261 illum·
637 2179 754 2261 faciei
780 2176 967 2264 ruborem
991 2184 1058 2290 qui
1088 2185 1166 2265 stne
1190 2188 1338 2300 pruritu
1361 2100 1515 2266 ruitum
1541 2179 1759 2284 deformat,
1781 2187 1822 2261 dt
1846 2178 1915 2261 sub

409 2349 414 2358 ·
491 2294 731 2375 eonomine
756 2292 1099 2405 comprehendunt
1131 2323 1269 2379 omnes
1300 2295 1512 2389 confertim
1535 2317 1769 2404 exurgentes
1790 2293 1918 2403 pullu-

491 2404 571 2510 las,
596 2399 804 2510 dequibus
823 2400 900 2510 jam
923 2408 1089 2518 egimus.
1117 2405 1228 2489 Hinc
1244 2406 1438 2490 Nicolaus
1453 2403 1706 2488 Florentinus
1721 2409 1784 2508 (u)
1809 2399 1922 2506 hujus

490 2543 570 2602 tres
588 2514 729 2626 gradus
749 2512 966 2630 distinguit,
987 2546 1158 2627 quorum
1177 2521 1323 2631 primus
1344 2544 1454 2631 gutta
1475 2517 1585 2600 rosea
1604 2518 1649 2599 stt
1671 2513 1919 2626 simpliciter,

491 2636 536 2714 ὃ(
558 2653 643 2711 tota
674 2625 850 2711 conlistat
879 2632 920 2711 in
949 2627 1116 2743 simplici
1143 2627 1322 2730 rubore;
1354 2629 1450 2714 alter
1474 2629 1616 2741 gradus
1648 2629 1695 2710 stt
1721 2626 1922 2742 pustulosa

397 2829 403 2842 ,
439 2817 441 2826 t
547 2765 609 2824 ttae
638 2738 755 2822 roseae
778 2773 786 2820 :
812 2738 955 2825 ultimo
979 2741 1138 2824 demum
1165 2743 1204 2824 in
1233 2744 1354 2856 gradu
1381 2767 1491 2855 gutta
1518 2741 1628 2824 rosea
1656 2737 1840 2825 ulcerosa
1865 2742 1921 2825 lit.

490 2771 608 2934 iside
623 2850 777 2935 videtur
794 2856 920 2935 virum
940 2852 1115 2964 alioquin
1132 2853 1392 2966 diligentem,
1413 2851 1563 2935 nullam
1581 2849 1756 2934 habuisse
1770 2849 1921 2935 distinc-

489 2990 572 3048 tam
591 2962 724 3047 idaeam
751 2990 868 3078 guttae
889 2965 1006 3050 roseae
1016 3029 1030 3072 ,
1053 2964 1189 3050 saltem
1205 2964 1308 3050 illitis
1327 2964 1484 3079 qualem
1500 2963 1797 3049 describendam
1811 2963 1920 3048 habe

489 3077 592 3162 mus.
624 3073 813 3160 Similiter
841 3105 993 3190 guttam
1021 3078 1173 3162 roseam
1201 3079 1337 3164 definit
1361 3079 1509 3162 Paraeus
1537 3077 1597 3182 (b)
1612 3139 1625 3182 ,
1653 3074 1750 3159 licet
1780 3075 1919 3189 simpli-

387 3281 391 3308 ,
490 3191 590 3272 citer
614 3185 723 3269 illam
749 3218 842 3273 curn
868 3198 909 3273 ἀ
937 3193 1015 3274 stne
1037 3189 1195 3304 pustulis
1217 3192 1445 3304 distinguat:
1471 3190 1581 3300 quod
1603 3189 1764 3301 quidem
1783 3217 1919 3272 verum

490 3301 570 3398 est;
592 3298 656 3382 sed
672 3299 825 3385 ruboris
840 3327 1016 3386 naturam
1030 3331 1115 3384 non
1134 3302 1222 3386 satis
1242 3302 1290 3385 ab
1314 3300 1563 3416 eryfipelate‚
1583 3327 1649 3386 aut
1670 3300 1819 3386 rubore
1836 3305 1918 3386 lim-

489 3409 586 3526 plici
608 3411 788 3496 distinxit.
813 3485 816 3491 .
1193 3495 1197 3500 .

545 3521 693 3608 Meliss
723 3552 808 3606 eam
842 3523 1040 3610 Asttucius
1065 3532 1128 3630 (c)
1163 3523 1360 3611 intellexit
1389 3529 1457 3638 qui
1487 3554 1575 3611 eam
1606 3524 1693 3610 vult
1720 3551 1849 3620 totam
1877 3528 1916 3610 in

490 3637 592 3716 cutis
626 3633 771 3737 rubore
804 3637 959 3741 denso,
993 3637 1203 3748 inaequali,
1238 3637 1376 3724 scabro
1408 3639 1726 3753 comprehendi,
1761 3636 1917 3748 ejusque

395 3809 398 3815 ,
487 3771 567 3831 tres
588 3747 783 3856 distinguit
798 3747 976 3860 species,-
1003 3778 1166 3858 quarum
1188 3755 1312 3872 prima
1330 3755 1371 3834 in
1392 3751 1621 3836 definitione
1646 3781 1744 3836 mox
1767 3749 1914 3864 prolati

488 3881 574 3942 tota
606 3860 864 3964 continetur,
904 3859 1064 3943 alteram
1098 3861 1266 3952 dilatatis
1297 3864 1393 3950 vasrs
1427 3867 1667 3952 constantem
1698 3863 1914 3948 varicosarn

488 3996 609 4054 vocat
621 4031 635 4074 ,
660 3973 774 4053 tertia
792 3971 952 4055 demirm
971 3973 1145 4056 acredini
1164 3975 1281 4058 alicui
1301 3972 1430 4079 junsla
1452 3977 1669 4086 squammas
1692 3974 1741 4058 ab
1764 3975 1912 4090 epider-

488 4083 595 4172 mide
621 4080 781 4188 avellit,
814 4083 1127 4193 &squammosa
1161 4087 1240 4170 dici
1271 4091 1407 4199 potest,
1442 4090 1549 4171 Nam
1580 4091 1606 4169 st
1635 4115 1705 4201 per
1732 4087 1913 4172 accidens

487 4191 621 4276 ulcera
645 4198 864 4307 concipiat,
883 4198 909 4278 st
930 4196 1089 4279 demirm
1106 4195 1203 4280 illud
1225 4201 1270 4282 stt
1291 4204 1380 4310 egri
1398 4201 1678 4304 infortunium,
1703 4229 1750 4283 ut
1773 4227 1916 4283 cancer

486 4301 544 4384 ibi
566 4305 768 4412 nascatur,
790 4305 996 4394 absurdum
1019 4309 1124 4395 foret
1143 4338 1259 4424 gutta
1281 4313 1398 4396 roseae
1418 4315 1580 4398 nomine
1600 4313 1805 4426 pessimum
1828 4342 1917 4400 car·

486 4417 647 4498 cinoma
665 4418 876 4532 designare.

522 4637 577 4710 (a)
596 4633 686 4697 Serto.
704 4659 738 4712 7,
755 4659 789 4705 tr.
809 4652 840 4716 6,
857 4640 955 4704 summ.
974 4665 1008 4714 2,
1023 4663 1084 4726 cap.
1105 4661 1153 4717 15.

522 4716 580 4792 (b)
603 4715 666 4778 Lis.
686 4727 742 4787 26,
759 4720 804 4783 ch.
821 4742 866 4793 45.
1035 4723 1037 4728 ’

521 4803 580 4876 (s)
600 4797 650 4862 Tr.
665 4795 711 4858 des
723 4797 881 4878 Tuoreuts,
898 4801 999 4876 lim,
1020 4803 1095 4886 clap.
1115 4809 1142 4866 8.
