4696 5894
618 373 767 502 en
1075 377 1183 471 nn
1240 373 1600 484 non-ars

617 616 622 624 .
663 537 972 648 ‘Quod-autem·
989 543 1031 624 in
1059 545 1185 626 acutis
1209 540 1389 631 saviente
1411 540 1623 626 erethismo
1651 537 1819 644 accidit,
1841 563 1891 620 an
1913 565 1997 622 non
2021 531 2065 618 δέ

629 653 830 736 chronicis
856 653 967 737 malis
992 659 1117 768 potest
1141 659 1403 770 contingere?
1431 654 1478 738 Id
1503 653 1682 768 profesio
1711 681 1794 733 non
1821 679 1951 734 rarum
1982 649 2061 734 est:

627 763 733 848 unde
751 767 797 848 fit
815 793 859 850 ut
874 772 940 876 qui
957 767 1166 882 suppurare
1181 765 1351 853 debeant
1368 795 1569 873 tumores,
1591 769 1632 850 in
1652 767 1804 879 capite,
1825 767 1867 846 in
1884 761 2063 846 manibus

627 877 679 960 ad
705 877 851 990 digitos
880 886 919 964 ὃ(
947 879 1141 996 precipue
1166 885 1207 964 in
1229 879 1370 995 plantis
1398 879 1570 995 pedum,
1598 881 1693 962 fiant
1720 877 1958 982 escharrosr,
1987 904 2063 960 nec

626 988 750 1075 ullam
771 995 963 1106 patiantur
986 994 1335 1132 suppurationem
1359 990 1411 1076 ob
1436 990 1589 1076 scilicet
1609 995 1758 1095 astum,
1780 1016 1846 1074 aut
1871 989 2063 1103 compres

496 1147 500 1156 ·
627 1105 799 1213 sionem,
816 1133 883 1189 aut
897 1105 1055 1190 dembm
1072 1138 1125 1190 oo
1140 1109 1282 1192 virium
1298 1110 1339 1190 in
1357 1107 1492 1190 naturai
1505 1105 1714 1188 defectum.
1734 1099 1902 1216 Itasaepd
1918 1101 2063 1188 accidit

621 1219 668 1327 ,in
696 1217 909 1302 miserrimi
939 1219 1065 1304 maniis
1093 1222 1198 1331 quast
1228 1247 1297 1336 per
1324 1215 1554 1308 incendium
1581 1215 1748 1302 accensb
1778 1241 1822 1298 ut
1847 1245 1929 1325 quae
1956 1219 2060 1331 prius

625 1327 802 1414 fluebant
816 1330 949 1418 ulcera
972 1335 1021 1420 ad
1042 1362 1152 1418 aures
1163 1396 1178 1439 ,
1200 1333 1369 1418 crustosa
1388 1335 1483 1416 srant
1507 1340 1548 1414 &
1568 1329 1719 1414 nullum
1745 1331 1849 1444 puris
1869 1327 2059 1412 indicium

620 1441 734 1526 Ident.
760 1443 807 1526 In
831 1443 1009 1532 manibus
1034 1446 1216 1562 praeduris
1244 1450 1474 1530 rusticorum
1502 1453 1543 1528 ὅ(
1571 1447 1767 1529 artificum
1787 1442 1967 1526 videmus
1989 1439 2059 1524 ali-

622 1555 787 1666 tquandb
803 1558 987 1671 pustulas,
1009 1591 1092 1671 quae
1116 1563 1158 1642 in
1177 1565 1324 1646 caeteris
1342 1559 1502 1670 quidem
1527 1560 1706 1672 corporis
1728 1553 1899 1669 partibus
1920 1551 2058 1670 suppu-

620 1671 821 1754 ¹rationem
838 1675 1093 1787 concipiunt,
1110 1673 1407 1758 indurescere&
1426 1675 1464 1754 in
1481 1673 1659 1776 crustam,
1676 1693 1742 1752 aut
1755 1668 1917 1752 farinam
1929 1665 2056 1776 abire,

620 1782 736 1892 ,quod
752 1791 793 1864 ὅ(
808 1787 849 1868 in
862 1784 1022 1872 variolis
1037 1815 1118 1870 non
1132 1790 1383 1900 incognitum
1398 1787 1461 1868 est.
1485 1784 1662 1868 Demum
1677 1784 1718 1866 in
1733 1780 1845 1866 senili
1857 1779 2057 1896 gangraeni

624 1899 830 2008 prostratio
856 1900 998 1982 virium
1025 1929 1109 2007 quac
1142 1929 1386 2013 gangraenam
1422 1899 1634 1980 comitatur
1663 1923 1834 1978 mortem
1860 1895 2056 2002 accersit,

624 2015 720 2090 clun
748 2007 921 2094 salutaris
946 2011 1170 2124 suppuratio
1200 2019 1241 2097 ὅ(
1268 2013 1395 2100 crisrm
1410 2071 1426 2116 ,
1454 2013 1670 2095 &exitum
1696 2005 1901 2096 salutarem
1929 2007 2054 2094 morbi

622 2119 758 2204 facere
781 2122 920 2237 posset.
1210 2203 1218 2218 ,
1314 2221 1321 2242 ³
1424 2203 1436 2222 ,

682 2232 830 2316 Verum
866 2233 932 2318 alii
965 2235 1053 2319 sunt
1082 2234 1214 2320 morbi
1245 2237 1294 2320 ad
1324 2262 1455 2324 cutem
1493 2237 1648 2322 crustofi
1666 2297 1680 2340 ,
1714 2263 1884 2344 quorum
1918 2261 2054 2342 natura

623 2373 825 2454 nunquam
852 2345 1017 2433 debetur
1041 2346 1297 2464 suppurati0,
1327 2358 1367 2434 dt
1397 2353 1463 2461 qui
1493 2354 1609 2434 etiam
1642 2349 1721 2432 stne
1746 2343 1860 2454 hujus
1888 2345 2050 2432 subsrdio

620 2455 816 2542 sanantur.
844 2461 956 2570 lique
977 2461 1106 2546 adhuc
1133 2459 1263 2546 morbi
1289 2460 1358 2546 sub
1381 2461 1530 2578 duplici
1554 2457 1673 2548 titulo
1695 2459 1875 2574 distingui
1901 2457 2052 2548 debent.

621 2567 707 2652 Alii
730 2578 835 2676 enim
854 2574 932 2658 sme
947 2575 1120 2660 evidenti
1137 2574 1382 2684 ulceratione
1402 2579 1581 2660 ichorem
1603 2574 1773 2657 fundunt
1789 2575 1856 2684 qui
1873 2573 2053 2679 concres7

623 2711 718 2768 cens
746 2693 787 2768 ὁ(
812 2683 934 2770 lemas
962 2697 1002 2772 ὃ(
1029 2691 1168 2772 crustas
1193 2688 1315 2794 facit,
1342 2692 1395 2772 ita
1420 2717 1463 2773 ut
1486 2691 1598 2771 mixti
1621 2709 1672 2770 'ex
1700 2683 1894 2769 humorali
1916 2715 2055 2772 excre-

620 2798 734 2880 tione
749 2805 790 2880 dt
805 2797 939 2884 solidis
955 2797 1260 2886 concrescentiis
1275 2801 1356 2884 dici
1371 2803 1526 2916 polsmt.
1541 2799 1625 2884 Alii
1638 2801 1735 2883 verb
1751 2797 1897 2883 nullum
1916 2801 2054 2910 humd

620 2933 706 2992 rem
723 2911 946 2996 evidentem
964 2915 1131 2998 reddunt
1138 2951 1158 3023 3·
1169 2915 1234 2998 sed
1254 2915 1579 2999 concrescentem
1601 2915 1723 3005 statim
1743 2946 1756 3012 3
1777 2909 2053 3024 &quanquam

620 3021 662 3104 in
681 3023 805 3137 primi
825 3023 890 3109 sud
911 3031 1064 3140 origine
1084 3028 1201 3112 fuerit
1214 3029 1343 3110 omnis
1363 3027 1524 3112 morbus
1547 3027 1596 3111 de
1625 3029 1818 3110 uratorius
1839 3054 1888 3110 ex
1909 3027 2053 3108 humo·

620 3132 833 3230 talium&
859 3166 1000 3227 eorum
1027 3139 1094 3250 qui
1124 3167 1267 3227 natmae
1299 3140 1517 3226 auscultant
1544 3057 1716 3244 indole,
1745 3165 1877 3222 tamen
1910 3141 2053 3222 humor

621 3249 883 3335 concrescens
898 3255 940 3335 in
953 3253 1038 3368 ipso
1055 3248 1133 3335 suox
1146 3259 1252 3338 exitu
1269 3254 1318 3339 ad
1335 3255 1581 3368 superficiem
1598 3256 1776 3366 corporis
1792 3250 2003 3338 solidescit.

677 3360 793 3446 Unde
813 3363 1045 3448 morborum
1062 3363 1201 3451 crustas
1218 3393 1333 3477 atque
1352 3365 1474 3450 lemas
1492 3371 1532 3451 in
1550 3365 1625 3449 he'c
1635 3429 1649 3472 ,
1670 3363 1734 3449 vel
1751 3362 1819 3448 illa
1833 3393 1943 3478 parte
1960 3367 2053 3452 inse-

614 3477 790 3560 rentium
809 3504 932 3590 genus
955 3477 1096 3593 triplex
1116 3482 1179 3563 est.
1208 3477 1389 3564 Alterum
1409 3484 1513 3564 enim
1537 3482 1589 3563 est
1610 3507 1749 3563 eorum
1769 3481 1836 3588 qui
1853 3477 1945 3564 vetit
1966 3477 2051 3596 sup·

616 3591 828 3702 puratione
857 3589 1081 3692 tollunmr3
1109 3591 1274 3677 alterum
1306 3623 1445 3680 eorum
1477 3597 1545 3705 qui
1574 3592 1892 3708 suppurationem
1920 3621 2053 3678 veram

615 3729 704 3800 non
725 3701 970 3808 admittunt3
997 3707 1280 3814 tertium'perb
1309 3734 1447 3791 eorum
1478 3710 1545 3818 qui
1576 3699 1735 3818 semper'
1756 3701 1900 3790 solidas
1933 3703 2053 3794 lenias

613 3817 833 3924 ostentant,
860 3847 936 3902 nec
961 3817 1084 3915 ullam
1108 3820 1219 3902 fluidi
1250 3848 1398 3904 notam.
1436 3819 1615 3904 Theoria
1643 3847 1781 3904 eorum
1817 3815 2055 3908 morborum

614 3931 786 4012 ‚omnino
806 3933 852 4013 iis
874 3935 1097 4032 communis
1121 3935 1172 4016 est
1192 3963 1284 4016 cum
1311 3931 1460 4017 morbis
1481 3931 1557 4016 illis
1578 3922 1857 4016 universalibus
1882 3961 2054 4044 quorum

619 4044 906 4155 exposrtionem
930 4047 980 4146 ,in
1014 4043 1137 4159 primis
1167 4050 1297 4158 operis
1324 4075 1433 4160 parte
1460 4045 1761 4159 susceperamus.
1799 4045 1880 4129 Sed
1909 4075 1981 4130 cur
2009 4050 2054 4130 in

612 4150 766 4261 ,aliquas
785 4163 933 4238 tantum
958 4184 1083 4270 partes
1103 4157 1332 4266 desaeviant,
1354 4159 1438 4242 aliis
1464 4162 1636 4264 intactis,
1657 4157 1698 4240 id
1728 4157 2005 4259 deducendum
2029 4157 2057 4244 b

522 4317 531 4331 .
615 4270 741 4367 ,causis
767 4267 1062 4382 multiplicibus.
1094 4269 1146 4355 1⁰.
1174 4269 1239 4354 Ab
1268 4297 1377 4356 atate
1402 4280 1442 4354 dt
1469 4271 1649 4355 struens
1671 4267 1822 4356 diversi
1845 4273 1947 4356 cutis
1975 4271 2057 4384 qui

618 4406 701 4460 non
732 4376 838 4466 aliud
865 4411 1057 4495 organum
1080 4385 1191 4470 adeo
1227 4413 1422 4492 mutatur,
1457 4383 1558 4470 adeo
1591 4383 1815 4492 solidescit,
1850 4393 1892 4468 δι
1926 4417 2056 4474 novas

613 4517 745 4606 partes
780 4495 1003 4604 evidentius
1029 4502 1222 4611 promit,
1242 4499 1293 4582 ad
1321 4526 1530 4607 mentum,
1552 4496 1798 4608 calvariam,
1828 4497 2058 4611 genitalia,

614 4602 778 4710 axillas,
811 4604 1009 4693 mammas.
1045 4611 1147 4720 Quae
1178 4641 1317 4698 omnes
1347 4641 1473 4728 partes
1500 4615 1655 4696 ratione
1677 4613 1893 4712 struem,
1925 4617 2058 4698 varias

613 4743 881 4832 aguntpprtes
903 4723 943 4802 in
967 4723 1196 4807 oeconomiis
1218 4754 1373 4824 natura,
1402 4726 1459 4810 2⁰.
1487 4725 1547 4810 Ex
1570 4727 1778 4836 regionum
1803 4724 2059 4836 differentis,

609 4859 696 4950 gua
724 4835 842 4918 etiam
871 4837 1077 4922 varietates
1113 4840 1286 4948 infinitas¹
1315 4839 1426 4926 affert
1455 4839 1720 4950 investium,
1754 4833 2059 4956 stragulorum,
