4228 5898
563 425 1277 522 rnrrroorrcrro.
1561 466 1640 550 151'

206 613 410 682 renovare.
439 593 517 680 His
543 594 693 682 &aliis
721 595 855 682 multis
883 599 1072 707 quantiam
1095 625 1205 682 noxae
1220 593 1418 682 intulisset
1435 601 1512 710 'qui
1536 631 1637 689 mera

204 705 367 794 curialia
380 705 811 824 obtulislerimprudens
819 770 834 815 ,
850 713 1147 820 quiamarorum
1185 738 1279 794 enus
1292 739 1414 796 omne
1424 711 1637 804 obtrudere

204 821 300 906 esset
314 821 453 928 ausus,
475 849 541 904 aut
554 821 622 905 srbi
637 850 686 906 ex
699 825 883 937 viperinis
899 819 1127 906 volatilibus
1142 739 1317 936 plausum
1340 824 1637 940 successumque

206 934 419 1042 quaesriliet.
448 933 565 1018 Alios
589 932 728 1020 eidem
749 933 832 1019 sere
853 933 956 1018 facie
976 932 1138 1019 morbus
1160 924 1391 1042 invadirst
1410 941 1639 1028 constitutio

207 1050 366 1160 prorsirs
396 1045 534 1132 aliena.
568 1050 664 1133 Vari
695 1047 842 1132 faciem
871 1047 965 1132 detu
1011 1073 1102 1153 ant,
1130 1046 1324 1132 slavedine
1351 1051 1515 1164 tingitur
1542 1051 1639 1163 illa,
1777 1057 1781 1064 ⁴

209 1155 321 1241 oculi
342 1161 559 1272 nigrantes,
579 1158 720 1274 lingua·
741 1159 891 1274 aspera,
910 1157 984 1244 bor
1014 1161 1170 1271 orygmi
1188 1157 1310 1244 bilem
1326 1163 1502 1246 vitiatam
1521 1191 1638 1278 atque

208 1297 442 1384 peccantem
452 1271 1638 1388 significant3ipsrslasticiniorumonmiageneraproveneno
1680 1304 1681 1308 ‘

206 1382 331 1484 sunt;
363 1385 519 1496 prodest
534 1411 721 1480 ,ventrem
749 1382 958 1490 subluere,
988 1385 1073 1468 irnb
1101 1411 1318 1470 concutere
1345 1393 1388 1470 dt
1415 1392 1638 1478 catharticis

206 1495 480 1606 frequentibus·
498 1496 726 1582 subducere.
754 1495 952 1580 Nonnulli
981 1496 1133 1580 suntin
1158 1522 1268 1582 aetate
1293 1499 1500 1611 prasertim
1527 1505 1640 1589 incli-

209 1635 326 1694 nante
342 1611 523 1723 herpetes
550 1639 650 1722 quos
669 1609 719 1694 ad
738 1611 1009 1694 catharrorum
1034 1638 1216 1692 normam
1240 1608 1314 1694 diri
1343 1639 1408 1696 ere
1433 1643 1492 1697 ars
1517 1619 1641 1730 impe-

211 1745 279 1812 rat.
303 1719 454 1806 Eadem
473 1723 562 1807 sunt
578 1727 785 1836 herpetum
801 1746 918 1832 atque
933 1724 1099 1805 catharri
1114 1722 1192 1804 fata
1211 1756 1220 1803 :
1243 1641 1469 1836 perspiratio
1486 1725 1641 1814 scilicet

209 1833 440 1920 restituenda
451 1859 569 1945 atque
582 1839 811 1920 coslionum
826 1859 1040 1949 proventus
1052 1861 1141 1918 ante
1152 1839 1286 1918 omnia
1299 1836 1563 1934 resarciendus
1573 1846 1639 1928 est.

256 1919 434 2030 'Videtur
463 1945 555 2032 inde
586 1948 673 2032 satis
711 1955 753 2034 &
784 1944 1015 2060 intelligitur
1041 1976 1124 2030 non
1150 1947 1331 2032 eamdem
1359 1949 1435 2034 elle
1458 1979 1640 2038 normam

209 2056 446 2144 morborum
480 2063 675 2148 horumce
711 2086 1002 2172 cutaneorum,
1033 2085 1109 2144 nec
1139 2086 1237 2173 ergo
1269 2061 1451 2145 eamdem
1484 2069 1642 2150 merho-

211 2170 319 2254 dum.
352 2174 409 2256 At
434 2169 581 2281 aliquid
601 2199 816 2259 commuue
838 2199 969 2257 tamen
1004 2199 1143 2276 omnes
1177 2170 1306 2256 morbi
1332 2177 1433 2260 cutis
1458 2205 1541 2258 non
1570 2207 1640 2293 per

210 2282 250 2367 se
275 2284 546 2398 depuratorii,
588 2285 655 2370 sed
688 2313 758 2401 per
789 2311 913 2370 artem
944 2283 1158 2398 deputandi
1190 2285 1403 2387 indicant3
1439 2285 1642 2376 obstruunt

211 2400 318 2480 enim
336 2395 426 2482 vasa
450 2402 682 2504 tenerrima,
713 2422 839 2507 eaque
856 2393 1027 2482 titillant.
1054 2395 1151 2479 Tria
1170 2423 1267 2510 ergo
1292 2401 1470 2483 oriuntur
1493 2403 1641 2488 indica-

213 2511 367 2592 tionum
388 2535 544 2624 genera.
566 2511 748 2620 Quarum
766 2513 891 2624 prima
911 2506 1043 2596 multis
1065 2505 1307 2594 debellandis
1326 2508 1526 2596 affesiibus
1551 2514 1641 2600 satis

215 2622 291 2728 est,
323 2620 446 2708 altera
477 2620 669 2733 aliquibus
709 2623 861 2708 tannim
898 2623 1117 2735 competit,
1152 2625 1265 2704 tertia
1294 2620 1386 2706 alias
1418 2627 1565 2738 excipit
1590 2656 1642 2712 ex

212 2731 375 2849 cognits
388 2739 627 2819 oeconomiae
647 2733 823 2818 animalis
843 2731 1037 2816 structura.
1071 2732 1202 2815 Prima
1225 2739 1267 2818 δι
1289 2736 1428 2846 praevia
1456 2736 1641 2825 omnibus

211 2843 296 2950 aliis
321 2851 375 2950 in·
391 2845 653 2953 diluentibus,
680 2843 994 2931 demulcentibus
1022 2851 1064 2928 &
1095 2840 1416 2930 edulcorantibus
1445 2851 1613 2934 consistit
1625 2907 1640 2957 ,

216 2989 298 3044 non
318 2957 446 3046 solum
467 2985 513 3043 ut
534 2989 624 3045 acre
645 2958 896 3064 retundatur,
924 2963 966 3040 &
989 2955 1209 3071 symptoma
1230 2960 1313 3042 cuti
1331 2963 1534 3156 proprium
1552 2991 1642 3076 pru⁴
1665 3015 1668 3020 ·

215 3075 248 3154 ri
278 3101 303 3154 o
330 3071 426 3188 saepd
448 3071 723 3158 corrvulsrones
750 3072 886 3160 efferas
908 3075 1123 3184 importans
1147 3067 1334 3177 tollanrr,
1360 3070 1399 3154 se
1452 3076 1570 3158 etiam
1598 3103 1642 3161 ut
1698 3153 1700 3159 s

215 3101 383 3272 dilutum
403 3213 450 3292 ac
474 3189 693 3270 cicuratum
712 3211 909 3269 venenum
927 3179 1067 3266 melius
1086 3179 1238 3266 mobile
1255 3181 1438 3268 reddatur
1461 3191 1503 3268 &
1522 3214 1642 3272 remo

214 3298 287 3384 diis
309 3297 591 3384 obsecundans.
624 3297 761 3382 Altera
793 3297 846 3380 est
881 3293 1090 3409 particulas
1117 3321 1307 3380 nocentes
1330 3296 1546 3381 inviscandi
1572 3327 1642 3412 per

213 3409 336 3496 lactea
351 3418 393 3494 δι
414 3408 547 3497 dulcia
571 3409 834 3522 mucilaginea
845 3453 876 3515 ,--
890 3404 1021 3518 qualia
1046 3413 1069 3491 a
1096 3405 1374 3516 testudinibus,
1407 3408 1642 3521 limacibus,

215 3523 446 3608 hordeaceis
470 3521 773 3638 suppeditantur.
807 3521 909 3631 Quae
929 3521 957 3602 sr
977 3548 1062 3603 non
1082 3518 1356 3606 conditionem
1374 3517 1484 3605 illam
1504 3520 1643 3637 exple-

215 3639 367 3741 verint,
382 3635 422 3718 su
453 3639 548 3720 erest
561 3663 605 3719 ut
619 3663 709 3730 acre
721 3637 848 3718 minus
861 3635 1070 3744 cognitum
1082 3629 1301 3746 expellatur
1315 3666 1324 3714 ε
1340 3631 1390 3717 ad
1403 3637 1510 3716 hunc
1530 3636 1642 3720 usum

214 3749 387 3888 prostant
411 3753 418 3768 '
454 3777 485 3830 a·
499 3746 670 3832 remedia
691 3775 779 3857 ¹quc
801 3742 926 3858 vulgo
949 3741 1144 3858 linguinis
1170 3744 1396 3940 depurantia
1421 3773 1642 3855 vocantur,

216 3891 239 3944 a
260 3857 402 3972 quibus
424 3862 513 3946 srea
525 3857 715 3945 sustuleris
735 3887 818 3968 quae
830 3859 913 3944 vim
932 3853 1041 3938 illam
1059 3854 1082 3940 *a
1099 3883 1210 3940 natur
1257 3853 1464 3942 obtinuere
1478 3886 1522 3943 ut
1543 3863 1644 3944 intra

217 3972 447 4088 sanguinem
473 3971 630 4064 admissa
656 3995 783 4086 partes
810 3993 952 4054 naturae
977 3972 1062 4054 tum
1084 3966 1193 4077 sale,
1223 3973 1308 4052 rlrnr
1336 3965 1431 4053 oleo
1460 3968 1645 4085 analogas

215 4085 489 4201 suppeditent,
516 4086 558 4170 su
611 4086 702 4168 terit
721 4081 946 4168 universalis
965 4082 1156 4166 indicatio
1176 4085 1341 4195 impasla
1362 4079 1645 4168 resolvendi&

219 4199 338 4285 crassa
368 4113 609 4284 attenuandi
604 4259 618 4302 ,
649 4202 740 4281 clun
769 4197 902 4310 negari
929 4223 1012 4280 non
1043 4193 1159 4308 possit
1188 4191 1397 4305 particulas
1424 4196 1467 4277 in
1494 4193 1644 4281 summai

220 4313 409 4396 haerentes
441 4309 681 4426 epidermide
716 4311 865 4393 exitum
897 4335 981 4416 non
1014 4307 1214 4420 reperire,
1253 4306 1344 4414 quia
1381 4333 1516 4392 earum
1560 4309 1651 4393 dia-

219 4449 342 4508 meter
377 4424 474 4508 vasrs
512 4423 744 4508 diametrum
781 4419 952 4505 excedit.
991 4417 1130 4502 Tertia
1165 4415 1324 4500 demum
1352 4421 1411 4528 est
1449 4445 1647 4506 attenuata

219 4533 424 4622 vacuandi.
454 4533 605 4620 Verum
629 4559 675 4616 ut
689 4530 928 4642 ,attenuandi
948 4529 1139 4614 indicatio
1162 4526 1310 4614 summe
1337 4529 1456 4616 sallax
1481 4536 1562 4642 est,
1593 4539 1648 4619 ita

219 4651 338 4734 edam
358 4649 552 4738 vacuandi
576 4649 743 4732 intentio
763 4645 870 4726 fluxa
887 4641 1018 4730 evadit
1042 4639 1166 4758 sape,
1196 4646 1280 4728 imo
1305 4647 1437 4730 noxia.
1468 4646 1649 4731 Vacuare
1684 4646 1688 4660 '

221 4765 327 4846 enirn
350 4762 539 4852 humores
570 4757 688 4844 facile
721 4759 804 4842 est:
836 4782 876 4841 at
903 4783 1003 4868 quos
1030 4783 1199 4840 vacuare
1231 4781 1392 4870 oportet
1402 4819 1417 4866 ,
1445 4785 1519 4843 nec
1548 4755 1651 4842 alios

223 4877 443 4988 exprimere
464 4880 507 4962 δι
528 4871 743 4960 exnrudere
758 4869 801 4958 id
818 4870 974 4958 summac
991 4897 1091 4986 opus
1109 4871 1162 4955 est
1180 4864 1283 4958 aleae.
1311 4873 1378 4966 An
1392 4895 1489 4986 ergo
1509 4869 1650 4958 dentur
