4188 5916
472 359 554 472 „s
736 396 752 416 ·
906 355 1449 449 Damonurs

472 521 674 610 hendendi
704 551 874 639 queant,
901 521 1146 614 lemae'no'uae
1164 528 1306 610 iterum
1327 549 1447 634 atque
1463 523 1607 606 iterum
1628 515 1908 628 succrescant,

474 637 731 750 recentesque
746 639 958 724 succedant
970 637 1125 745 abrasis,
1141 640 1303 722 statuere
1321 631 1487 720 difficile
1501 636 1566 718 est.
1583 619 1633 718 l'd
1647 660 1780 719 tamen
1795 635 1911 718 certo

472 750 616 836 scimus
630 752 751 866 ipsam
763 753 884 836 totisrs
899 749 980 864 lym
1010 755 1067 850 hat
1079 748 1230 836 molem
1242 751 1396 865 penitius
1411 777 1459 831 ac
1471 745 1644 832 funditis
1655 750 1784 832 vitiari
1798 779 1812 846 ;
1824 775 1910 832 non

472 867 527 948 ira
549 892 683 950 tamen
704 891 770 972 ut,
790 861 887 950 licet
909 783 1028 949 facilb
1049 860 1345 948 concrescibilis
1367 863 1435 967 srt,
1460 861 1500 943 in
1519 859 1773 946 interioribus
1789 885 1910 970 atquc

473 974 692 1062 calentibus
703 976 806 1062 locis
817 975 1069 1084 concrescat,
1086 974 1408 1088 quandoquidem
1421 976 1574 1089 integer
1585 973 1758 1058 servatur
1770 975 1910 1056 humo·

473 1119 562 1174 rum
577 1093 790 1198 circuitus,
809 1091 877 1177 sed
895 1117 1022 1206 partes
1038 1121 1122 1201 quae
1136 1093 1234 1174 aeris
1247 1091 1392 1174 affloni
1405 1113 1658 1202 exponuntur
1671 1087 1910 1172 caratierem

471 1205 582 1287 hunc
599 1201 767 1319 lympha
786 1203 1009 1320 impressum
1028 1201 1222 1289 evolvunt
1239 1211 1423 1318 &partes
1441 1201 1619 1315 pessimas
1637 1203 1910 1285 concretioni-

472 1343 551 1426 que
563 1315 770 1430 aptissimas
788 1320 843 1402 ita
862 1318 912 1402 ad
926 1321 1052 1402 cutim
1072 1319 1266 1423 retinent,
1286 1341 1331 1400 ut
1344 1314 1393 1399 ad
1412 1342 1559 1398 noxam
1573 1309 1789 1401 visceribus
1810 1313 1909 1400 inse·

472 1427 634 1515 rendam
653 1427 733 1536 jam
751 1430 918 1516 evadant
936 1435 1065 1516 minias
1084 1430 1249 1515 idonee.
1747 1507 1751 1514 .

456 1543 461 1552 '
531 1541 690 1628 Scimus
715 1541 897 1659 praeterei
923 1575 1006 1630 nott
1033 1550 1075 1630 in
1102 1541 1171 1628 illst
1198 1537 1480 1656 coagulatione
1507 1564 1625 1651 atque
1645 1541 1910 1625 concretione

473 1658 642 1770 partium
692 1657 823 1743 raeciss
845 1656 976 1743 morbi
998 1657 1197 1744 essentiam
1221 1656 1300 1741 else
1320 1652 1583 1759 statuendam,
1610 1650 1742 1738 sedin
1764 1655 1910 1769 princi·

474 1772 543 1884 pio
565 1687 740 1880 quossm
761 1773 845 1855 fixo
871 1769 1110 1886 coagulante
1128 1803 1142 1871 ι
1162 1767 1484 1882 quandoquidem
1534 1790 1635 1852 artes
1658 1763 1812 1852 morbis
1831 1764 1909 1851 illis

474 1882 619 1967 affeetae
640 1883 808 1967 odorem
836 1885 860 1966 s
879 1889 979 1969 itant
1003 1885 1232 2002 specificum
1258 1797 1609 1985 oleoso-acisstm,
1637 1905 1705 1963 aut
1726 1877 1909 1965 acescen-

474 2023 581 2102 tem,
600 1995 709 2106 qubd
731 1917 980 2081 tanciesulum
996 1997 1198 2110 quoddam
1213 1994 1293 2080 lats
1310 1991 1440 2101 oleat,
1464 1993 1733 2102 soetoremque
1750 1991 1910 2078 exhalet

474 2103 546 2193 srbi
572 2111 787 2223 proprium.
814 2110 983 2195 Miasma
1003 2109 1104 2196 illud
1122 2113 1175 2196 est
1196 2106 1307 2216 cujus
1326 2134 1504 2194 naturam
1524 2105 1668 2217 assequi
1693 2133 1764 2220 per
1787 2133 1908 2192 artem

474 2217 711 2331 analyticam
730 2220 967 2340 impossibile
987 2227 1062 2333 est,
1083 2221 1338 2330 conjiciendo
1357 2221 1619 2306 determinare
1641 2217 1908 2334 periculosum

321 2345 323 2352 ’
474 2335 516 2416 in
534 2331 641 2418 tants
660 2335 785 2420 nostrai
803 2364 934 2423 rerum
953 2335 1267 2454 primordialium
1279 2331 1517 2470 ignorantis.

528 2447 719 2540 atcerte
745 2452 839 2535 vitia
866 2449 935 2535 illa
961 2477 1127 2536 cutanea
1157 2447 1299 2535 summa
1328 2450 1484 2564 generis
1513 2453 1557 2532 ὅ(
1583 2441 1760 2532 eutrems
1787 2450 1909 2532 vehe-

475 2556 622 2644 mentis
639 2561 798 2647 infamia
816 2591 900 2648 non
918 2565 960 2646 in
976 2559 1139 2680 lymphas
1154 2559 1238 2648 sols
1259 2560 1481 2668 subruunt,
1504 2560 1573 2646 sed
1590 2559 1773 2646 videntur
1789 2563 1908 2645 etiam

473 2669 582 2758 malo
596 2674 698 2760 vires
711 2674 887 2761 sumente
900 2704 1028 2791 partes
1039 2678 1101 2763 adi
1131 2674 1217 2762 osas
1229 2678 1406 2783 inficere,
1421 2673 1559 2760 saltem
1573 2674 1754 2782 sununas,
1765 2680 1808 2756 δι
1823 2703 1910 2785 quae

475 2785 525 2870 ad
540 2813 674 2874 cutem
690 2791 822 2898 hiant,
844 2789 950 2874 unde
968 2795 1070 2876 cutis
1084 2707 1154 2874 sub
1170 2790 1280 2875 hisce
1297 2786 1456 2904 pustulis
1467 2788 1613 2874 neditm
1626 2811 1793 2892 tumeat,
1815 2815 1910 2872 con·

473 2895 532 2984 trit
546 2900 804 3014 deprimitur3
825 2909 868 2986 dt
887 2903 996 2990 certe
1009 2904 1218 3015 squamma
1232 2899 1271 2989 le
1300 2901 1393 2985 rosa
1408 2905 1448 2985 in
1460 2899 1564 3014 aqust
1578 2898 1710 2986 soluta
1723 2899 1910 2988 videntur

474 3010 525 3097 ali
554 3012 624 3098 uid
646 3013 810 3127 separati
833 3013 914 3101 olei
933 3013 1208 3101 indissolubilis
1230 3045 1253 3102 a
1300 3015 1547 3130 superficiem
1569 3018 1763 3100 emittere.

526 3042 576 3209 sd
608 3127 727 3211 etiam
752 3125 1083 3243 deprehendimus
1121 3129 1398 3216 observatione
1433 3131 1625 3213 constanti
1654 3155 1739 3211 non
1768 3153 1908 3212 omnes

473 3239 653 3321 omnium
671 3241 881 3324 hominurn
900 3240 1079 3359 lymphas
1102 3237 1297 3328 horumce
1319 3240 1555 3330 morborum
1572 3237 1780 3327 insultibus
1802 3241 1908 3353 equs

393 3405 402 3422 ·
473 3377 635 3548 patere,
660 3353 749 3436 rarb
769 3351 923 3440 scilicet
944 3355 1048 3472 apud
1073 3355 1396 3472 septentrionales
1418 3353 1616 3470 populos,
1639 3353 1849 3469 prasertim
1867 3359 1907 3438 in

492 3466 577 3550 ocis
597 3462 620 3549 *a
638 3470 736 3550 mari
759 3466 893 3554 dissitis
914 3471 1097 3584 reperiri,
1119 3472 1208 3554 rarb
1228 3472 1270 3554 in
1291 3473 1383 3556 viris
1402 3467 1518 3554 lauts
1528 3478 1571 3554 dt
1589 3467 1752 3584 opipare
1771 3472 1907 3554 viven-

472 3573 577 3662 tibus
613 3586 654 3664 &
689 3579 831 3696 magns
858 3580 1096 3668 cibariorum
1124 3583 1344 3668 diversitate
1378 3579 1668 3697 gaudentibus,
1707 3609 1905 3694 nunquam

472 3689 577 3805 apud
591 3689 684 3776 illos
701 3697 770 3805 qui
786 3695 904 3780 diaetae
917 3694 1130 3810 vegetabili
1151 3696 1313 3781 adstrisii
1331 3697 1420 3780 sunt
1442 3703 1483 3781 dt
1504 3699 1572 3808 qui
1597 3697 1694 3780 aeris
1712 3691 1906 3781 variabilis

472 3829 664 3920 perpetuo
684 3805 866 3892 fruuntur
886 3807 1098 3896 beneficio.
1126 3809 1281 3894 Contrb
1299 3813 1398 3896 vero
1417 3807 1568 3894 morbis
1590 3806 1753 3924 leprosis
1777 3811 1908 3924 preci·

472 3917 550 4030 pue
570 3917 714 4005 addidi
733 3919 821 4007 sunt
843 3924 910 4034 qui
928 3919 1062 4006 littora
1080 3922 1254 4039 depressa
1271 3926 1462 4030 marium,
1479 3925 1605 4008 ventis
1625 3919 1729 4006 mals
1747 3923 1906 4035 perflata

474 4035 517 4112 dt
536 4031 706 4120 humore
723 4034 861 4150 tepido
882 4035 1042 4120 infamia
1061 4033 1274 4143 accolunt,
1299 4041 1368 4148 qui
1389 4039 1494 4122 visiu
1516 4036 1657 4152 putido
1679 4061 1843 4120 utuntur
1865 4041 1906 4120 &

474 4139 642 4254 piscibus
656 4149 848 4264 praecipue
859 4148 1197 4256 vescuntur‚undd
1208 4152 1468 4266 ichtyophagi
1479 4149 1743 4264 apudveteres
1754 4149 1907 4262 AEgyp·

474 4255 553 4338 rios
565 4259 831 4367 vocabantur,
849 4290 1011 4348 notante
1026 4265 1079 4346 src
1099 4261 1339 4371 Herodoto,
1358 4293 1424 4348 aut
1440 4262 1622 4368 locustis,
1639 4261 1744 4346 unde
1759 4262 1908 4345 acrido·

473 4369 592 4481 phagi
615 4371 731 4480 dieti,
753 4377 844 4458 teste
861 4377 1051 4462 Diodoro
1075 4373 1240 4486 Siculo,
1262 4380 1323 4462 his
1347 4377 1498 4462 morbis
1521 4374 1713 4492 praecipue
1737 4378 1908 4460 conflic-

474 4503 603 4564 tantur
619 4489 695 4588 (o).
723 4487 847 4598 Aquae
861 4493 979 4573 etiam
997 4489 1085 4574 Nili
1100 4490 1204 4606 apud
1223 4517 1377 4578 veteres
1397 4521 1471 4606 pro
1491 4486 1750 4575 insalubribus
1766 4487 1908 4576 habita

474 4599 516 4678 δι
531 4621 655 4680 nomo
668 4597 899 4685 sacerdotali
913 4604 1124 4689 interdisiae
1142 4603 1236 4692 ideo
1254 4606 1364 4712 sunt,
1388 4603 1498 4718 quod
1515 4607 1585 4712 qui
1602 4605 1789 4690 Deorum
1808 4633 1850 4686 m
1878 4599 1910 4684 s-

471 4707 569 4792 teria
592 4709 806 4799 tradebant
831 4711 880 4797 ab
907 4719 1027 4810 omni
1048 4721 1272 4832 impuritate
1298 4719 1431 4805 forent
1459 4718 1632 4804 arcendi.
1664 4717 1776 4806 Hinc
1799 4633 1908 4805 nulla

509 4841 571 4923 (ιι)
593 4839 635 4910 V·
654 4841 829 4910 Rechcrchtr
844 4846 888 4910 sur
902 4851 942 4914 les
956 4849 1073 4914 clinois
1089 4859 1116 4914 δι
1129 4851 1171 4916 les
1186 4852 1362 4940 Egyptitns,
1378 4871 1451 4920 tom·
1465 4871 1496 4928 1,
1511 4851 1574 4916 see.
1588 4873 1619 4934 3.
