4228 5898
430 357 1288 498 '·rnrnoouccro
1567 439 1641 528 ,ῃ

205 583 298 664 clun
322 570 557 662 omnimoda
577 571 770 658 accedere
790 570 910 660 debet
938 572 1150 708 suppressio
1170 637 1184 682 ‚
1207 573 1284 683 jam
1319 574 1428 660 nulli
1456 582 1638 688 ratione,

203 687 343 776 natura
354 690 408 771 ita
419 683 579 795 jubente
590 749 605 793 ‚
636 685 861 772 revocanda
872 749 887 794 ,
913 714 1110 773 emrcant:
1138 693 1347 776 nonenim
1371 691 1456 807 spes
1480 695 1532 775 est
1556 693 1641 777 abi-

206 831 317 889 turos
338 800 431 886 illos
448 863 463 907 ‚
478 825 670 888 revocato
688 803 798 886 fluxu
820 803 1043 907 menstruo,
1069 801 1137 886 sed
1162 802 1367 920 deputatio
1394 835 1480 916 qua
1504 807 1550 888 fit
1571 835 1642 921 per

209 944 354 1004 cutem,
371 912 603 1020 toleranda,
629 913 930 1026 vorandumque
952 917 1004 998 est
1026 913 1218 1000 fastidium
1237 915 1337 1001 illud
1357 919 1467 1028 quod
1487 923 1640 1032 primos

203 1031 381 1142 sequitur
416 1027 682 1143 deputationis
722 1025 836 1134 hujus
873 1047 997 1112 annos
1010 1092 1025 1134 ,
1059 1055 1135 1114 nec
1162 1031 1231 1112 nisr
1256 1029 1488 1116 mollilsrmis
1512 1035 1641 1119 medi-

208 1147 400 1230 camentis
422 1142 666 1226 termidum
685 1141 724 1224 se
748 1139 893 1254 prabet
908 1138 1094 1250 morbus,
1122 1142 1254 1227 donec
1278 1142 1431 1228 sublato
1450 1145 1639 1233 tumultfrs

208 1253 449 1342 menstmalis
472 1251 677 1371 periculo,
703 1255 814 1338 sexes
834 1257 964 1339 omnis
986 1254 1205 1341 differentia
1223 1263 1448 1364 evanuerit,
1464 1285 1639 1373 tuncque

207 1370 385 1456 adhiberi
403 1370 444 1454 se
467 1371 564 1454 srnat
589 1371 742 1452 curatio
769 1368 889 1453 causa
913 1367 962 1452 ad
982 1395 1117 1452 cutem
1144 1373 1305 1456 vivacis.

264 1485 309 1568 N
313 1513 368 1568 on
390 1483 496 1568 idem
525 1485 605 1568 esto
632 1479 823 1588 judicium
848 1483 900 1567 de
927 1479 1076 1591 morbis
1100 1479 1177 1566 illis
1216 1487 1284 1594 qui
1309 1482 1406 1599 saepe
1432 1491 1638 1598 puerperas

208 1599 353 1708 easque
366 1659 380 1704 ‚
406 1622 451 1679 ut
477 1594 674 1680 nobilium
697 1625 785 1678 mos
809 1595 883 1702 est,
907 1624 990 1678 non
1008 1591 1193 1681 lafientes
1216 1596 1266 1682 ad
1291 1623 1424 1680 cutem
1455 1597 1642 1682 adoriun-

209 1740 274 1796 tur
296 1747 305 1795 ι
327 1715 355 1793 ii
371 1712 477 1794 enim
502 1736 546 1793 ut
566 1709 793 1819 'frequentes
805 1770 820 1816 ,
846 1712 900 1792 ita
917 1707 1067 1824 pelfrmi
1089 1709 1178 1794 sunt
1199 1707 1241 1794 dt
1264 1709 1435 1793 maxime
1452 1709 1639 1816 rebellem
1715 1703 1721 1710 ’

209 1854 287 1910 nec
321 1823 428 1908 certe
453 1825 626 1922 miru1n3
657 1822 808 1905 summa
834 1825 940 1905 enim
971 1827 1027 1906 est
1049 1820 1219 1907 mucosae
1241 1827 1359 1940 partis
1388 1821 1638 1938 lymphatica:

207 1966 329 2050 atque
344 1935 453 2022 laetis
476 1934 686 2048 analogia,
715 1936 782 2019 seu
805 1938 936 2050 potibs
958 1938 1041 2024 haec
1066 1933 1171 2019 illius
1190 1937 1243 2018 est
1261 1936 1561 2020 hindamentum
1581 1964 1641 2029 at-

210 2080 289 2164 que
317 2051 425 2134 basrs.
450 2047 532 2130 Ubi
560 2075 658 2162 ergo
695 2050 779 2160 post
808 2075 963 2170 partum
993 2049 1192 2162 exundans
1222 2045 1345 2134 ladea
1379 2053 1640 2162 cacochymia

210 2161 474 2274 undequaque
496 2189 623 2280 partes
649 2157 831 2267 imbibit,
856 2158 934 2270 jam
954 2189 1144 2278 puerpera
1167 2163 1208 2244 in
1235 2158 1297 2245 lac
1326 2163 1514 2248 conversa
1530 2163 1639 2250 vide·

209 2306 273 2364 tur
297 2275 513 2386 albumque
538 2274 647 2359 lastis
674 2272 857 2360 colorem
882 2273 1021 2383 vultu,
1047 2303 1163 2381 cuce,
1186 2274 1485 2362 vacuationibus
1506 2279 1637 2364 refert.

151 2416 156 2424 ·
208 2391 366 2476 Sensrm
390 2415 492 2472 tono
514 2393 630 2472 audo
657 2387 860 2473 discutitur
893 2385 962 2471 illa
981 2391 1271 2499 cacochymia‚
1307 2417 1390 2470 non
1409 2389 1488 2474 stne
1511 2389 1641 2474 febrili

213 2501 399 2590 tumultu.
424 2505 507 2608 At,
543 2504 676 2585 finon
709 2500 962 2607 discutiatur,
998 2502 1165 2616 superest
1185 2527 1231 2585 ut
1253 2501 1369 2584 malfa
1392 2499 1543 2610 lactea,
1574 2531 1641 2587 aut

215 2645 284 2734 per
302 2614 493 2700 abscessus
512 2640 698 2730 corrupta
713 2613 964 2718 amandetur,
992 2639 1059 2696 aut
1081 2618 1163 2700 vias
1186 2610 1320 2696 subeat
1339 2615 1555 2722 naturales,
1573 2641 1640 2700 aut

209 2736 261 2815 in
303 2726 473 2813 landulis
493 2727 674 2812 inferebas
689 2726 884 2841 producat
895 2726 1075 2810 c'aseosos
1082 2790 1096 2832 ,
1118 2726 1338 2810 durilfrmos
1349 2786 1365 2832 ,
1391 2751 1457 2809 aut
1477 2727 1640 2811 demiam

212 2761 400 2958 colgrupta
429 2840 632 2956 lympham
660 2843 779 2925 etiam
809 2869 907 2924 cum
933 2837 1009 2952 qus
1042 2848 1085 2924 δι
1118 2838 1188 2922 usu
1215 2846 1256 2922 dr
1289 2836 1424 2922 natural
1434 2902 1449 2950 ,
1478 2843 1562 2924 imb
1601 2849 1642 2926 dt

213 2959 417 3044 identitate
438 2955 714 3061 confunditur,
734 2979 972 3068 corrumpat.

272 3065 487 3184 Corruptio
519 3065 588 3151 illa
622 3093 705 3150 non
730 3097 808 3150 una
839 3069 903 3150 est.
930 3067 1169 3176 Quanquam
1195 3069 1303 3149 enim
1327 3065 1389 3149 lac
1418 3065 1640 3150 femineum

212 3181 415 3268 evidenter
439 3181 577 3296 sponte
597 3180 777 3287 acescat,
806 3187 847 3264 dr
867 3177 991 3292 vulgb
1015 3177 1131 3262 acido
1154 3176 1459 3296 praedominante
1474 3207 1640 3262 cuncte

213 3321 347 3382 menta
370 3295 520 3380 efficiat
531 3357 546 3401 ,
576 3294 757 3405 adeoque
787 3296 921 3375 omnia
954 3287 1020 3374 ful
1046 3289 1127 3405 ipsi
1154 3295 1409 3405 corruptione
1435 3286 1639 3397 obstruat,

215 3436 372 3543 putrere
388 3433 521 3492 tamen
535 3405 749 3517 aliquando
771 3403 898 3490 moles
924 3401 992 3488 illa
1010 3405 1193 3518 potest&
1218 3403 1496 3486 foetidissimam
1520 3405 1641 3484 mixta

214 3524 517 3608 inflammationi
540 3515 724 3606 exhalare
744 3519 1022 3633 putriditatems
1048 3515 1157 3600 Hinc
1178 3519 1219 3597 in
1239 3543 1409 3625 utroque
1432 3515 1546 3618 casu,
1574 3512 1640 3598 vel

215 3635 335 3721 malfa
367 3659 580 3748 corrupta,
605 3659 752 3718 eutem
780 3631 901 3747 ipsam
934 3632 1090 3735 inficit,
1115 3633 1263 3711 caretis
1289 3632 1430 3742 pariter
1450 3625 1639 3732 infectis,

218 3747 312 3834 mali
331 3749 619 3832 communione
636 3745 810 3854 undique
834 3741 980 3858 sparsd;
1004 3739 1070 3826 vel
1097 3739 1214 3826 malla
1237 3767 1421 3854 cotmpta
1440 3739 1487 3822 ad
1507 3766 1641 3822 cutem

218 3861 478 3978 deputatione
511 3857 653 3944 salubri
692 3857 892 3957 defertur;
920 3854 985 3941 vel
1018 3855 1107 3938 casu
1137 3853 1372 3938 intermedio
1403 3861 1444 3936 dr
1468 3853 1641 3935 Medicis
1722 3853 1723 3858 ‘

216 4001 337 4087 atque
364 3975 522 4088 egrotis
547 3971 657 4083 aque
691 3967 925 4086 perniciali,
958 3967 1085 4054 moles
1120 3971 1203 4051 hac
1244 3970 1285 4050 in
1318 3965 1446 4051 viscus
1479 3963 1640 4075 aliquod

216 4083 435 4204 ignobilius
453 4085 628 4200 deposita
652 4082 701 4172 ab
722 4079 796 4167 illo
823 4084 872 4168 ad
888 4109 1030 4196 cutem
1051 4083 1157 4191 quasr
1173 4080 1385 4185 irradiatim'
1408 4087 1449 4164 dt
1469 4103 1538 4192 per
1555 4076 1642 4191 plu-

222 4227 281 4286 res
307 4203 419 4288 vices
445 4193 657 4312 deponitur
671 4262 684 4305 ‚
710 4187 793 4282 fele
819 4213 1018 4308 nunquam
1048 4193 1310 4278 exhaurienda
1336 4222 1348 4292 ;
1380 4190 1640 4302 quimiserri⁴

219 4343 306 4398 mus
324 4312 438 4397 casua
458 4311 785 4423 frequentissimus
809 4314 862 4394 eli
873 4369 887 4415 ,
916 4335 960 4391 ut
984 4333 1122 4390 omnes
1142 4308 1266 4388 restari
1292 4304 1448 4418 poliunt
1473 4303 1641 4388 Medici.

274 4425 324 4509 In
343 4422 412 4510 illl
431 4449 590 4532 mrtem,
608 4429 696 4508 thm
717 4422 973 4536 depuratione
982 4483 996 4527 ‚
1023 4425 1107 4524 sirm
1125 4415 1645 4532 eruptione‘symptdrr'raiics

246 4535 520 4624 raedominatur
540 4525 782 4653 glutinosum
802 4533 983 4618 acescens
1002 4531 1271 4647 spontaneum.
1301 4532 1407 4614 Nam
1427 4527 1643 4643 ubiputri-

261 4655 393 4764 ginem
422 4675 553 4736 conce
579 4655 610 4736 it
635 4649 828 4763 lympha,
855 4644 964 4730 brevi
996 4673 1156 4730 omnem
1189 4647 1313 4732 amisrt
1334 4671 1573 4746 mucorem,
1601 4649 1643 4726 dt

220 4765 427 4852 mucidum
463 4683 578 4848 illus
591 4763 702 4876 qu'od
738 4758 888 4847 morbis
906 4762 1095 4844 'eutan‘eis
1114 4763 1330 4843 chronicis
1365 4755 1642 4840 constituendis

220 4877 478 4966 necesarium
503 4879 567 4964 est.
593 4877 662 4970 De
679 4893 737 4968 e'o
757 4879 877 4992 igitur
904 4891 1025 4967 acore
1053 4868 1516 4991 glutirrofospersanando
1537 4891 1644 4955 nunc
