4188 5916
679 401 1163 500 CUTANEIS·

547 583 1291 692 ARTI·CULU'SV1.

716 873 720 880 .
763 799 835 882 De
864 795 911 882 V
904 793 1078 910 itiligirze.

262 1009 462 1098 Absoluto
478 1008 528 1094 de
542 1002 769 1124 herpetibus
783 1010 945 1096 trattatu
952 1069 967 1116 ,
983 1010 1196 1092 maximam
1212 1003 1443 1096 morboru'rn
1459 1042 1649 1108 suranco*
1717 1031 1719 1038 ⁴

201 1157 293 1216 tum
320 1152 470 1241 patrem
496 1123 676 1210 videmur
703 1120 901 1233 megillo,
928 1150 1019 1204 nam
1045 1120 1281 1206 isleviffimo
1308 1124 1357 1208 ad
1382 1132 1646 1240 gravissimum

204 1245 318 1326 cutis
331 1239 514 1323 affeuum
537 1237 642 1346 quasi
663 1231 808 1317 scalam
830 1231 1003 1347 praebent
1024 1237 1234 1348 herpetes,
1258 1242 1364 1322 varia
1383 1245 1467 1324 tiam
1489 1245 1647 1333 Graeco·

204 1385 324 1458 rum,
351 1359 437 1436 tiam
461 1349 639 1436 Arabum
668 1350 831 1430 nomina
862 1345 931 1428 sub
960 1377 1043 1431 uno
1074 1350 1221 1431 intuitu
1250 1357 1648 1466 comprehendentes.

204 1466 324 1554 Unde
341 1463 389 1548 ab
411 1468 471 1556 his
493 1493 598 1547 nunc
621 1460 670 1544 ad
690 1487 896 1566 enormes,
920 1463 1004 1542 tiam
1023 1461 1230 1570 foeditate,
1254 1469 1337 1546 tiam
1360 1469 1479 1551 etiam
1498 1472 1648 1558 ineam

207 1580 340 1666 modis
367 1604 484 1689 atque
517 1571 697 1691 periculo
727 1571 892 1656 morbos
922 1574 1024 1658 ordo
1052 1577 1181 1658 noster
1211 1605 1285 1661 nos
1316 1576 1490 1666 de'duci't.
1526 1586 1648 1696 Quo-

208 1723 298 1778 rum
323 1695 470 1805 primus
498 1697 520 1776 a
549 1687 672 1772 Celso
699 1683 904 1800 vitiliginis
931 1691 1094 1772 nomine
1124 1688 1371 1802 designatus,
1403 1689 1451 1778 ab
1479 1704 1648 1810 antiquis

207 1807 358 1892 Graecis
375 1803 527 1918 Alphos
545 1811 586 1886 ὃ(
605 1801 729 1886 Leuce.
746 1796 977 1884 vocabatur.
992 1835 1014 1878 a
1030 1800 1218 1914 Vitiligo,
1236 1805 1364 1914 inquit
1378 1812 1458 1912 (a),
1475 1816 1651 1923 quamvis

207 1954 232 2000 a
245 1916 376 2034 perse
399 1916 547 2002 nullum
562 1912 774 2031 periculum
798 1910 955 2022 affirat,
977 1939 1103 1998 tamea
1126 1917 1163 1998 ἃ
1173 1915 1286 2026 soeda
1307 1917 1382 2024 est,
1403 1923 1509 2004 &ex
1524 1925 1680 2037 pravo'

189 2068 232 2132 va
252 2031 417 2144 corporis
437 2029 639 2142 habitufit
664 2025 766 2138 Ejus
780 2053 856 2120 tres
865 2025 905 2140 f
918 2028 1014 2110 ecies
1022 2025 1152 2138 sunt5
1171 2025 1286 2133 οἶλφος
1300 2053 1459 2118 vocatur
1474 2041 1490 2140 (
1503 2074 1580 2124 am
1596 2039 1653 2130 val

210 2179 234 2226 u
253 2141 426 2248 modicia
446 2169 592 2226 nautare
617 2139 711 2246 (b),
739 2141 803 2224 ubi
832 2058 936 2225 coiit
962 2140 1071 2224 albus
1101 2139 1174 2250 ast,
1196 2141 1284 2254 ferd
1303 2143 1545 2260 subasper&
1573 2183 1650 2236 non

208 2259 476 2352 acominatus,
498 2283 542 2340 ut
562 2253 734 2370 quadam
751 2251 857 2367 quast
873 2279 998 2366 gutta
1018 2253 1184 2368 disperso
1206 2255 1276 2367 effe
1293 2259 1502 2345 videantur.
1528 2263 1653 2352 Inter-

209 2407 235 2456 »
253 2370 474 2454 dalmatiam
493 2369 611 2452 laticis
627 2370 663 2450 l>
682 2397 767 2450 cum
789 2366 1005 2480 quibusdam
1027 2367 1352 2474 intermiffiortibus
1360 2371 1493 2486 serpit.
1519 2393 1654 2470 Minas

209 2519 235 2567 a>
254 2483 377 2568 colore
393 2481 441 2566 ab
457 2483 527 2564 hoc
545 2478 683 2588 diffirrt,
699 2479 788 2594 quia
805 2480 911 2594 niger
926 2478 1026 2586 est&
1042 2481 1183 2564 umbra
1188 2479 1357 2589 similis„
1367 2509 1503 2568 coetera
1521 2493 1651 2574 eadem

210 2597 348 2710 afiarta.
374 2595 487 2684 Aedui
509 2593 622 2677 habet
645 2591 819 2706 quiddam
833 2591 959 2700 simile
981 2593 1109 2695 α’λφω,
1126 2591 1197 2710 sed
1218 2596 1339 2708 magis
1357 2596 1482 2680 albida
1507 2601 1586 2703 est,
1613 2606 1652 2688 δ’

210 2743 235 2792 n
254 2709 372 2794 altius
387 2708 599 2820 descendit,
618 2708 660 2789 itt
678 2705 797 2818 atique
809 2703 886 2786 albi
889 2703 972 2832 pili
979 2702 1076 2817 fimt
1090 2709 1126 2790 it
1140 2706 1232 2788 lanu
1258 2707 1477 2815 inisimiles.
1507 2713 1652 2798 Omnia

210 2857 237 2906 a>
254 2825 337 2906 lzoec
346 2828 534 2934 serpunt,
546 2818 620 2932 sed
634 2819 674 2900 ia
687 2819 775 2902 aliis
786 2815 968 2922 celeratis,
990 2819 1030 2900 in
1051 2815 1137 2901 aliis
1156 2737 1311 2905 tardus.
1336 2839 1458 2926 Λλφος
1479 2828 1654 2928 &uanas

211 2971 236 3021 u
254 2937 295 3020 ia
313 2933 528 3051 quibusdam
550 2931 669 3017 variis
689 2930 916 3044 temporibus
936 2931 1160 3020 oriuntur&
1179 2929 1351 3041 desinunt
1374 2967 1388 3018 :
1413 2938 1519 3028 >teian
1541 2969 1651 3053 quem

212 3045 237 3132 u
256 3048 459 3161 occupavit
478 3076 554 3130 nott
564 3043 688 3156 fizcild
709 3043 874 3126 demittit
885 3077 923 3127 u.

272 3161 334 3246 Ex
347 3158 423 3254 haic
439 3155 595 3270 quami
614 3155 736 3242 Celso
752 3156 1253 3272 mutuamurdescriptione
1269 3186 1375 3273 patet
1387 3162 1622 3278 vitiliginem
1634 3223 1659 3274 ‚

213 3273 295 3359 stve'
308 3272 422 3378 αἴλφος
442 3300 566 3386 genus
588 3269 719 3355 morbi
742 3271 1001 3376 constituere,
1025 3268 1134 3379 cujus
1149 3295 1266 3376 muas
1280 3282 1320 3358 ὅ(
1335 3279 1441 3363 atain
1459 3279 1543 3360 duae
1564 3278 1657 3369 sunt

214 3388 366 3503 species
385 3418 399 3488 3
421 3387 448 3468 st
470 3414 554 3471 non
575 3389 698 3470 mavis
723 3407 843 3472 navant
862 3408 907 3467 ut
924 3383 1120 3468 summum
1147 3387 1310 3499 gradum
1334 3388 1426 3470 mali
1454 3390 1503 3474 ad
1528 3396 1653 3492 maxi<

216 3531 325 3586 mam
347 3502 546 3585 constituti
564 3497 794 3583 violentiam
818 3493 1067 3610 intelligere:
1095 3505 1186 3582 cum
1203 3503 1272 3583 vix
1295 3497 1376 3582 ulla
1399 3504 1518 3586 causae
1541 3505 1656 3588 diffe«

217 3616 345 3698 tentia
377 3615 487 3698 statui
514 3613 629 3726 poliat
641 3673 656 3717 ,
689 3615 853 3696 varietas
879 3615 1030 3694 tantiam
1055 3613 1144 3694 infit
1173 3611 1455 3702 accidentibus.
1483 3616 1657 3729 Vitiligo

215 3729 339 3840 igitur
363 3723 523 3809 morbus
542 3727 595 3808 est
618 3723 710 3808 verb
736 3721 1028 3838 lymphaticus,
1052 3725 1110 3806 sui
1133 3729 1315 3838 generis,
1339 3727 1464 3812 affinis
1487 3731 1658 3843 herpeti-

216 3837 323 3944 bus,
347 3835 414 3920 sed
439 3835 594 3922 rebellis
620 3833 819 3943 maxime,
846 3864 923 3920 nec
946 3851 1037 3920 eum
1061 3837 1307 3923 confundere
1334 3837 1429 3924 licet
1451 3847 1654 3954 cumopi-

219 3949 411 4063 nyuide,
443 3952 619 4059 quamvis
644 3947 786 4040 Paulus
812 3953 872 4053 (c)
898 3951 952 4032 ita
978 3948 1162 4057 senserit,
1191 3979 1268 4036 nec
1295 3951 1345 4034 ad
1371 3951 1522 4060 hydron
1550 3955 1655 4040 refe·

218 4064 362 4152 rendus
377 4064 429 4147 est
439 4125 452 4168 ,
472 4066 564 4146 teste
583 4061 780 4148 Manardo
794 4061 872 4166 (d).
892 4061 1018 4172 Effera
1037 4066 1178 4177 pariter
1191 4067 1405 4149 Avicennae
1422 4072 1462 4146 ὃ(
1482 4067 1526 4148 de
1542 4065 1656 4152 Saite

220 4174 620 4291 HalyAbbaspotiits
635 4175 685 4259 ad
703 4175 855 4288 hydroa
870 4175 1089 4260 referuntur
1101 4238 1116 4283 ,
1133 4175 1251 4287 quim
1275 4175 1324 4256 ad
1336 4174 1437 4264 ¹vitili
1467 4180 1585 4264 inem.
1608 4183 1655 4268 Si

219 4317 352 4376 tamen
370 4293 535 4405 perstent
553 4285 743 4394 rebellia,
769 4317 843 4373 nec
860 4292 900 4372 in
916 4287 1151 4402 pustularum
1166 4284 1398 4399 simplicium
1418 4207 1533 4376 claffe
1551 4323 1654 4377 con·

220 4408 439 4514 tineantur,
456 4403 505 4490 ad
516 4400 754 4516 vitiliginem
767 4401 978 4486 deflebunt
986 4458 1002 4506 ,
1020 4427 1138 4510 quam
1152 4397 1325 4516 apprime
1337 4395 1589 4516 HalyAbbas
1605 4413 1657 4514 (e)

151 4589 155 4596 '
264 4593 323 4662 (a)
343 4585 405 4647 lib·
427 4603 461 4660 ς,
482 4608 538 4668 cap.
559 4591 607 4648 28.

264 4666 322 4740 (lt)
344 4667 381 4728 V.
403 4665 511 4727 Gorraei
527 4668 630 4732 definit.
649 4663 753 4730 Medic.

158 4803 163 4814 .
263 4756 313 4824 (c)
345 4749 425 4808 Paul.
446 4749 489 4808 lib.
509 4775 540 4818 4,
560 4770 619 4832 cap.
639 4741 942 4833 5‚6,7,8&seq·

266 4827 317 4902 (d)
347 4827 475 4889 Manard.
494 4829 578 4911 Epist.
599 4829 676 4897 Med.
694 4827 743 4892 lib.
764 4825 900 4912 „Eun
917 4846 966 4904 tq.

267 4916 318 4990 (ι)
342 4909 410 4975 Lib.
429 4921 602 4992 4,cap.16.
