4226 5916
672 333 1179 436 curturis
1295 297 1304 306 ’
1498 307 1642 456 ’6,

270 493 330 580 Ea
358 520 489 582 autem
519 497 671 580 curatio
697 496 855 611 duplex.
894 497 1053 612 Topica
1082 497 1230 604 altera,
1262 498 1381 585 altera
1407 528 1457 585 ex
1478 502 1644 594 internis

218 609 387 694 conflata
402 607 554 714 auxiliis
568 611 688 692 crasin
703 611 917 694 humorum
936 613 1128 694 immutat.
1150 608 1269 694 Circi
1289 617 1444 728 topica,
1466 607 1654 733 exceptis

216 722 382 830 antiquis
406 723 474 832 qui
498 723 707 810 in'intertri
735 721 864 806 inibus
886 725 940 831 sty
969 726 1047 805 tica
1072 728 1113 804 bt
1136 722 1406 836 adstringentia
1431 727 1653 816 suadebant·

215 861 257 918 re
277 841 318 916 ὅ(
337 836 500 918 nomine
519 829 542 915 ὲ
561 831 675 916 nobis
690 753 829 940 sileni,
854 753 1103 918 consisitunt
1119 863 1317 920 omnesea
1332 837 1407 921 effe
1424 866 1474 921 ex
1489 839 1645 926 diluen-

213 943 317 1030 tibus
346 953 463 1056 atque
487 943 804 1060 refrigerantibus
832 946 1001 1061 petenda
1025 948 1242 1046 mitissimis.
1272 948 1353 1032 Sed
1377 949 1443 1033 alii
1468 980 1648 1039 ceratum

215 1085 352 1144 recens
376 1066 417 1140 dt
440 1056 575 1141 oleosa
598 1057 729 1142 dulcia
749 1059 990 1174 imponenda
1014 1057 1185 1172 partibus
1210 1060 1354 1144 affertis
1377 1062 1563 1167 suadent;
1580 1066 1645 1150 alii

214 1170 353 1255 contri
379 1168 448 1253 illa
474 1170 702 1286 refugiunt,
736 1169 922 1281 tanquim
951 1170 1179 1286 obstipantia
1205 1199 1323 1283 atque
1351 1176 1645 1286 rancescentia,

211 1281 453 1369 diluentibus
485 1281 578 1366 solis
615 1309 732 1394 atque
770 1283 1054 1369 resolventibus
1090 1285 1223 1393 aqueis
1264 1288 1456 1369 contenti.
1497 1289 1648 1372 Verum

213 1399 391 1508 quamvis
418 1392 602 1479 omnibus
628 1396 710 1480 sere
730 1399 771 1478 iii
800 1394 949 1480 casibus
972 1422 1231 1481 tutaneoruin
1254 1396 1488 1481 morborum
1513 1398 1649 1486 oleosa

212 1511 312 1592 mihi
333 1509 505 1623 semper,
525 1534 569 1591 ut
585 1506 692 1614 aliis,
713 1536 861 1592 nocere
881 1508 1080 1613 visasint,
1107 1512 1149 1592 in
1172 1511 1253 1592 hoc
1277 1523 1408 1594 tamen
1437 1515 1568 1595 nostro
1580 1575 1592 1616 ,
1620 1516 1648 1597 si

211 1623 475 1706 recentissima
494 1621 587 1726 sint,
612 1621 763 1732 semper
787 1620 973 1733 profuisse
995 1620 1262 1704 animadverti:
1284 1621 1498 1705 ch'enim
1520 1630 1648 1710 minias
1724 1616 1728 1624 ’

211 1737 266 1816 est
289 1759 394 1818 retro
424 1730 570 1816 ellendi
594 1735 772 1816 humoris
800 1730 1019 1846 periculum
1046 1765 1058 1831 ;
1095 1741 1137 1815 ὅ(
1164 1733 1272 1816 certe
1306 1733 1441 1818 oleosa
1471 1739 1552 1842 est,
1582 1765 1650 1822 aut

208 1845 350 1931 saltem
368 1764 422 1930 ari
434 1841 569 1928 oleum
588 1844 743 1931 accedit
758 1871 893 1928 natura
907 1847 1084 1927 humoris
1100 1848 1356 1928 acrimoniam
1373 1851 1647 1969 concipientis.

210 1959 330 2046 Unde
353 1985 489 2044 cerato
513 1956 658 2042 Galerii
683 1958 973 2063 recentiffimO,
1001 1957 1082 2041 visa
1099 1960 1196 2038 inihi
1217 1960 1275 2040 est
1296 1959 1449 2042 retundi
1471 1963 1647 2073 paroxis-

210 2101 375 2156 morum
397 2066 589 2164 violentia
614 2067 682 2153 illa
691 2121 711 2174 ,·
732 2069 856 2154 modb
877 2095 1009 2154 tamen
1029 2068 1171 2174 diutius
1196 2068 1432 2183 applicatum
1457 2075 1539 2156 cuti
1564 2104 1648 2156 non

209 2181 389 2269 servetur
403 2245 417 2288 ,
442 2181 508 2266 sed
539 2179 690 2267 detersa
721 2191 812 2266 cute
842 2185 1054 2266 renovetur
1081 2181 1127 2262 sae
1156 2184 1226 2264 ius.
1258 2181 1451 2292 Alioquin
1483 2213 1647 2270 noceret

208 2294 351 2382 oleum
374 2293 602 2380 rancescens
617 2357 631 2401 ,
658 2302 699 2376 dt
727 2299 777 2378 eb
808 2297 931 2406 magis
961 2293 1070 2403 quiid
1101 2211 1253 2374 olidum
1289 2296 1408 2378 fieret
1429 2323 1482 2378 eo
1512 2297 1647 2384 odoris

207 2435 360 2522 genere
385 2409 453 2514 qui
476 2396 608 2500 nostrat
628 2409 850 2488 acrimonia
874 2409 1054 2518 proprius
1081 2405 1145 2486 est.
1172 2401 1360 2489 Praeterei
1385 2404 1484 2488 nihil
1505 2411 1646 2520 rhaga-

208 2518 329 2604 dibus
358 2544 475 2628 atque
501 2513 639 2600 filluris
667 2515 805 2600 melitis
836 2518 1028 2599 medetur.
1064 2515 1156 2598 Nec
1186 2541 1317 2600 tamen
1349 2520 1385 2601 ei
1416 2521 1482 2628 qui
1510 2521 1647 2622 similia

206 2635 350 2746 topica
368 2629 680 2712 reformidaverit
700 2629 975 2712 contradicere
988 2629 1108 2711 ausim
1115 2688 1131 2733 ,
1158 2631 1250 2711 cum
1272 2627 1401 2740 plures
1425 2632 1647 2724 acrimoniae

206 2743 365 2859 species
391 2744 457 2824 hic
481 2738 670 2853 conjungi
694 2741 849 2856 possint.
991 2757 997 2768 '
1301 2821 1306 2834 ,
1446 2787 1449 2794 ·
1637 2793 1642 2826 i

269 2855 423 2940 Caetera
452 2851 686 2937 resolventia
715 2885 798 2963 quat
829 2856 893 2936 hic
922 2850 1155 2938 adhibentur
1191 2855 1367 2936 constant
1398 2881 1447 2937 ex
1478 2853 1614 2940 althea
1628 2918 1644 2965 ,

205 2966 367 3084 psyllii,
391 2964 462 3050 liiii
488 2966 662 3050 decoctis
674 3027 688 3072 ,
711 2967 843 3049 infusis
864 2968 1007 3048 florum
1033 2963 1234 3069 sambuci,
1265 2962 1460 3072 meliloti,
1482 2971 1645 3052 chamat-

206 3079 335 3186 meli,
356 3078 463 3166 foliis
477 3076 630 3193 lupuli,
653 3076 790 3162 caltha
799 3140 813 3183 ,
831 3082 1023 3191 eupatorii
1032 3140 1045 3183 ,
1062 3075 1307 3187 aliorumque
1327 3077 1535 3185 similium,
1553 3111 1647 3190 quo·

206 3223 302 3283 turn
320 3191 362 3275 id
380 3194 559 3275 criminis
582 3195 656 3275 erit
679 3191 787 3302 quod
808 3194 890 3273 cito
906 3191 1174 3294 exsiccentur,
1192 3191 1383 3273 exsiccata
1396 3195 1492 3274 verb
1513 3217 1646 3276 cutem

207 3303 438 3415 relinquant
463 3304 686 3388 aridiorem.
720 3302 888 3388 Famosa
918 3302 1073 3386 suntin
1107 3304 1213 3384 hunc
1240 3302 1353 3414 usum
1382 3302 1646 3390 saturnina&

206 3416 407 3534 praecipue
430 3415 636 3531 plumbum
658 3420 697 3500 in
720 3443 837 3512 aceto
861 3413 1034 3498 solutum
1055 3415 1163 3523 quod
1187 3443 1326 3522 aquam
1348 3420 1643 3526 vegeto-mine-

207 3530 337 3622 talem
351 3556 525 3635 vocant,
543 3529 785 3635 remedium,
806 3556 906 3642 pace
917 3527 1027 3611 aliter
1040 3527 1290 3613 sentientium
1303 3525 1495 3633 dixerim,
1513 3555 1644 3641 reper-

208 3645 366 3728 cutiens
389 3645 519 3755 potiiis
545 3639 664 3752 quim
686 3640 908 3744 resolvens,
937 3638 1114 3748 &quod
1140 3634 1257 3720 nullis
1280 3641 1322 3719 in
1348 3637 1496 3722 casibus
1525 3641 1645 3753 depu-

207 3757 367 3840 ratoriis
392 3752 572 3868 periculo
601 3778 729 3836 vacet.
765 3751 881 3834 Undb
911 3755 952 3832 in
981 3750 1092 3833 malis
1125 3745 1312 3832 similibus
1341 3750 1644 3860 frequentissimis

204 3865 478 3982 applicatum,
495 3891 539 3950 ut
552 3862 734 3970 suadent,
758 3888 890 3947 cutem
906 3893 987 3946 non
1002 3887 1187 3974 corrugat
1200 3865 1370 3966 tantiam,
1387 3861 1453 3944 sed
1469 3862 1643 3969 indurat,

206 3979 365 4064 sensum
391 3976 602 4080 hebetans,
639 3984 681 4060 dc
706 3973 788 4081 ejus
820 3973 1062 4060 substantiam
1096 3977 1136 4055 in
1161 3976 1262 4056 corii
1288 3972 1459 4053 sormam
1488 3979 1643 4086 prorsiis

208 4095 421 4195 immutat,
450 4089 555 4172 unde
578 4086 645 4172 illa
674 4089 793 4194 dura,
821 4087 1031 4195 insensilia,
1059 4087 1234 4170 narranti
1263 4085 1456 4188 resistens,
1488 4093 1529 4168 di
1554 4114 1642 4198 gra-

210 4201 348 4290 nulata
373 4229 542 4316 apparet.
578 4203 666 4284 Imb
689 4210 729 4286 ὅ(
754 4227 924 4284 mutatur
953 4202 1033 4314 ipse
1060 4197 1141 4302 ejus
1174 4193 1312 4300 color,
1332 4196 1571 4305 -flavumque
1596 4227 1644 4282 ac

207 4316 386 4412 luridum
403 4313 533 4428 postea
548 4318 616 4401 vix
635 4312 724 4397 ullis
747 4312 1024 4404 debellandum
1039 4341 1086 4393 ac
1103 4303 1315 4390 delendum
1332 4307 1513 4392 remediis
1529 4309 1643 4415 colo·

208 4457 300 4524 rem
325 4431 509 4540 accipit..
851 4447 857 4456 '
1296 4447 1300 4454 ’

211 4627 218 4638 ,
271 4541 320 4622 In
348 4538 530 4623 omnibus
556 4533 779 4645 hujusmodi
807 4534 1063 4649 depuratoriis
1095 4529 1243 4615 casibus
1272 4530 1339 4614 illa
1374 4531 1451 4620 effe
1485 4537 1641 4620 vitanda

210 4651 390 4742 remedia
414 4680 495 4732 non
519 4677 542 4732 e
571 4679 597 4732 o
620 4647 746 4755 solus,
768 4645 834 4731 sed
882 4645 985 4730 lures
1000 4643 1176 4728 Britanni
1188 4645 1376 4758 Chirurgi
1393 4674 1645 4734 notaverunt.

208 4767 308 4856 Nec
332 4760 472 4846 melius
497 4682 699 4851 fidendum
724 4760 820 4848 forti
840 4678 927 4848 silis
950 4760 1089 4850 marini
1114 4757 1311 4874 decutio,
1338 4761 1447 4870 quod
1468 4755 1648 4848 tamena
