4246 5900
424 401 521 508 „a
692 379 787 469 oa
840 373 1141 469 nonars
1195 361 1621 493 curnuats.

1812 498 1834 527 ..

466 559 572 643 enim
583 530 796 655 abdomen,
808 573 945 633 catera
957 540 1344 651 marcescent,aderit
1356 529 1565 639 diarrhoea,
1574 523 1750 648 phthifis,
1762 553 1888 616 morsa

465 672 522 754 At
533 663 741 783 grandiore
754 662 857 746 laeto
870 686 1054 772 corpore,
1067 658 1183 742 scena
1196 678 1380 759 mutatur,
1394 657 1672 759 &quanquam
1687 641 1828 726 dentur
1841 645 1883 728 in

466 807 578 867 aetate
593 775 669 886 jam
689 772 828 891 puerili
851 797 916 856 aut
932 770 1178 885 epheborum
1195 764 1325 852 morbi
1339 766 1361 849 a
1374 791 1496 848 muco
1509 754 1744 875 pendentes,
1765 783 1887 864 quan·

467 923 586 1006 quam
600 891 740 974 dentur
760 888 902 991 crusta,
918 886 1098 995 favique,
1111 877 1383 996 glandularum
1402 875 1730 990 lymphaticarum
1740 869 1888 952 infarc-

467 1035 556 1092 tum
586 1012 628 1088 dt
659 1001 860 1112 sequentes
888 1006 933 1082 δι
955 1001 1221 1102 comitantes,
1248 990 1438 1100 simulque
1465 996 1507 1073 dt
1541 985 1746 1068 infaretun
1771 979 1887 1064 illum

462 1119 687 1222 tollentes,
711 1112 890 1221 adeoque
924 1110 973 1194 ad
1009 1139 1153 1226 corpus
1179 1103 1201 1189 a
1227 1104 1422 1217 superfluo
1444 1098 1611 1185 mucoso
1641 1091 1886 1178 liberandum

470 1238 671 1332 institute,
706 1223 807 1308 adest
825 1251 957 1308 tamen
973 1221 1061 1337 plus
1081 1217 1308 1322 erethismi,
1329 1215 1417 1332 plus
1442 1209 1781 1312 inflammationis,
1802 1205 1893 1323 plus

471 1352 612 1433 virium
625 1342 734 1443 vitae,
760 1335 865 1420 unde
887 1338 931 1420 fit
950 1361 995 1420 ut
1013 1334 1160 1420 malum
1178 1329 1316 1438 majori
1330 1328 1529 1415 celeritate
1544 1324 1609 1408 sua
1622 1347 1802 1435 tempora
1821 1320 1893 1405 de-

473 1483 628 1560 currat,
647 1452 850 1564 deputatio
866 1451 934 1533 fiat
954 1451 1098 1556 citior,
1118 1444 1320 1532 metastasts
1339 1437 1608 1557 periculostot.

529 1571 629 1654 Haec
654 1563 855 1648 metastasis
881 1559 1006 1675 vulgo
1029 1563 1075 1646 ht
1096 1565 1139 1645 in
1165 1558 1377 1676 pulmones
1398 1559 1439 1638 in
1460 1549 1604 1747 Lunioti
1624 1573 1793 1660 corpote
1807 1569 1895 1628 ma-

474 1683 587 1776 xime·
601 1685 643 1765 in
658 1673 842 1760 morbum
863 1677 965 1758 fleeli
987 1703 1150 1782 cereos,
1178 1669 1438 1784 &glandulas
1488 1659 1709 1748 ronchiales
1722 1662 1895 1792 primum

476 1793 738 1880 obstruffione
748 1850 763 1893 ,
790 1789 881 1873 dein
899 1788 1080 1872 erostone
1094 1789 1240 1890 inficit,
1260 1811 1356 1898 pute
1376 1783 1536 1866 demum
1556 1796 1785 1887 corrumpit.
1799 1774 1894 1856 Nec

478 1937 607 1994 rarum
622 1907 675 1989 est
695 1905 741 1985 iis
759 1929 884 2010 quos,
909 1926 975 1983 aut
995 1928 1130 1984 natura
1149 1895 1320 1984 debilior
1370 1895 1573 2008 raepostero
1600 1885 1730 1972 morbi
1739 1886 1896 1980 ,mucost

480 2021 636 2105 cutanei
656 2013 874 2127 tetropulsu
890 2014 1028 2128 affligit
1041 2075 1055 2120 ,
1071 2041 1138 2097 aut
1152 2043 1211 2096 ars
1224 1926 1444 2094 malelliada
1462 2005 1560 2089 foedi
1574 2006 1742 2087 horrore
1755 2000 1897 2118 speda-

479 2130 562 2218 culi
575 2129 776 2232 liberavit,
789 2154 834 2210 ut
846 2123 982 2232 illicb,
1002 2135 1044 2211 dt
1058 2127 1162 2236 quast
1176 2113 1283 2209 'nulli
1297 2117 1436 2245 praevii
1449 2117 1578 2224 causi,
1593 2147 1664 2232 pus
1680 2114 1895 2230 exspuunt,

480 2240 707 2328 mirantibus
727 2239 927 2346 Medicis,
942 2266 1017 2323 nec
1034 2235 1297 2352 cogitantibus
1316 2231 1423 2347 quod
1441 2233 1655 2348 superfluus
1671 2227 1741 2313 ille
1758 2257 1898 2312 mucua

481 2359 740 2441 mutationem
753 2350 999 2467 purulentam
1014 2355 1056 2435 in
1074 2351 1158 2468 ipso
1181 2353 1366 2436 circuitits
1387 2351 1536 2461 impetu
1547 2341 1704 2428 subierit
1715 2405 1730 2450 ,
1759 2341 1899 2426 altera·-

483 2470 622 2578 tusque
645 2471 773 2579 iupus
791 2467 841 2550 ad
886 2463 1069 2662 &nones
1094 2463 1314 2582 appulerit,
1335 2461 1445 2568 cujus
1456 2521 1471 2567 ,
1486 2454 1668 2544 omnibus
1684 2457 1765 2544 fere
1787 2485 1903 2573 prac-

484 2585 574 2668 ticis
602 2495 891 2664 consentientib
951 2641 964 2684 ,
984 2581 1211 2662 mutationis
1229 2606 1311 2661 non
1326 2606 1450 2659 unum
1464 2573 1546 2658 vidi
1561 2570 1798 2690 exemplum.
2025 2585 2028 2596 '

540 2693 734 2778 Duriores
749 2694 850 2776 fiunt
866 2700 908 2776 dt
922 2694 1046 2806 magis
1065 2689 1213 2805 plastici
1229 2715 1404 2774 tumores
1417 2685 1475 2770 illi
1488 2686 1779 2798 ingravescente
1793 2708 1905 2770 aetate

485 2812 527 2890 in
545 2803 622 2916 quai
647 2814 689 2890 ot
708 2807 887 2918 herpetes
911 2807 1038 2888 minus
1056 2807 1211 2910 fluunt,
1235 2811 1277 2887 ot
1296 2804 1461 2885 achotes
1485 2798 1642 2910 favique
1666 2797 1842 2882 duriores
1856 2825 1907 2882 ac

486 2909 677 3022 rariores,
699 2919 741 2998 in
764 2913 840 3024 qui
863 2913 1055 3028 glandula
1074 2913 1226 2999 faciliits
1248 2913 1396 2999 cedunt
1409 2909 1527 3026 quam
1546 2915 1673 3018 cutis,
1695 2907 1907 2998 &facilius

487 3027 741 3130 indurescunt
759 3028 832 3108 istae
855 3023 971 3136 quim
998 3025 1066 3110 illa
1083 3024 1267 3111 erodatnr
1279 3088 1294 3133 ,
1317 3027 1423 3112 unde
1456 3032 1585 3111 turshs
1607 3025 1820 3110 metastases
1847 3025 1907 3109 fa-

490 3137 605 3224 cililts
623 3142 723 3226 fiunt
740 3136 789 3222 ad
803 3141 947 3252 hepar,
964 3138 1195 3224 humoribus
1217 3139 1394 3224 indolem
1414 3137 1594 3224 biliosam
1614 3136 1700 3254 plus
1727 3137 1911 3222 affeiian·

490 3250 608 3338 tibus.
644 3251 749 3362 Lym
777 3251 828 3334 ha
859 3251 940 3366 ipsa
973 3252 1131 3346 craffiot
1162 3251 1397 3338 mesenten'o
1432 3251 1585 3338 facilius
1619 3251 1772 3344 insidias
1806 3255 1915 3338 struit

493 3363 613 3476 qubm
635 3365 731 3457 cuti.
798 3392 846 3448 ec
871 3366 1064 3447 mirumst
1090 3362 1187 3480 phio
1217 3366 1302 3450 oses
1324 3371 1462 3451 harum
1488 3369 1655 3481 partium
1675 3363 1813 3475 lenta,
1844 3369 1913 3452 vix

492 3480 670 3591 tangenti
692 3475 818 3610 digito
845 3475 1084 3592 deprehendi
1110 3396 1247 3563 faciles
1258 3541 1272 3586 ‚
1301 3509 1394 3563 cum
1413 3483 1503 3564 artis
1524 3477 1671 3564 auxilio
1688 3479 1739 3564 ad
1763 3476 1915 3564 resolu-

493 3593 648 3686 tionem
661 3586 948 3698 sollicitantur,
977 3595 1094 3702 eique
1117 3587 1192 3698 jam
1206 3589 1450 3697 auscultant,
1468 3623 1561 3676 cum
1577 3593 1627 3678 de
1643 3591 1807 3679 vitiorih
1820 3621 1918 3676 mox

494 3699 745 3818 adipiscendi
764 3700 834 3786 srbi
854 3699 932 3810 jam
954 3702 1168 3818 gratulatur
1185 3705 1393 3812 Medicus,
1417 3703 1530 3789 illico
1551 3705 1659 3822 spem
1681 3705 1784 3792 bene
1814 3735 1917 3790 con-

497 3841 654 3932 ceptam
676 3812 848 3908 cludant.
876 3813 996 3900 Tunc
1023 3821 1128 3902 enim
1150 3823 1199 3901 δι’
1216 3817 1335 3907 facies
1356 3849 1438 3929 quae
1465 3815 1552 3934 plus
1573 3824 1742 3904 externis
1767 3817 1924 3904 insulti-

319 3939 323 3948 '
453 4035 456 4048 Ι
497 3927 571 4013 bus
593 3953 701 4060 patet
713 3989 727 4035 ‚
756 3925 971 4040 &reliun
994 3957 1132 4014 omnes
1151 3933 1328 4043 corporis
1353 3955 1478 4042 partes
1501 3929 1658 4042 pustulis
1691 3930 1890 4016 foedantur
1904 3992 1921 4042 ,

499 4069 647 4154 pmntu
660 4041 898 4147 afficiuntur,
913 4041 1139 4157 herpetibus
1158 4045 1320 4156 turpiter
1335 4045 1621 4159 corripiuntur3
1638 4041 1790 4130 scilicet
1804 4044 1920 4130 causa

500 4149 595 4236 mali
617 4151 823 4262 hquefaeta
844 4157 925 4262 est,
953 4162 996 4238 dt
1027 4159 1225 4265 antiquam
1251 4155 1383 4246 sedem
1407 4155 1599 4263 deseruit,
1630 4183 1793 4268 tumque
1817 4159 1922 4242 cutis

502 4260 584 4368 ejus
601 4263 755 4377 piacula
779 4270 935 4381 accipit.
955 4268 1045 4352 Imb
1067 4269 1093 4350 st
1117 4271 1289 4383 priorem
1308 4266 1436 4352 morbi
1463 4269 1594 4354 sedem
1611 4272 1821 4377 intuearis,
1844 4275 1922 4355 mi-

502 4371 649 4474 tabetis
672 4403 814 4486 quanta
838 4381 879 4460 in
904 4382 1169 4492 angustiffimo'
1188 4379 1285 4466 loco
1312 4387 1479 4468 materiae
1504 4385 1656 4466 nocive
1681 4385 1798 4498 copia
1824 4381 1928 4468 deli·

503 4489 650 4592 tuerit,
668 4488 779 4597 quod
798 4487 869 4572 tibi
892 4515 1023 4574 tamen
1048 4497 1194 4608 aperiet
1220 4493 1441 4580 observatio
1468 4497 1573 4579 circa
1593 4527 1757 4580 mucum
1774 4499 1923 4582 anima-

503 4598 603 4683 lium
626 4598 911 4716 stmpliciffima.
927 4602 1094 4690 Scilicet
1111 4605 1261 4692 dilatari
1278 4605 1393 4692 lllum
1416 4609 1717 4722 ptaetetmodltm
1739 4609 1808 4695 ubi
1823 4609 1924 4722 aquai

505 4709 619 4802 stmul
638 4709 828 4821 diluitur,
854 4713 1046 4832 stmulque
1067 4747 1180 4806 motu
1208 4725 1376 4838 rapitut5
1408 4720 1511 4807 unde
1538 4723 1648 4844 quod
1671 4725 1930 4918 centestnlqpm

1773 4865 1826 4958 po
1874 4865 1933 4924 ets
