<?xml version="1.0" encoding="UTF-8"?>
<!DOCTYPE html PUBLIC "-//W3C//DTD XHTML 1.0 Transitional//EN"
    "http://www.w3.org/TR/xhtml1/DTD/xhtml1-transitional.dtd">
<html xmlns="http://www.w3.org/1999/xhtml" xml:lang="en" lang="en">
 <head>
  <title>
</title>
<meta http-equiv="Content-Type" content="text/html;charset=utf-8" />
  <meta name='ocr-system' content='tesseract 3.04.00' />
  <meta name='ocr-capabilities' content='ocr_page ocr_carea ocr_par ocr_line ocrx_word'/>
</head>
<body>
  <div class='ocr_page' id='page_1' title='image "./tractatusdemorb00cavegoog_0631.png"; bbox 0 0 4292 5904; ppageno 0'>
   <div class='ocr_carea' id='block_1_1' title="bbox 584 377 1645 511">
    <p class='ocr_par' dir='ltr' id='par_1_1' title="bbox 584 377 1645 511">
     <span class='ocr_line' id='line_1_1' title="bbox 584 377 1645 511; baseline 0.001 -30"><span class='ocrx_word' id='word_1_1' title='bbox 584 377 590 398; x_wconf 43' lang='lat'><em>⁴</em></span> <span class='ocrx_word' id='word_1_2' title='bbox 682 389 1176 511; x_wconf 62' lang='lat' dir='ltr'>CUTANEI&amp;</span> <span class='ocrx_word' id='word_1_3' title='bbox 1563 393 1645 504; x_wconf 62' lang='grc' dir='ltr'>δη</span> 
     </span>
    </p>
   </div>
   <div class='ocr_carea' id='block_1_2' title="bbox 164 553 1655 1914">
    <p class='ocr_par' dir='ltr' id='par_1_2' title="bbox 164 553 1655 1914">
     <span class='ocr_line' id='line_1_2' title="bbox 214 553 1651 672; baseline 0 -26"><span class='ocrx_word' id='word_1_4' title='bbox 214 555 387 646; x_wconf 88' lang='lat' dir='ltr'>voluerit</span> <span class='ocrx_word' id='word_1_5' title='bbox 400 616 415 667; x_wconf 95' lang='lat'>,</span> <span class='ocrx_word' id='word_1_6' title='bbox 453 559 497 643; x_wconf 76' lang='lat' dir='ltr'>bt</span> <span class='ocrx_word' id='word_1_7' title='bbox 531 553 578 640; x_wconf 85' lang='lat' dir='ltr'>ab</span> <span class='ocrx_word' id='word_1_8' title='bbox 610 553 768 672; x_wconf 67' lang='lat' dir='ltr'>impexi</span> <span class='ocrx_word' id='word_1_9' title='bbox 794 557 961 643; x_wconf 82' lang='lat' dir='ltr'>&#39;sorditie</span> <span class='ocrx_word' id='word_1_10' title='bbox 993 585 1154 662; x_wconf 92' lang='lat' dir='ltr'>ortum,</span> <span class='ocrx_word' id='word_1_11' title='bbox 1179 583 1298 666; x_wconf 89' lang='lat' dir='ltr'>quem</span> <span class='ocrx_word' id='word_1_12' title='bbox 1324 557 1462 672; x_wconf 85' lang='lat' dir='ltr'>capitis</span> <span class='ocrx_word' id='word_1_13' title='bbox 1487 588 1581 646; x_wconf 90' lang='lat' dir='ltr'>cura</span> <span class='ocrx_word' id='word_1_14' title='bbox 1595 568 1651 646; x_wconf 66' lang='lat' dir='ltr'>bt</span> 
     </span>
     <span class='ocr_line' id='line_1_3' title="bbox 213 668 1652 787; baseline 0.005 -35"><span class='ocrx_word' id='word_1_15' title='bbox 213 697 400 783; x_wconf 88' lang='lat' dir='ltr'>comptus</span> <span class='ocrx_word' id='word_1_16' title='bbox 435 669 541 756; x_wconf 72' lang='lat' dir='ltr'>belli</span> <span class='ocrx_word' id='word_1_17' title='bbox 574 671 806 784; x_wconf 87' lang='lat' dir='ltr'>persanent¹,</span> <span class='ocrx_word' id='word_1_18' title='bbox 838 669 997 786; x_wconf 72' lang='lat' dir='ltr'>demptd</span> <span class='ocrx_word' id='word_1_19' title='bbox 1027 672 1138 754; x_wconf 91' lang='lat' dir='ltr'>omni</span> <span class='ocrx_word' id='word_1_20' title='bbox 1170 668 1212 754; x_wconf 92' lang='lat' dir='ltr'>su</span> <span class='ocrx_word' id='word_1_21' title='bbox 1241 670 1473 771; x_wconf 79' lang='lat' dir='ltr'>erstitione3</span> <span class='ocrx_word' id='word_1_22' title='bbox 1502 673 1652 787; x_wconf 79' lang='lat' dir='ltr'>scripsit</span> 
     </span>
     <span class='ocr_line' id='line_1_4' title="bbox 214 699 1652 898; baseline 0.004 -34"><span class='ocrx_word' id='word_1_23' title='bbox 214 780 284 865; x_wconf 91' lang='lat' dir='ltr'>ille</span> <span class='ocrx_word' id='word_1_24' title='bbox 307 814 390 868; x_wconf 88' lang='lat' dir='ltr'>non</span> <span class='ocrx_word' id='word_1_25' title='bbox 411 789 452 868; x_wconf 94' lang='lat' dir='ltr'>in</span> <span class='ocrx_word' id='word_1_26' title='bbox 478 787 660 897; x_wconf 86' lang='lat' dir='ltr'>impexos</span> <span class='ocrx_word' id='word_1_27' title='bbox 683 781 813 868; x_wconf 85' lang='lat' dir='ltr'>soltim</span> <span class='ocrx_word' id='word_1_28' title='bbox 836 811 954 896; x_wconf 92' lang='lat' dir='ltr'>atque</span> <span class='ocrx_word' id='word_1_29' title='bbox 975 783 1157 868; x_wconf 89' lang='lat' dir='ltr'>sordidos</span> <span class='ocrx_word' id='word_1_30' title='bbox 1185 699 1330 898; x_wconf 67' lang='lat' dir='ltr'>pbcam</span> <span class='ocrx_word' id='word_1_31' title='bbox 1354 784 1558 893; x_wconf 84' lang='lat' dir='ltr'>incidere,</span> <span class='ocrx_word' id='word_1_32' title='bbox 1583 785 1652 870; x_wconf 90' lang='lat' dir='ltr'>sed</span> 
     </span>
     <span class='ocr_line' id='line_1_5' title="bbox 164 893 1653 1012; baseline 0.003 -34"><span class='ocrx_word' id='word_1_33' title='bbox 164 894 168 898; x_wconf 71' lang='grc'><strong>’</strong></span> <span class='ocrx_word' id='word_1_34' title='bbox 213 896 257 978; x_wconf 90' lang='lat' dir='ltr'>in</span> <span class='ocrx_word' id='word_1_35' title='bbox 279 895 449 980; x_wconf 70' lang='lat' dir='ltr'>maxime</span> <span class='ocrx_word' id='word_1_36' title='bbox 469 925 515 979; x_wconf 91' lang='lat' dir='ltr'>ca</span> <span class='ocrx_word' id='word_1_37' title='bbox 542 893 705 980; x_wconf 91' lang='lat' dir='ltr'>illorum</span> <span class='ocrx_word' id='word_1_38' title='bbox 727 896 905 982; x_wconf 84' lang='lat' dir='ltr'>curiosos</span> <span class='ocrx_word' id='word_1_39' title='bbox 917 959 931 1004; x_wconf 96' lang='lat'>,</span> <span class='ocrx_word' id='word_1_40' title='bbox 950 901 991 980; x_wconf 90' lang='lat' dir='ltr'>in</span> <span class='ocrx_word' id='word_1_41' title='bbox 1004 899 1111 982; x_wconf 92' lang='lat' dir='ltr'>viros</span> <span class='ocrx_word' id='word_1_42' title='bbox 1130 899 1280 981; x_wconf 90' lang='lat' dir='ltr'>vertice</span> <span class='ocrx_word' id='word_1_43' title='bbox 1299 895 1406 1002; x_wconf 90' lang='lat' dir='ltr'>raso,</span> <span class='ocrx_word' id='word_1_44' title='bbox 1429 923 1473 981; x_wconf 92' lang='lat' dir='ltr'>ut</span> <span class='ocrx_word' id='word_1_45' title='bbox 1494 929 1653 1012; x_wconf 82' lang='lat' dir='ltr'>magna-</span> 
     </span>
     <span class='ocr_line' id='line_1_6' title="bbox 214 927 1651 1124; baseline 0.008 -34"><span class='ocrx_word' id='word_1_46' title='bbox 214 1031 302 1090; x_wconf 89' lang='lat' dir='ltr'>tum</span> <span class='ocrx_word' id='word_1_47' title='bbox 328 1009 432 1124; x_wconf 91' lang='lat' dir='ltr'>apud</span> <span class='ocrx_word' id='word_1_48' title='bbox 458 927 639 1094; x_wconf 65' lang='lat' dir='ltr'>Pobonos</span> <span class='ocrx_word' id='word_1_49' title='bbox 666 1039 756 1098; x_wconf 89' lang='lat' dir='ltr'>mos</span> <span class='ocrx_word' id='word_1_50' title='bbox 783 1013 860 1117; x_wconf 89' lang='lat' dir='ltr'>est,</span> <span class='ocrx_word' id='word_1_51' title='bbox 894 1010 1138 1124; x_wconf 88' lang='lat' dir='ltr'>gaudentes,</span> <span class='ocrx_word' id='word_1_52' title='bbox 1168 1013 1210 1092; x_wconf 90' lang='lat' dir='ltr'>in</span> <span class='ocrx_word' id='word_1_53' title='bbox 1244 1034 1423 1121; x_wconf 87' lang='lat' dir='ltr'>comptas</span> <span class='ocrx_word' id='word_1_54' title='bbox 1453 1009 1651 1102; x_wconf 84' lang='lat' dir='ltr'>mulieres.</span> 
     </span>
     <span class='ocr_line' id='line_1_7' title="bbox 214 1119 1652 1237; baseline 0.005 -33"><span class='ocrx_word' id='word_1_55' title='bbox 214 1119 351 1234; x_wconf 87' lang='lat' dir='ltr'>Negat</span> <span class='ocrx_word' id='word_1_56' title='bbox 385 1148 518 1206; x_wconf 87' lang='lat' dir='ltr'>tamen</span> <span class='ocrx_word' id='word_1_57' title='bbox 550 1121 657 1206; x_wconf 90' lang='lat' dir='ltr'>idem</span> <span class='ocrx_word' id='word_1_58' title='bbox 694 1125 829 1208; x_wconf 76' lang='lat' dir='ltr'>auttor</span> <span class='ocrx_word' id='word_1_59' title='bbox 862 1122 1059 1237; x_wconf 89' lang='lat' dir='ltr'>implexos</span> <span class='ocrx_word' id='word_1_60' title='bbox 1097 1125 1224 1208; x_wconf 88' lang='lat' dir='ltr'>crines</span> <span class='ocrx_word' id='word_1_61' title='bbox 1260 1149 1377 1232; x_wconf 88' lang='lat' dir='ltr'>atque</span> <span class='ocrx_word' id='word_1_62' title='bbox 1409 1123 1652 1210; x_wconf 83' lang='lat' dir='ltr'>¹convolutos</span> 
     </span>
     <span class='ocr_line' id='line_1_8' title="bbox 215 1233 1654 1350; baseline 0.006 -35"><span class='ocrx_word' id='word_1_63' title='bbox 215 1235 319 1347; x_wconf 76' lang='lat' dir='ltr'>peili</span> <span class='ocrx_word' id='word_1_64' title='bbox 343 1263 424 1317; x_wconf 87' lang='lat' dir='ltr'>non</span> <span class='ocrx_word' id='word_1_65' title='bbox 450 1233 581 1350; x_wconf 84' lang='lat' dir='ltr'>posse,</span> <span class='ocrx_word' id='word_1_66' title='bbox 604 1235 670 1320; x_wconf 92' lang='lat' dir='ltr'>sed</span> <span class='ocrx_word' id='word_1_67' title='bbox 689 1233 857 1349; x_wconf 68' lang='lat' dir='ltr'>arguitis</span> <span class='ocrx_word' id='word_1_68' title='bbox 876 1239 1033 1350; x_wconf 77' lang='lat' dir='ltr'>pesiine</span> <span class='ocrx_word' id='word_1_69' title='bbox 1053 1241 1180 1320; x_wconf 79' lang='lat' dir='ltr'>rurslts</span> <span class='ocrx_word' id='word_1_70' title='bbox 1200 1234 1420 1338; x_wconf 92' lang='lat' dir='ltr'>convolvi,</span> <span class='ocrx_word' id='word_1_71' title='bbox 1447 1265 1494 1318; x_wconf 89' lang='lat' dir='ltr'>ca</span> <span class='ocrx_word' id='word_1_72' title='bbox 1521 1240 1654 1348; x_wconf 87' lang='lat' dir='ltr'>itaque</span> 
     </span>
     <span class='ocr_line' id='line_1_9' title="bbox 216 1267 1654 1462; baseline 0.006 -32"><span class='ocrx_word' id='word_1_73' title='bbox 216 1344 323 1430; x_wconf 69' lang='lat' dir='ltr'>redii</span> <span class='ocrx_word' id='word_1_74' title='bbox 343 1351 497 1460; x_wconf 73' lang='lat' dir='ltr'>pesline</span> <span class='ocrx_word' id='word_1_75' title='bbox 513 1376 649 1432; x_wconf 90' lang='lat' dir='ltr'>ornata</span> <span class='ocrx_word' id='word_1_76' title='bbox 668 1375 786 1460; x_wconf 90' lang='lat' dir='ltr'>atque</span> <span class='ocrx_word' id='word_1_77' title='bbox 804 1345 890 1434; x_wconf 88' lang='lat' dir='ltr'>lota&#39;</span> <span class='ocrx_word' id='word_1_78' title='bbox 911 1347 1167 1432; x_wconf 84' lang='lat' dir='ltr'>nihilominits</span> <span class='ocrx_word' id='word_1_79' title='bbox 1187 1373 1319 1434; x_wconf 90' lang='lat' dir='ltr'>tamen</span> <span class='ocrx_word' id='word_1_80' title='bbox 1337 1345 1441 1462; x_wconf 77' lang='lat' dir='ltr'>plica</span> <span class='ocrx_word' id='word_1_81' title='bbox 1460 1267 1654 1438; x_wconf 77' lang='lat' dir='ltr'>laborare·</span> 
     </span>
     <span class='ocr_line' id='line_1_10' title="bbox 212 1457 1654 1576; baseline 0.006 -38"><span class='ocrx_word' id='word_1_82' title='bbox 212 1527 216 1538; x_wconf 89' lang='lat'>.</span> <span class='ocrx_word' id='word_1_83' title='bbox 272 1457 460 1546; x_wconf 77' lang='lat' dir='ltr'>Praeterei</span> <span class='ocrx_word' id='word_1_84' title='bbox 480 1459 619 1576; x_wconf 72' lang='lat' dir='ltr'>sapei</span> <span class='ocrx_word' id='word_1_85' title='bbox 644 1461 759 1546; x_wconf 77' lang='lat' dir='ltr'>causi</span> <span class='ocrx_word' id='word_1_86' title='bbox 781 1460 1017 1548; x_wconf 89' lang='lat' dir='ltr'>accidentali</span> <span class='ocrx_word' id='word_1_87' title='bbox 1042 1465 1085 1546; x_wconf 88' lang='lat' dir='ltr'>in</span> <span class='ocrx_word' id='word_1_88' title='bbox 1114 1487 1254 1574; x_wconf 90' lang='lat' dir='ltr'>caput,</span> <span class='ocrx_word' id='word_1_89' title='bbox 1270 1461 1395 1572; x_wconf 85' lang='lat' dir='ltr'>&#39;quod</span> <span class='ocrx_word' id='word_1_90' title='bbox 1424 1466 1654 1573; x_wconf 85' lang='lat' dir='ltr'>neutiquam</span> 
     </span>
     <span class='ocr_line' id='line_1_11' title="bbox 215 1571 1655 1689; baseline 0.005 -35"><span class='ocrx_word' id='word_1_91' title='bbox 215 1571 266 1655; x_wconf 88' lang='lat' dir='ltr'>ad</span> <span class='ocrx_word' id='word_1_92' title='bbox 289 1599 376 1656; x_wconf 88' lang='lat' dir='ltr'>eam</span> <span class='ocrx_word' id='word_1_93' title='bbox 389 1574 616 1689; x_wconf 88' lang='lat' dir='ltr'>disposrtum</span> <span class='ocrx_word' id='word_1_94' title='bbox 636 1601 738 1680; x_wconf 89' lang='lat' dir='ltr'>erat,</span> <span class='ocrx_word' id='word_1_95' title='bbox 761 1573 865 1689; x_wconf 89' lang='lat' dir='ltr'>plica</span> <span class='ocrx_word' id='word_1_96' title='bbox 884 1577 1055 1689; x_wconf 82' lang='lat' dir='ltr'>ingruit3</span> <span class='ocrx_word' id='word_1_97' title='bbox 1071 1601 1116 1658; x_wconf 93' lang='lat' dir='ltr'>ut</span> <span class='ocrx_word' id='word_1_98' title='bbox 1129 1577 1180 1659; x_wconf 87' lang='lat' dir='ltr'>est</span> <span class='ocrx_word' id='word_1_99' title='bbox 1200 1573 1269 1657; x_wconf 88' lang='lat' dir='ltr'>illa</span> <span class='ocrx_word' id='word_1_100' title='bbox 1284 1603 1402 1686; x_wconf 88' lang='lat' dir='ltr'>quam</span> <span class='ocrx_word' id='word_1_101' title='bbox 1417 1573 1454 1664; x_wconf 91' lang='lat' dir='ltr'>J.</span> <span class='ocrx_word' id='word_1_102' title='bbox 1472 1575 1655 1660; x_wconf 89' lang='lat' dir='ltr'>Michael</span> 
     </span>
     <span class='ocr_line' id='line_1_12' title="bbox 213 1684 1655 1802; baseline 0.001 -32"><span class='ocrx_word' id='word_1_103' title='bbox 213 1684 251 1770; x_wconf 91' lang='lat' dir='ltr'>F</span> <span class='ocrx_word' id='word_1_104' title='bbox 253 1689 342 1769; x_wconf 93' lang='lat' dir='ltr'>erhr</span> <span class='ocrx_word' id='word_1_105' title='bbox 373 1686 507 1772; x_wconf 90' lang='lat' dir='ltr'>retulit</span> <span class='ocrx_word' id='word_1_106' title='bbox 522 1751 535 1794; x_wconf 91' lang='lat'>,</span> <span class='ocrx_word' id='word_1_107' title='bbox 574 1719 657 1797; x_wconf 85' lang='lat' dir='ltr'>quae</span> <span class='ocrx_word' id='word_1_108' title='bbox 685 1685 839 1771; x_wconf 91' lang='lat' dir='ltr'>vulneri</span> <span class='ocrx_word' id='word_1_109' title='bbox 867 1691 986 1802; x_wconf 89' lang='lat' dir='ltr'>capiti</span> <span class='ocrx_word' id='word_1_110' title='bbox 1009 1690 1186 1794; x_wconf 75' lang='lat' dir='ltr'>inflislo,</span> <span class='ocrx_word' id='word_1_111' title='bbox 1214 1689 1300 1802; x_wconf 89' lang='lat' dir='ltr'>post</span> <span class='ocrx_word' id='word_1_112' title='bbox 1322 1687 1456 1802; x_wconf 87' lang='lat' dir='ltr'>gravia</span> <span class='ocrx_word' id='word_1_113' title='bbox 1484 1698 1528 1776; x_wconf 75' lang='lat' dir='ltr'>dt</span> <span class='ocrx_word' id='word_1_114' title='bbox 1548 1692 1655 1774; x_wconf 89' lang='lat' dir='ltr'>varia</span> 
     </span>
     <span class='ocr_line' id='line_1_13' title="bbox 215 1797 1236 1914; baseline 0.004 -34"><span class='ocrx_word' id='word_1_115' title='bbox 215 1799 459 1905; x_wconf 89' lang='lat' dir='ltr'>accidentia,</span> <span class='ocrx_word' id='word_1_116' title='bbox 482 1804 529 1899; x_wconf 43' lang='lat' dir='ltr'>in,</span> <span class='ocrx_word' id='word_1_117' title='bbox 549 1797 756 1890; x_wconf 82' lang='lat' dir='ltr'>mulierem</span> <span class='ocrx_word' id='word_1_118' title='bbox 778 1797 976 1884; x_wconf 88' lang='lat' dir='ltr'>Polonam</span> <span class='ocrx_word' id='word_1_119' title='bbox 1002 1800 1236 1914; x_wconf 88' lang='lat' dir='ltr'>supervenit.</span> 
     </span>
    </p>
   </div>
   <div class='ocr_carea' id='block_1_3' title="bbox 283 1911 1778 2027">
    <p class='ocr_par' dir='ltr' id='par_1_3' title="bbox 283 1911 1778 2027">
     <span class='ocr_line' id='line_1_14' title="bbox 283 1911 1778 2027; baseline 0.003 -33"><span class='ocrx_word' id='word_1_120' title='bbox 283 1911 432 1996; x_wconf 80' lang='lat' dir='ltr'>Verdm</span> <span class='ocrx_word' id='word_1_121' title='bbox 475 1916 723 2023; x_wconf 87' lang='lat' dir='ltr'>quantumvis</span> <span class='ocrx_word' id='word_1_122' title='bbox 755 1915 828 1996; x_wconf 91' lang='lat' dir='ltr'>viri</span> <span class='ocrx_word' id='word_1_123' title='bbox 861 1915 1103 2027; x_wconf 80' lang='lat' dir='ltr'>gravissimi,</span> <span class='ocrx_word' id='word_1_124' title='bbox 1143 1911 1366 1998; x_wconf 78' lang='lat' dir='ltr'>Academia</span> <span class='ocrx_word' id='word_1_125' title='bbox 1409 1917 1567 2025; x_wconf 78' lang='lat' dir='ltr'>integra</span> <span class='ocrx_word' id='word_1_126' title='bbox 1603 1911 1654 1998; x_wconf 87' lang='lat' dir='ltr'>de</span> <span class='ocrx_word' id='word_1_127' title='bbox 1771 1919 1778 1928; x_wconf 84' lang='grc'><em>’</em></span> 
     </span>
    </p>
   </div>
   <div class='ocr_carea' id='block_1_4' title="bbox 166 2021 1749 4734">
    <p class='ocr_par' dir='ltr' id='par_1_4' title="bbox 166 2021 1749 4734">
     <span class='ocr_line' id='line_1_15' title="bbox 245 2021 1652 2136; baseline 0 -28"><span class='ocrx_word' id='word_1_128' title='bbox 245 2021 329 2108; x_wconf 84' lang='lat' dir='ltr'>licae</span> <span class='ocrx_word' id='word_1_129' title='bbox 368 2024 567 2110; x_wconf 63' lang='lat' dir='ltr'>existentis</span> <span class='ocrx_word' id='word_1_130' title='bbox 604 2023 903 2132; x_wconf 83' lang='lat' dir='ltr'>consenserint,</span> <span class='ocrx_word' id='word_1_131' title='bbox 943 2033 984 2110; x_wconf 77' lang='grc' dir='ltr'>ὅ(</span> <span class='ocrx_word' id='word_1_132' title='bbox 1022 2025 1298 2110; x_wconf 87' lang='lat' dir='ltr'>insurrexerint</span> <span class='ocrx_word' id='word_1_133' title='bbox 1333 2029 1374 2106; x_wconf 88' lang='lat' dir='ltr'>in</span> <span class='ocrx_word' id='word_1_134' title='bbox 1411 2049 1652 2136; x_wconf 90' lang='lat' dir='ltr'>negantem,</span> 
     </span>
     <span class='ocr_line' id='line_1_16' title="bbox 212 2053 1654 2248; baseline 0.002 -28"><span class='ocrx_word' id='word_1_135' title='bbox 212 2053 420 2222; x_wconf 70' lang='lat' dir='ltr'>serendum</span> <span class='ocrx_word' id='word_1_136' title='bbox 441 2141 493 2222; x_wconf 92' lang='lat' dir='ltr'>est</span> <span class='ocrx_word' id='word_1_137' title='bbox 516 2166 566 2221; x_wconf 91' lang='lat' dir='ltr'>ex</span> <span class='ocrx_word' id='word_1_138' title='bbox 585 2135 871 2246; x_wconf 84' lang='lat' dir='ltr'>recentioribus</span> <span class='ocrx_word' id='word_1_139' title='bbox 893 2140 960 2221; x_wconf 86' lang='lat' dir='ltr'>vix</span> <span class='ocrx_word' id='word_1_140' title='bbox 980 2135 1109 2223; x_wconf 90' lang='lat' dir='ltr'>ullum</span> <span class='ocrx_word' id='word_1_141' title='bbox 1128 2137 1338 2224; x_wconf 86' lang='lat' dir='ltr'>Medicum</span> <span class='ocrx_word' id='word_1_142' title='bbox 1366 2137 1443 2222; x_wconf 84' lang='lat' dir='ltr'>effe</span> <span class='ocrx_word' id='word_1_143' title='bbox 1470 2137 1654 2248; x_wconf 85' lang='lat' dir='ltr'>Physrces</span> 
     </span>
     <span class='ocr_line' id='line_1_17' title="bbox 216 2249 1654 2363; baseline 0.001 -31"><span class='ocrx_word' id='word_1_144' title='bbox 216 2277 335 2358; x_wconf 88' lang='lat' dir='ltr'>atque</span> <span class='ocrx_word' id='word_1_145' title='bbox 354 2277 495 2334; x_wconf 88' lang='lat' dir='ltr'>naturae</span> <span class='ocrx_word' id='word_1_146' title='bbox 514 2249 724 2334; x_wconf 87' lang='lat' dir='ltr'>studiosum</span> <span class='ocrx_word' id='word_1_147' title='bbox 743 2253 810 2359; x_wconf 93' lang='lat' dir='ltr'>qui</span> <span class='ocrx_word' id='word_1_148' title='bbox 826 2251 876 2334; x_wconf 93' lang='lat' dir='ltr'>de</span> <span class='ocrx_word' id='word_1_149' title='bbox 897 2249 942 2332; x_wconf 77' lang='lat' dir='ltr'>ed</span> <span class='ocrx_word' id='word_1_150' title='bbox 964 2249 1149 2360; x_wconf 88' lang='lat' dir='ltr'>loquatur</span> <span class='ocrx_word' id='word_1_151' title='bbox 1167 2282 1175 2329; x_wconf 92' lang='lat'><strong>:</strong></span> <span class='ocrx_word' id='word_1_152' title='bbox 1195 2276 1272 2332; x_wconf 89' lang='lat' dir='ltr'>tres</span> <span class='ocrx_word' id='word_1_153' title='bbox 1292 2273 1423 2331; x_wconf 88' lang='lat' dir='ltr'>tamen</span> <span class='ocrx_word' id='word_1_154' title='bbox 1439 2254 1654 2363; x_wconf 86' lang='lat' dir='ltr'>exceperis.</span> 
     </span>
     <span class='ocr_line' id='line_1_18' title="bbox 215 2357 1654 2474; baseline 0.001 -30"><span class='ocrx_word' id='word_1_155' title='bbox 215 2361 383 2447; x_wconf 84' lang='lat' dir='ltr'>Vidit&amp;</span> <span class='ocrx_word' id='word_1_156' title='bbox 399 2366 576 2446; x_wconf 67' lang='lat' dir='ltr'>tractavit</span> <span class='ocrx_word' id='word_1_157' title='bbox 597 2361 745 2474; x_wconf 86' lang='lat' dir='ltr'>plicam</span> <span class='ocrx_word' id='word_1_158' title='bbox 765 2359 831 2443; x_wconf 90' lang='lat' dir='ltr'>Cl.</span> <span class='ocrx_word' id='word_1_159' title='bbox 847 2361 901 2443; x_wconf 89' lang='lat' dir='ltr'>de</span> <span class='ocrx_word' id='word_1_160' title='bbox 924 2361 1052 2444; x_wconf 87' lang='lat' dir='ltr'>Sauva</span> <span class='ocrx_word' id='word_1_161' title='bbox 1081 2388 1123 2444; x_wconf 87' lang='lat' dir='ltr'>es</span> <span class='ocrx_word' id='word_1_162' title='bbox 1140 2365 1231 2464; x_wconf 84' lang='lat' dir='ltr'>(a);</span> <span class='ocrx_word' id='word_1_163' title='bbox 1253 2357 1303 2444; x_wconf 90' lang='lat' dir='ltr'>de</span> <span class='ocrx_word' id='word_1_164' title='bbox 1326 2357 1372 2442; x_wconf 72' lang='lat' dir='ltr'>ed</span> <span class='ocrx_word' id='word_1_165' title='bbox 1395 2360 1480 2444; x_wconf 72' lang='lat' dir='ltr'>fusa</span> <span class='ocrx_word' id='word_1_166' title='bbox 1504 2367 1543 2444; x_wconf 77' lang='lat' dir='ltr'>br</span> <span class='ocrx_word' id='word_1_167' title='bbox 1570 2361 1654 2446; x_wconf 88' lang='lat' dir='ltr'>ele-</span> 
     </span>
     <span class='ocr_line' id='line_1_19' title="bbox 210 2393 1651 2588; baseline 0.001 -34"><span class='ocrx_word' id='word_1_168' title='bbox 210 2503 356 2588; x_wconf 85' lang='lat' dir='ltr'>gamer</span> <span class='ocrx_word' id='word_1_169' title='bbox 376 2473 523 2587; x_wconf 89' lang='lat' dir='ltr'>scripsrt</span> <span class='ocrx_word' id='word_1_170' title='bbox 547 2471 689 2555; x_wconf 88' lang='lat' dir='ltr'>Christ.</span> <span class='ocrx_word' id='word_1_171' title='bbox 709 2470 835 2554; x_wconf 89' lang='lat' dir='ltr'>Henr.</span> <span class='ocrx_word' id='word_1_172' title='bbox 855 2470 1021 2556; x_wconf 91' lang='lat' dir='ltr'>Erndtel</span> <span class='ocrx_word' id='word_1_173' title='bbox 1038 2393 1127 2577; x_wconf 41' lang='grc' dir='ltr'>(ἓν</span> <span class='ocrx_word' id='word_1_174' title='bbox 1152 2470 1189 2561; x_wconf 90' lang='lat' dir='ltr'>J.</span> <span class='ocrx_word' id='word_1_175' title='bbox 1210 2471 1421 2556; x_wconf 89' lang='lat' dir='ltr'>Theodor.</span> <span class='ocrx_word' id='word_1_176' title='bbox 1446 2471 1569 2558; x_wconf 88' lang='lat' dir='ltr'>Klein</span> <span class='ocrx_word' id='word_1_177' title='bbox 1592 2481 1651 2578; x_wconf 86' lang='lat' dir='ltr'>(c)</span> 
     </span>
     <span class='ocr_line' id='line_1_20' title="bbox 216 2583 1655 2699; baseline 0.003 -31"><span class='ocrx_word' id='word_1_178' title='bbox 216 2583 306 2668; x_wconf 91' lang='lat' dir='ltr'>urbi</span> <span class='ocrx_word' id='word_1_179' title='bbox 336 2586 581 2671; x_wconf 88' lang='lat' dir='ltr'>Dantiscanae</span> <span class='ocrx_word' id='word_1_180' title='bbox 607 2584 629 2669; x_wconf 82' lang='lat' dir='ltr'>it</span> <span class='ocrx_word' id='word_1_181' title='bbox 653 2584 840 2691; x_wconf 90' lang='lat' dir='ltr'>secretis,</span> <span class='ocrx_word' id='word_1_182' title='bbox 867 2583 1013 2699; x_wconf 86' lang='lat' dir='ltr'>plicam</span> <span class='ocrx_word' id='word_1_183' title='bbox 1040 2596 1063 2668; x_wconf 77' lang='lat' dir='ltr'>a</span> <span class='ocrx_word' id='word_1_184' title='bbox 1087 2585 1127 2670; x_wconf 90' lang='lat' dir='ltr'>se</span> <span class='ocrx_word' id='word_1_185' title='bbox 1149 2585 1271 2671; x_wconf 88' lang='lat' dir='ltr'>visam</span> <span class='ocrx_word' id='word_1_186' title='bbox 1298 2589 1339 2668; x_wconf 93' lang='lat' dir='ltr'>in</span> <span class='ocrx_word' id='word_1_187' title='bbox 1366 2583 1473 2668; x_wconf 75' lang='lat' dir='ltr'>serva</span> <span class='ocrx_word' id='word_1_188' title='bbox 1498 2583 1655 2672; x_wconf 68' lang='lat' dir='ltr'>Polond</span> 
     </span>
     <span class='ocr_line' id='line_1_21' title="bbox 216 2695 1655 2815; baseline 0.003 -31"><span class='ocrx_word' id='word_1_189' title='bbox 216 2699 410 2815; x_wconf 75' lang='lat' dir='ltr'>Principis</span> <span class='ocrx_word' id='word_1_190' title='bbox 438 2699 488 2784; x_wconf 90' lang='lat' dir='ltr'>de</span> <span class='ocrx_word' id='word_1_191' title='bbox 516 2695 702 2784; x_wconf 86' lang='lat' dir='ltr'>Razivill</span> <span class='ocrx_word' id='word_1_192' title='bbox 729 2703 850 2782; x_wconf 91' lang='lat' dir='ltr'>icone</span> <span class='ocrx_word' id='word_1_193' title='bbox 880 2697 1072 2813; x_wconf 74' lang='lat' dir='ltr'>express&#39;rt.</span> <span class='ocrx_word' id='word_1_194' title='bbox 1113 2699 1203 2782; x_wconf 84' lang='lat' dir='ltr'>Imb</span> <span class='ocrx_word' id='word_1_195' title='bbox 1238 2695 1480 2782; x_wconf 65' lang='lat' dir='ltr'>sr‘Polonos</span> <span class='ocrx_word' id='word_1_196' title='bbox 1514 2729 1655 2788; x_wconf 86' lang='lat' dir='ltr'>omnes</span> 
     </span>
     <span class='ocr_line' id='line_1_22' title="bbox 218 2808 1749 2924; baseline 0.001 -30"><span class='ocrx_word' id='word_1_197' title='bbox 218 2814 316 2923; x_wconf 93' lang='lat' dir='ltr'>qui,</span> <span class='ocrx_word' id='word_1_198' title='bbox 342 2839 409 2900; x_wconf 89' lang='lat' dir='ltr'>aut</span> <span class='ocrx_word' id='word_1_199' title='bbox 447 2813 646 2918; x_wconf 90' lang='lat' dir='ltr'>sanitatis,</span> <span class='ocrx_word' id='word_1_200' title='bbox 683 2838 750 2896; x_wconf 91' lang='lat' dir='ltr'>aut</span> <span class='ocrx_word' id='word_1_201' title='bbox 780 2811 965 2896; x_wconf 72' lang='lat' dir='ltr'>doetrinae</span> <span class='ocrx_word' id='word_1_202' title='bbox 995 2808 1118 2924; x_wconf 72' lang='lat' dir='ltr'>gratiis</span> <span class='ocrx_word' id='word_1_203' title='bbox 1148 2811 1251 2914; x_wconf 91' lang='lat' dir='ltr'>apud</span> <span class='ocrx_word' id='word_1_204' title='bbox 1290 2839 1364 2894; x_wconf 90' lang='lat' dir='ltr'>nos</span> <span class='ocrx_word' id='word_1_205' title='bbox 1396 2815 1534 2896; x_wconf 88' lang='lat' dir='ltr'>itinera</span> <span class='ocrx_word' id='word_1_206' title='bbox 1572 2812 1651 2896; x_wconf 88' lang='lat' dir='ltr'>sus-</span> <span class='ocrx_word' id='word_1_207' title='bbox 1747 2827 1749 2834; x_wconf 80' lang='grc'><strong>“</strong></span> 
     </span>
     <span class='ocr_line' id='line_1_23' title="bbox 215 2921 1653 3036; baseline 0.001 -28"><span class='ocrx_word' id='word_1_208' title='bbox 215 2929 373 3036; x_wconf 88' lang='lat' dir='ltr'>cipiunt</span> <span class='ocrx_word' id='word_1_209' title='bbox 411 2921 690 3030; x_wconf 88' lang='lat' dir='ltr'>consulueris,</span> <span class='ocrx_word' id='word_1_210' title='bbox 728 2927 796 3008; x_wconf 92' lang='lat' dir='ltr'>vix</span> <span class='ocrx_word' id='word_1_211' title='bbox 833 2921 962 3008; x_wconf 91' lang='lat' dir='ltr'>ullum</span> <span class='ocrx_word' id='word_1_212' title='bbox 995 2924 1138 3008; x_wconf 90' lang='lat' dir='ltr'>videris</span> <span class='ocrx_word' id='word_1_213' title='bbox 1175 2925 1243 3034; x_wconf 93' lang='lat' dir='ltr'>qui</span> <span class='ocrx_word' id='word_1_214' title='bbox 1280 2924 1329 3006; x_wconf 89' lang='lat' dir='ltr'>de</span> <span class='ocrx_word' id='word_1_215' title='bbox 1369 2921 1514 3007; x_wconf 93' lang='lat' dir='ltr'>morbo</span> <span class='ocrx_word' id='word_1_216' title='bbox 1551 2924 1653 3010; x_wconf 91' lang='lat' dir='ltr'>olim</span> 
     </span>
     <span class='ocr_line' id='line_1_24' title="bbox 214 3034 1653 3152; baseline -0.001 -30"><span class='ocrx_word' id='word_1_217' title='bbox 214 3037 403 3145; x_wconf 84' lang='lat' dir='ltr'>famoso,</span> <span class='ocrx_word' id='word_1_218' title='bbox 432 3062 498 3122; x_wconf 88' lang='lat' dir='ltr'>aut</span> <span class='ocrx_word' id='word_1_219' title='bbox 515 3036 664 3149; x_wconf 84' lang='lat' dir='ltr'>aliquid</span> <span class='ocrx_word' id='word_1_220' title='bbox 684 3066 753 3152; x_wconf 89' lang='lat' dir='ltr'>per</span> <span class='ocrx_word' id='word_1_221' title='bbox 774 3035 815 3122; x_wconf 90' lang='lat' dir='ltr'>se</span> <span class='ocrx_word' id='word_1_222' title='bbox 835 3034 1097 3142; x_wconf 82' lang='lat' dir='ltr'>intellexerit,</span> <span class='ocrx_word' id='word_1_223' title='bbox 1126 3062 1192 3120; x_wconf 91' lang='lat' dir='ltr'>aut</span> <span class='ocrx_word' id='word_1_224' title='bbox 1213 3038 1496 3130; x_wconf 68' lang='lat' dir='ltr'>fiditiummon</span> <span class='ocrx_word' id='word_1_225' title='bbox 1522 3039 1653 3122; x_wconf 89' lang='lat' dir='ltr'>credi-</span> 
     </span>
     <span class='ocr_line' id='line_1_25' title="bbox 216 3146 1652 3266; baseline 0.001 -32"><span class='ocrx_word' id='word_1_226' title='bbox 216 3149 334 3234; x_wconf 89' lang='lat' dir='ltr'>derit.</span> <span class='ocrx_word' id='word_1_227' title='bbox 373 3151 560 3237; x_wconf 87' lang='lat' dir='ltr'>Rusticos</span> <span class='ocrx_word' id='word_1_228' title='bbox 591 3149 744 3236; x_wconf 90' lang='lat' dir='ltr'>scilicet</span> <span class='ocrx_word' id='word_1_229' title='bbox 775 3146 899 3266; x_wconf 87' lang='lat' dir='ltr'>longa</span> <span class='ocrx_word' id='word_1_230' title='bbox 928 3175 1088 3236; x_wconf 89' lang='lat' dir='ltr'>manent</span> <span class='ocrx_word' id='word_1_231' title='bbox 1145 3146 1338 3254; x_wconf 83' lang='lat' dir='ltr'>raejudicia</span> <span class='ocrx_word' id='word_1_232' title='bbox 1349 3211 1363 3256; x_wconf 92' lang='lat'>,</span> <span class='ocrx_word' id='word_1_233' title='bbox 1398 3179 1481 3259; x_wconf 79' lang='lat' dir='ltr'>quae</span> <span class='ocrx_word' id='word_1_234' title='bbox 1510 3155 1652 3264; x_wconf 88' lang='lat' dir='ltr'>partim</span> 
     </span>
     <span class='ocr_line' id='line_1_26' title="bbox 209 3179 1653 3378; baseline 0.003 -32"><span class='ocrx_word' id='word_1_235' title='bbox 209 3265 353 3367; x_wconf 73' lang='lat' dir='ltr'>auda,</span> <span class='ocrx_word' id='word_1_236' title='bbox 374 3267 514 3378; x_wconf 91' lang='lat' dir='ltr'>partim</span> <span class='ocrx_word' id='word_1_237' title='bbox 532 3262 870 3349; x_wconf 88' lang='lat' dir='ltr'>observationibus</span> <span class='ocrx_word' id='word_1_238' title='bbox 889 3259 1081 3374; x_wconf 87' lang='lat' dir='ltr'>aliquibus</span> <span class='ocrx_word' id='word_1_239' title='bbox 1105 3179 1267 3346; x_wconf 65' lang='lat' dir='ltr'>dindata</span> <span class='ocrx_word' id='word_1_240' title='bbox 1294 3261 1342 3346; x_wconf 88' lang='lat' dir='ltr'>ab</span> <span class='ocrx_word' id='word_1_241' title='bbox 1369 3263 1653 3376; x_wconf 85' lang='lat' dir='ltr'>imaginatione</span> 
     </span>
     <span class='ocr_line' id='line_1_27' title="bbox 210 3375 1681 3493; baseline 0.001 -31"><span class='ocrx_word' id='word_1_242' title='bbox 210 3401 475 3490; x_wconf 80' lang='lat' dir='ltr'>augmentum</span> <span class='ocrx_word' id='word_1_243' title='bbox 492 3379 635 3460; x_wconf 92' lang='lat' dir='ltr'>mirum</span> <span class='ocrx_word' id='word_1_244' title='bbox 649 3377 851 3493; x_wconf 72' lang='lat' dir='ltr'>accepdre.</span> <span class='ocrx_word' id='word_1_245' title='bbox 867 3377 927 3460; x_wconf 90' lang='lat' dir='ltr'>Ita</span> <span class='ocrx_word' id='word_1_246' title='bbox 942 3375 1044 3490; x_wconf 89' lang='lat' dir='ltr'>apud</span> <span class='ocrx_word' id='word_1_247' title='bbox 1059 3375 1254 3460; x_wconf 88' lang='lat' dir='ltr'>Sarmatas</span> <span class='ocrx_word' id='word_1_248' title='bbox 1269 3378 1454 3488; x_wconf 86' lang='lat' dir='ltr'>agrestes,</span> <span class='ocrx_word' id='word_1_249' title='bbox 1475 3383 1515 3460; x_wconf 74' lang='lat' dir='ltr'>dt</span> <span class='ocrx_word' id='word_1_250' title='bbox 1530 3381 1652 3464; x_wconf 88' lang='lat' dir='ltr'>viram</span> <span class='ocrx_word' id='word_1_251' title='bbox 1675 3411 1681 3418; x_wconf 91' lang='lat'>·</span> 
     </span>
     <span class='ocr_line' id='line_1_28' title="bbox 216 3485 1652 3601; baseline 0.002 -28"><span class='ocrx_word' id='word_1_252' title='bbox 216 3485 402 3574; x_wconf 90' lang='lat' dir='ltr'>servilem</span> <span class='ocrx_word' id='word_1_253' title='bbox 430 3488 650 3595; x_wconf 84' lang='lat' dir='ltr'>ducentes,</span> <span class='ocrx_word' id='word_1_254' title='bbox 687 3487 914 3601; x_wconf 88' lang='lat' dir='ltr'>pervulgata</span> <span class='ocrx_word' id='word_1_255' title='bbox 942 3489 992 3572; x_wconf 88' lang='lat' dir='ltr'>ad</span> <span class='ocrx_word' id='word_1_256' title='bbox 1025 3491 1197 3570; x_wconf 84' lang='lat' dir='ltr'>nostrum</span> <span class='ocrx_word' id='word_1_257' title='bbox 1225 3486 1346 3596; x_wconf 72' lang='lat' dir='ltr'>usque</span> <span class='ocrx_word' id='word_1_258' title='bbox 1373 3518 1498 3570; x_wconf 84' lang='lat' dir='ltr'>aevum</span> <span class='ocrx_word' id='word_1_259' title='bbox 1526 3490 1652 3576; x_wconf 87' lang='lat' dir='ltr'>fuerat</span> 
     </span>
     <span class='ocr_line' id='line_1_29' title="bbox 212 3598 1654 3717; baseline -0.004 -25"><span class='ocrx_word' id='word_1_260' title='bbox 212 3601 514 3717; x_wconf 79' lang='lat' dir='ltr'>‚Vampyrorum</span> <span class='ocrx_word' id='word_1_261' title='bbox 527 3598 683 3705; x_wconf 86' lang='lat' dir='ltr'>fabula,</span> <span class='ocrx_word' id='word_1_262' title='bbox 706 3632 825 3710; x_wconf 87' lang='lat' dir='ltr'>quam</span> <span class='ocrx_word' id='word_1_263' title='bbox 840 3600 999 3684; x_wconf 89' lang='lat' dir='ltr'>tandem</span> <span class='ocrx_word' id='word_1_264' title='bbox 1013 3598 1233 3682; x_wconf 86' lang='lat' dir='ltr'>floccifecit</span> <span class='ocrx_word' id='word_1_265' title='bbox 1249 3625 1335 3682; x_wconf 84' lang='lat' dir='ltr'>aetas</span> <span class='ocrx_word' id='word_1_266' title='bbox 1354 3601 1531 3712; x_wconf 78' lang='lat' dir='ltr'>physices</span> <span class='ocrx_word' id='word_1_267' title='bbox 1549 3606 1654 3714; x_wconf 90' lang='lat' dir='ltr'>prin·</span> 
     </span>
     <span class='ocr_line' id='line_1_30' title="bbox 208 3708 1651 3824; baseline -0.001 -22"><span class='ocrx_word' id='word_1_268' title='bbox 208 3719 261 3802; x_wconf 86' lang='lat' dir='ltr'>:ei</span> <span class='ocrx_word' id='word_1_269' title='bbox 290 3717 336 3796; x_wconf 91' lang='lat' dir='ltr'>iis</span> <span class='ocrx_word' id='word_1_270' title='bbox 369 3711 508 3798; x_wconf 77' lang='lat' dir='ltr'>melida</span> <span class='ocrx_word' id='word_1_271' title='bbox 544 3709 715 3796; x_wconf 87' lang='lat' dir='ltr'>exculta.</span> <span class='ocrx_word' id='word_1_272' title='bbox 754 3708 949 3796; x_wconf 88' lang='lat' dir='ltr'>Dubitare</span> <span class='ocrx_word' id='word_1_273' title='bbox 980 3736 1113 3800; x_wconf 84' lang='lat' dir='ltr'>tamen</span> <span class='ocrx_word' id='word_1_274' title='bbox 1144 3708 1266 3818; x_wconf 85' lang='lat' dir='ltr'>licet,</span> <span class='ocrx_word' id='word_1_275' title='bbox 1305 3715 1398 3794; x_wconf 82' lang='lat' dir='ltr'>cbm</span> <span class='ocrx_word' id='word_1_276' title='bbox 1428 3711 1535 3800; x_wconf 78' lang='lat' dir='ltr'>cited</span> <span class='ocrx_word' id='word_1_277' title='bbox 1568 3713 1651 3824; x_wconf 79' lang='lat' dir='ltr'>ejus</span> 
     </span>
     <span class='ocr_line' id='line_1_31' title="bbox 166 3745 1652 3941; baseline 0 -27"><span class='ocrx_word' id='word_1_278' title='bbox 166 3909 180 3923; x_wconf 83' lang='grc'><em>,</em></span> <span class='ocrx_word' id='word_1_279' title='bbox 210 3745 506 3914; x_wconf 71' lang='lat' dir='ltr'>admittendam</span> <span class='ocrx_word' id='word_1_280' title='bbox 534 3825 774 3910; x_wconf 87' lang='lat' dir='ltr'>existentiam</span> <span class='ocrx_word' id='word_1_281' title='bbox 799 3849 862 3907; x_wconf 90' lang='lat' dir='ltr'>tot</span> <span class='ocrx_word' id='word_1_282' title='bbox 885 3853 959 3910; x_wconf 86' lang='lat' dir='ltr'>nos</span> <span class='ocrx_word' id='word_1_283' title='bbox 983 3849 1162 3939; x_wconf 88' lang='lat' dir='ltr'>premant</span> <span class='ocrx_word' id='word_1_284' title='bbox 1188 3825 1469 3931; x_wconf 71' lang='lat' dir='ltr'>audoritates,</span> <span class='ocrx_word' id='word_1_285' title='bbox 1501 3853 1652 3941; x_wconf 86' lang='lat' dir='ltr'>negan-</span> 
     </span>
     <span class='ocr_line' id='line_1_32' title="bbox 215 3933 1651 4053; baseline 0.001 -25"><span class='ocrx_word' id='word_1_286' title='bbox 215 3968 384 4052; x_wconf 88' lang='lat' dir='ltr'>temque</span> <span class='ocrx_word' id='word_1_287' title='bbox 411 3965 493 4024; x_wconf 83' lang='lat' dir='ltr'>tam</span> <span class='ocrx_word' id='word_1_288' title='bbox 522 3940 663 4022; x_wconf 89' lang='lat' dir='ltr'>acriter</span> <span class='ocrx_word' id='word_1_289' title='bbox 687 3933 948 4022; x_wconf 88' lang='lat' dir='ltr'>refellendum</span> <span class='ocrx_word' id='word_1_290' title='bbox 975 3936 1220 4024; x_wconf 82' lang='lat' dir='ltr'>crediderint·</span> <span class='ocrx_word' id='word_1_291' title='bbox 1233 3938 1389 4024; x_wconf 89' lang='lat' dir='ltr'>Medici</span> <span class='ocrx_word' id='word_1_292' title='bbox 1415 3935 1544 4053; x_wconf 87' lang='lat' dir='ltr'>plures</span> <span class='ocrx_word' id='word_1_293' title='bbox 1554 4001 1569 4048; x_wconf 94' lang='lat'>,</span> <span class='ocrx_word' id='word_1_294' title='bbox 1601 3971 1651 4030; x_wconf 91' lang='lat' dir='ltr'>an</span> 
     </span>
     <span class='ocr_line' id='line_1_33' title="bbox 212 4047 1650 4166; baseline 0.001 -27"><span class='ocrx_word' id='word_1_295' title='bbox 212 4085 306 4139; x_wconf 86' lang='lat' dir='ltr'>non</span> <span class='ocrx_word' id='word_1_296' title='bbox 333 4052 496 4137; x_wconf 87' lang='lat' dir='ltr'>morbus</span> <span class='ocrx_word' id='word_1_297' title='bbox 515 4049 585 4135; x_wconf 92' lang='lat' dir='ltr'>ille</span> <span class='ocrx_word' id='word_1_298' title='bbox 602 4053 731 4164; x_wconf 82' lang='lat' dir='ltr'>primo</span> <span class='ocrx_word' id='word_1_299' title='bbox 749 4050 974 4165; x_wconf 90' lang='lat' dir='ltr'>epidemico</span> <span class='ocrx_word' id='word_1_300' title='bbox 997 4079 1111 4138; x_wconf 87' lang='lat' dir='ltr'>more</span> <span class='ocrx_word' id='word_1_301' title='bbox 1132 4050 1343 4157; x_wconf 89' lang='lat' dir='ltr'>invaserit,</span> <span class='ocrx_word' id='word_1_302' title='bbox 1372 4047 1503 4165; x_wconf 77' lang='lat' dir='ltr'>posteb</span> <span class='ocrx_word' id='word_1_303' title='bbox 1529 4058 1650 4166; x_wconf 82' lang='lat' dir='ltr'>verb,</span> 
     </span>
     <span class='ocr_line' id='line_1_34' title="bbox 215 4161 1651 4292; baseline 0 -40"><span class='ocrx_word' id='word_1_304' title='bbox 215 4166 518 4254; x_wconf 89' lang='lat' dir='ltr'>defervescente</span> <span class='ocrx_word' id='word_1_305' title='bbox 537 4166 669 4292; x_wconf 87' lang='lat' dir='ltr'>priore</span> <span class='ocrx_word' id='word_1_306' title='bbox 688 4161 845 4270; x_wconf 90' lang='lat' dir='ltr'>surore,</span> <span class='ocrx_word' id='word_1_307' title='bbox 872 4163 1096 4249; x_wconf 91' lang='lat' dir='ltr'>remanserit</span> <span class='ocrx_word' id='word_1_308' title='bbox 1115 4163 1344 4248; x_wconf 91' lang='lat' dir='ltr'>endemicus</span> <span class='ocrx_word' id='word_1_309' title='bbox 1368 4195 1382 4264; x_wconf 80' lang='lat'>3</span> <span class='ocrx_word' id='word_1_310' title='bbox 1410 4163 1540 4248; x_wconf 88' lang='lat' dir='ltr'>donec</span> <span class='ocrx_word' id='word_1_311' title='bbox 1563 4193 1651 4253; x_wconf 88' lang='lat' dir='ltr'>tan-</span> 
     </span>
     <span class='ocr_line' id='line_1_35' title="bbox 220 4274 1649 4388; baseline 0.002 -22"><span class='ocrx_word' id='word_1_312' title='bbox 220 4281 340 4388; x_wconf 88' lang='lat' dir='ltr'>dem,</span> <span class='ocrx_word' id='word_1_313' title='bbox 362 4279 501 4364; x_wconf 85' lang='lat' dir='ltr'>saevitie</span> <span class='ocrx_word' id='word_1_314' title='bbox 521 4307 602 4382; x_wconf 85' lang='lat' dir='ltr'>eJus</span> <span class='ocrx_word' id='word_1_315' title='bbox 626 4275 762 4360; x_wconf 90' lang='lat' dir='ltr'>sensrm</span> <span class='ocrx_word' id='word_1_316' title='bbox 782 4274 1002 4382; x_wconf 72' lang='lat' dir='ltr'>imminuti,</span> <span class='ocrx_word' id='word_1_317' title='bbox 1019 4281 1106 4360; x_wconf 79' lang='lat' dir='ltr'>raro</span> <span class='ocrx_word' id='word_1_318' title='bbox 1120 4281 1271 4361; x_wconf 78' lang='lat' dir='ltr'>tantum</span> <span class='ocrx_word' id='word_1_319' title='bbox 1288 4279 1516 4384; x_wconf 88' lang='lat' dir='ltr'>emicuerit,</span> <span class='ocrx_word' id='word_1_320' title='bbox 1541 4278 1649 4368; x_wconf 88' lang='lat' dir='ltr'>brevi</span> 
     </span>
     <span class='ocr_line' id='line_1_36' title="bbox 219 4387 1650 4505; baseline 0.003 -26"><span class='ocrx_word' id='word_1_321' title='bbox 219 4421 406 4505; x_wconf 88' lang='lat' dir='ltr'>tempore</span> <span class='ocrx_word' id='word_1_322' title='bbox 421 4388 677 4476; x_wconf 88' lang='lat' dir='ltr'>destruendus</span> <span class='ocrx_word' id='word_1_323' title='bbox 698 4391 885 4494; x_wconf 77' lang='lat' dir='ltr'>omnini),</span> <span class='ocrx_word' id='word_1_324' title='bbox 905 4395 1014 4473; x_wconf 84' lang='lat' dir='ltr'>&amp;ex</span> <span class='ocrx_word' id='word_1_325' title='bbox 1030 4387 1158 4474; x_wconf 91' lang='lat' dir='ltr'>oculis</span> <span class='ocrx_word' id='word_1_326' title='bbox 1175 4391 1383 4474; x_wconf 91' lang='lat' dir='ltr'>hominum</span> <span class='ocrx_word' id='word_1_327' title='bbox 1405 4393 1650 4504; x_wconf 80' lang='lat' dir='ltr'>eripiendusl</span> 
     </span>
     <span class='ocr_line' id='line_1_37' title="bbox 223 4499 1650 4618; baseline 0.005 -27"><span class='ocrx_word' id='word_1_328' title='bbox 223 4505 357 4616; x_wconf 88' lang='lat' dir='ltr'>Quod</span> <span class='ocrx_word' id='word_1_329' title='bbox 401 4502 578 4618; x_wconf 88' lang='lat' dir='ltr'>plurimis</span> <span class='ocrx_word' id='word_1_330' title='bbox 622 4499 772 4586; x_wconf 87' lang='lat' dir='ltr'>morbis</span> <span class='ocrx_word' id='word_1_331' title='bbox 815 4501 984 4587; x_wconf 82' lang='lat' dir='ltr'>evenisse</span> <span class='ocrx_word' id='word_1_332' title='bbox 1026 4531 1101 4610; x_wconf 80' lang='lat' dir='ltr'>nos</span> <span class='ocrx_word' id='word_1_333' title='bbox 1142 4503 1298 4588; x_wconf 89' lang='lat' dir='ltr'>historia</span> <span class='ocrx_word' id='word_1_334' title='bbox 1339 4502 1497 4588; x_wconf 88' lang='lat' dir='ltr'>edocet.</span> <span class='ocrx_word' id='word_1_335' title='bbox 1546 4507 1650 4598; x_wconf 86' lang='lat' dir='ltr'>Tale</span> 
     </span>
     <span class='ocr_line' id='line_1_38' title="bbox 215 4613 1649 4734; baseline 0.004 -30"><span class='ocrx_word' id='word_1_336' title='bbox 215 4615 453 4734; x_wconf 83' lang='lat' dir='ltr'>exemplum</span> <span class='ocrx_word' id='word_1_337' title='bbox 475 4615 675 4704; x_wconf 88' lang='lat' dir='ltr'>sufficiunt</span> <span class='ocrx_word' id='word_1_338' title='bbox 697 4614 990 4732; x_wconf 77' lang='lat' dir='ltr'>elephantiasis,</span> <span class='ocrx_word' id='word_1_339' title='bbox 1010 4613 1172 4702; x_wconf 89' lang='lat' dir='ltr'>morbus</span> <span class='ocrx_word' id='word_1_340' title='bbox 1193 4613 1263 4704; x_wconf 88' lang='lat' dir='ltr'>ille</span> <span class='ocrx_word' id='word_1_341' title='bbox 1288 4645 1406 4728; x_wconf 91' lang='lat' dir='ltr'>quem</span> <span class='ocrx_word' id='word_1_342' title='bbox 1429 4617 1649 4710; x_wconf 80' lang='lat' dir='ltr'>Schenkius</span> 
     </span>
    </p>
   </div>
   <div class='ocr_carea' id='block_1_5' title="bbox 172 4808 1347 5064">
    <p class='ocr_par' dir='ltr' id='par_1_5' title="bbox 172 4808 1347 5064">
     <span class='ocr_line' id='line_1_39' title="bbox 265 4808 928 4890; baseline 0.006 -19"><span class='ocrx_word' id='word_1_343' title='bbox 265 4813 321 4886; x_wconf 74' lang='lat' dir='ltr'>(a)</span> <span class='ocrx_word' id='word_1_344' title='bbox 343 4809 452 4870; x_wconf 89' lang='lat' dir='ltr'>Nosolo</span> <span class='ocrx_word' id='word_1_345' title='bbox 476 4809 499 4869; x_wconf 76' lang='lat' dir='ltr'>ia</span> <span class='ocrx_word' id='word_1_346' title='bbox 518 4808 596 4869; x_wconf 82' lang='lat' dir='ltr'>class.</span> <span class='ocrx_word' id='word_1_347' title='bbox 614 4821 665 4882; x_wconf 78' lang='lat' dir='ltr'>lo,</span> <span class='ocrx_word' id='word_1_348' title='bbox 683 4811 744 4871; x_wconf 86' lang='lat' dir='ltr'>ord.</span> <span class='ocrx_word' id='word_1_349' title='bbox 764 4831 799 4882; x_wconf 83' lang='lat'>7,</span> <span class='ocrx_word' id='word_1_350' title='bbox 815 4815 864 4874; x_wconf 72' lang='grc' dir='ltr'>η’.</span> <span class='ocrx_word' id='word_1_351' title='bbox 879 4828 928 4890; x_wconf 75' lang='lat'>35·</span> 
     </span>
     <span class='ocr_line' id='line_1_40' title="bbox 263 4889 1347 4978; baseline 0.006 -26"><span class='ocrx_word' id='word_1_352' title='bbox 263 4890 319 4968; x_wconf 81' lang='lat' dir='ltr'>(b)</span> <span class='ocrx_word' id='word_1_353' title='bbox 341 4890 439 4952; x_wconf 84' lang='lat' dir='ltr'>Christ.</span> <span class='ocrx_word' id='word_1_354' title='bbox 492 4911 546 4950; x_wconf 83' lang='lat' dir='ltr'>eor.</span> <span class='ocrx_word' id='word_1_355' title='bbox 564 4889 693 4964; x_wconf 72' lang='lat' dir='ltr'>Emerel,</span> <span class='ocrx_word' id='word_1_356' title='bbox 711 4889 851 4954; x_wconf 76' lang='lat' dir='ltr'>Warsavil</span> <span class='ocrx_word' id='word_1_357' title='bbox 867 4889 978 4976; x_wconf 70' lang='lat' dir='ltr'>physici</span> <span class='ocrx_word' id='word_1_358' title='bbox 994 4891 1139 4973; x_wconf 78' lang='lat' dir='ltr'>iuustml,</span> <span class='ocrx_word' id='word_1_359' title='bbox 1159 4913 1222 4978; x_wconf 74' lang='lat' dir='ltr'>capr</span> <span class='ocrx_word' id='word_1_360' title='bbox 1240 4908 1253 4970; x_wconf 74' lang='grc' dir='ltr'><strong>ς</strong></span> <span class='ocrx_word' id='word_1_361' title='bbox 1272 4897 1300 4954; x_wconf 74' lang='grc' dir='ltr'>δι</span> <span class='ocrx_word' id='word_1_362' title='bbox 1316 4900 1347 4958; x_wconf 74' lang='lat'>6·</span> 
     </span>
     <span class='ocr_line' id='line_1_41' title="bbox 172 4971 1138 5064; baseline -0.002 -28"><span class='ocrx_word' id='word_1_363' title='bbox 172 5005 175 5010; x_wconf 94' lang='lat'>·</span> <span class='ocrx_word' id='word_1_364' title='bbox 263 4977 316 5051; x_wconf 80' lang='lat' dir='ltr'>(c)</span> <span class='ocrx_word' id='word_1_365' title='bbox 337 4971 482 5046; x_wconf 70' lang='lat' dir='ltr'>Ttwsasl.</span> <span class='ocrx_word' id='word_1_366' title='bbox 501 4971 664 5054; x_wconf 70' lang='lat' dir='ltr'>philosoph.</span> <span class='ocrx_word' id='word_1_367' title='bbox 686 4993 784 5064; x_wconf 67' lang='lat'>1732,</span> <span class='ocrx_word' id='word_1_368' title='bbox 801 4979 851 5042; x_wconf 60' lang='grc' dir='ltr'>αθ.</span> <span class='ocrx_word' id='word_1_369' title='bbox 868 4991 939 5062; x_wconf 57' lang='grc' dir='ltr'>Μ,</span> <span class='ocrx_word' id='word_1_370' title='bbox 1134 4975 1138 4982; x_wconf 83' lang='grc'><strong>’</strong></span> 
     </span>
    </p>
   </div>
   <div class='ocr_carea' id='block_1_6' title="bbox 0 0 2150 5904">
    <p class='ocr_par' dir='ltr' id='par_1_6' title="bbox 0 0 2150 5904">
     <span class='ocr_line' id='line_1_42' title="bbox 0 0 2150 5904; baseline 0 0"><span class='ocrx_word' id='word_1_371' title='bbox 0 0 2150 5904; x_wconf 95' lang='lat' dir='ltr'> </span> 
     </span>
    </p>
   </div>
  </div>
 </body>
</html>
