4228 5898
495 445 573 526 144
743 413 839 504 nn
889 413 1189 504 nonurs
1245 344 1673 538 curruum

487 583 561 668 crit
581 577 702 665 fluida
723 583 859 666 tonica
882 578 994 665 simul
1016 586 1059 665 dt
1078 582 1278 668 tenuantia
1301 605 1401 698 potu
1423 579 1536 695 largo
1559 573 1759 674 exhibere.
1780 577 1925 690 Quem

486 693 599 780 usum
630 719 719 778 ante
744 692 819 778 alia
846 696 980 777 omnia
1012 695 1221 807 pharmaca
1244 695 1416 808 praestant
1445 721 1551 804 aque
1575 688 1782 777 minerases
1804 696 1921 778 varic

484 837 560 924 pro
588 809 702 892 variis
726 804 874 890 casibus
904 805 1111 918 seligenda
1122 871 1138 914 ,
1164 827 1232 891 aut
1260 806 1416 924 ptisana
1440 803 1548 892 leves
1573 802 1597 890 ὲ
1621 801 1739 918 lignis
1758 807 1924 894 Ameti÷

486 923 622 1026 canis,
641 923 808 1042 guaiaco
817 981 831 1026 ,
851 915 987 1030 squind
996 982 1010 1027 ,
1026 917 1287 1034 sarsaparilllt,
1303 917 1470 1004 saffafras
1485 949 1557 1033 pro
1577 945 1621 1003 re
1635 915 1726 1002 natal
1738 919 1922 1004 formata:
1940 955 1944 964 ’

485 1058 605 1146 atque
631 1035 888 1117 concinnata.

539 1145 687 1258 Longe
714 1144 837 1259 dispar
857 1145 967 1230 casus
990 1149 1105 1231 estin
1130 1145 1314 1231 acredine
1334 1173 1452 1256 quam
1477 1147 1645 1229 tenuitas
1668 1144 1817 1228 summa
1841 1145 1920 1234 seri

484 1261 685 1375 peccantis
710 1261 933 1344 comitatur.
965 1261 1050 1344 Nist
1074 1263 1181 1344 enim
1209 1260 1323 1344 causa
1342 1258 1545 1342 evidenter
1575 1256 1691 1341 subsrt
1715 1286 1917 1366 venerea,

483 1401 581 1456 tunc
605 1373 740 1454 omnia
760 1369 1027 1480 mercurialis,
1056 1375 1140 1456 imb
1161 1375 1399 1458 attenuantia
1426 1374 1569 1482 quavis
1593 1370 1781 1486 fugienda
1813 1371 1915 1460 sunt.

485 1485 567 1569 Sed
587 1490 679 1566 citnr
705 1514 788 1568 non
814 1489 976 1568 minima
1001 1515 1087 1600 pars
1113 1488 1159 1569 stt
1177 1491 1220 1569 in
1245 1481 1394 1570 morbis
1412 1485 1588 1570 cutaneis
1609 1512 1656 1568 ea
1674 1515 1758 1595 quae
1779 1483 1801 1567 ὲ
1825 1485 1916 1572 sero

481 1601 563 1681 acri
582 1597 752 1711 pendet,
774 1628 856 1680 non
876 1603 1016 1682 unicus
1043 1627 1185 1684 eorum
1213 1599 1321 1684 casus
1343 1596 1632 1711 distinguendus
1650 1601 1713 1682 est.
1732 1595 1928 1684 Pluribus·

481 1707 585 1794 mala
604 1709 756 1825 islaper
779 1712 963 1796 accidens
980 1711 1188 1796 nascuntur
1212 1720 1255 1797 bt
1277 1715 1383 1823 quast
1397 1712 1614 1794 transitoria
1627 1710 1728 1796 sunt.
1748 1711 1919 1796 Cathar-

481 1854 617 1908 rorum
629 1822 697 1906 sub
712 1823 840 1907 formai
852 1822 1085 1939 plerumque
1097 1828 1314 1940 incipiunt,
1331 1853 1375 1910 ut
1390 1821 1482 1906 alibi
1492 1823 1637 1908 dishrm
1652 1827 1716 1909 est.
1730 1822 1917 1934 Aliquan-

481 1938 632 2051 dbpost
646 1933 807 2020 dolores
819 1941 1009 2031 immanes
1017 1933 1570 2050 ,cruciatusqueacetbos,ad
1586 1934 1774 2022 articulos
1809 1939 1915 2022 ustu-

479 2049 526 2134 lae
554 2056 829 2163 erumpunt&
857 2054 898 2134 in
930 2055 1069 2136 crustas
1097 2079 1301 2137 vertuntur
1328 2081 1411 2162 quae
1435 2048 1541 2135 leves
1571 2048 1691 2134 facile
1712 1967 1872 2136 avolant
1895 2081 1926 2159 ,·'

480 2188 820 2274 renovanturque,
847 2164 979 2250 donec
1003 2164 1118 2250 causa
1141 2163 1236 2248 masi
1262 2164 1478 2250 cessaverit.
1502 2161 1658 2254 Malum
1684 2160 1785 2248 illud
1804 2169 1912 2249 acci·-

481 2275 701 2360 dentarium
738 2305 821 2360 non
859 2281 1063 2391 ingentem
1096 2277 1229 2392 sepius
1264 2277 1647 2383 medicamentorum
1684 2297 1913 2390 apparatum

479 2386 659 2504 postulat.
688 2387 894 2475 Diluentia
921 2389 1025 2476 levia
1045 2419 1170 2502 eaque
1195 2419 1244 2476 ert
1264 2389 1417 2475 lenibus
1491 2391 1562 2474 tita
1580 2388 1880 2504 mucilaginibus
1892 2453 1911 2499 ,

479 2499 615 2611 quales
630 2501 802 2634 ptaebent
816 2504 1039 2613 hordeum,
1056 2529 1204 2612 avena,
1226 2535 1371 2617 oryza,
1391 2531 1442 2587 ve
1472 2501 1575 2589 levia
1594 2503 1617 2586 ὲ
1636 2500 1910 2616 vegetantibus

478 2613 672 2700 solventra
684 2678 699 2724 ,
721 2615 1013 2725 scorzonnera,
1035 2645 1291 2724 taraxacum,
1318 2619 1533 2725 cichorea,
1552 2615 1814 2730 borraginca,
1842 2646 1910 2702 aut
1989 2675 1995 2686 -

477 2729 596 2813 flores
619 2727 822 2835 sambuci,
849 2728 1052 2841 meliloti,
1082 2733 1167 2816 tlun
1188 2759 1275 2842 quc
1300 2732 1515 2846 primarum
1539 2732 1690 2813 viarum
1711 2727 1909 2816 saburram

478 2839 685 2926 eliminent
715 2871 816 2928 ecco
846 2848 1009 2950 rotica,
1040 2846 1101 2927 his
1129 2843 1305 2928 sanandis
1339 2842 1569 2943 sufficiunt3
1601 2848 1692 2926 ciun
1724 2847 1909 2957 reparatis

479 2953 729 3039 cottionibus
762 2873 888 3068 vulgo
923 2957 1062 3041 senstm
1085 2956 1215 3040 serum
1248 2965 1290 3041 ὅ(
1318 2955 1549 3073 spissescat,
1576 2963 1620 3041 δι
1648 2957 1750 3068 quast
1781 2981 1911 3040 matu-

479 3091 597 3150 retur.
1203 3119 1207 3132 »
1364 3103 1370 3114 ·

532 3181 589 3262 At
615 3177 825 3290 aliquando
839 3241 853 3287 ,
868 3207 943 3267 nec
967 3179 1076 3266 casus
1099 3179 1199 3268 adeb
1223 3211 1330 3269 ratus
1353 3186 1432 3289 est,
1456 3185 1524 3294 qui
1539 3180 1663 3299 primi
1687 3182 1788 3270 facie
1807 3180 1913 3268 levis

476 3289 681 3376 videbatur
706 3294 906 3380 catharrus
941 3292 990 3378 ab
1025 3295 1216 3380 erodente
1251 3301 1418 3382 materiae
1453 3297 1637 3382 acredine
1671 3301 1834 3382 vertitur
1864 3300 1905 3382 in

476 3402 591 3512 ulcus
618 3402 791 3490 serosum
810 3412 852 3489 dt
879 3403 1196 3523 dusepuloticum
1209 3470 1224 3516 ,
1251 3438 1296 3495 ut
1319 3441 1412 3495 cum
1435 3409 1641 3524 Chirurgis
1667 3406 1806 3522 loquar
1820 3473 1835 3515 ,
1862 3418 1906 3494 dt

476 3519 600 3603 varias
622 3520 663 3601 in
680 3543 807 3636 partes
823 3514 844 3600 ὲ
863 3518 1050 3636 sanguine
1070 3521 1266 3638 resorptus
1286 3521 1515 3629 decumbit,
1541 3551 1618 3607 nec
1629 3587 1649 3632 ,
1661 3524 1729 3608 etst
1753 3522 1906 3609 diluen-

476 3627 612 3737 tibus,
640 3628 789 3716 balneis
812 3633 954 3746 tepidis
973 3632 1136 3744 aliisque
1159 3631 1384 3740 hujusmodi
1407 3637 1704 3722 medicamentis
1725 3637 1904 3722 decerta-

476 3745 609 3851 veris,
631 3741 760 3828 ullum
790 3748 985 3831 metionis
1016 3749 1166 3860 signum
1189 3752 1361 3856 eminet,
1394 3750 1462 3834 sed
1491 3753 1632 3834 omnia
1648 3750 1770 3836 cruda
1790 3779 1837 3865 ap
1866 3779 1908 3834 a·

477 3883 595 3964 rent,
622 3859 709 3942 irnb
738 3857 979 3972 augescunt,
1007 3860 1279 3968 invalescunt,
1309 3865 1531 3964 efferantur.
1557 3861 1699 3948 Febris
1721 3863 1802 3979 ipsa
1831 3779 1902 3948 hb
1930 3869 1935 3880 “

478 3973 637 4054 noctem
654 3969 741 4056 serb
761 3971 1017 4076 accenditur,
1039 3976 1169 4058 &trist
1189 4003 1318 4060 moras
1333 3975 1482 4083 injiciat
1500 4005 1559 4060 ars
1574 3977 1740 4081 efficax,
1765 3973 1814 4060 ab
1832 4003 1906 4060 ex-

478 4081 691 4170 terioribus
710 4083 760 4168 ad
782 4085 969 4170 hrteriora
989 4089 1155 4170 vertitur
1177 4085 1324 4172 malum
1333 4152 1350 4195 ,
1369 4090 1579 4199 tussisque,
1596 4115 1664 4173 aut
1681 4089 1907 4174 abdominis

370 4271 376 4286 ,
479 4199 649 4280 tormina
682 4195 843 4282 brevem
875 4194 1125 4283 minabuntur
1184 4197 1385 4288 erniciem2
1419 4201 1517 4286 Hoc
1555 4204 1599 4284 in
1629 4201 1718 4286 casu
1752 4201 1905 4318 profuit

477 4304 577 4388 nihil
599 4304 620 4390 l
645 4307 780 4392 naturai
803 4315 1000 4416 mutuari,
1040 4311 1107 4398 sed
1138 4315 1146 4332 '
1181 4342 1244 4398 am
1271 4311 1320 4397 ab
1354 4314 1579 4429 alienigeno
1616 4318 1781 4400 inertem
1815 4315 1907 4400 red-

478 4415 598 4504 dente
620 4446 742 4506 onere
777 4420 894 4530 qulam
925 4429 1096 4540 primirm
1123 4423 1301 4513 liberare.
1330 4427 1512 4513 Sulsurea
1543 4427 1704 4538 quidem
1728 4431 1903 4514 antimo-

477 4527 595 4613 nialia
612 4533 675 4618 hle
697 4530 909 4647 plurimum
929 4537 1062 4624 ualent
1070 4602 1086 4646 ,
1105 4539 1200 4624 ditm
1222 4537 1389 4657 lympha
1408 4545 1578 4626 nitorem
1595 4541 1768 4648 addunt,
1786 4543 1904 4654 cique

476 4645 678 4750 immixta,
704 4646 840 4730 crastm
859 4643 940 4755 ejus
962 4677 1153 4738 renovant
1165 4716 1179 4759 ,
1200 4683 1282 4739 non
1304 4654 1519 4761 solvendo,
1546 4651 1614 4738 sed
1638 4656 1742 4766 quast
1754 4657 1902 4754 instau-

476 4753 599 4846 rando
614 4783 740 4868 partes
759 4759 911 4846 effoetas
922 4822 936 4864 ,
960 4761 1219 4894 diaphoresim
1247 4768 1360 4856 simul
1378 4770 1592 4874 inducere,
1609 4768 1637 4850 st
1662 4765 1773 4876 quod
1793 4766 1904 4854 aliud

475 4867 842 4984 medicamentum,
867 4873 1001 4964 valent
1021 4873 1100 4964 rlla.
1120 4879 1201 4966 Sed
1223 4879 1361 4972 sensim
1380 4877 1502 5002 agunt
1523 4888 1569 4968 et
1586 4877 1781 5080 sente,edlt
1805 4881 1904 5015 supe

1700 5023 1723 5082 c
1764 5021 1901 5082 entare
