4226 5916
654 381 1160 487 Ι(311ΤΑΝΕ15.
1515 393 1629 502 ’2161

205 548 413 670 penditote
434 554 592 647 cessavit
607 563 790 679 porrigo,
810 568 850 646 ὅ(
869 563 936 675 qui
952 561 1148 674 copiosius
1165 553 1395 646 diffluebant
1414 553 1547 674 capilli
1556 558 1635 676 jana

208 678 358 760 firmius
385 675 605 760 constitere.
638 673 734 760 Vidi
762 678 880 762 etiam
914 679 1156 790 porriginem
1186 669 1390 758 evidenter
1413 698 1636 756 veneream.

209 785 288 871 Sed
312 791 396 871 haec
420 784 631 895 mesola,
658 815 743 902 nec,
760 789 840 872 stne
870 783 1053 902 grauibus
1086 794 1129 871 δι
1160 783 1407 899 diagnosticis
1441 785 1637 870 emicabat

206 897 544 1016 symptomatibus.
1168 975 1178 994 ‚
1229 942 1238 952 ·
1632 969 1635 976 ,

264 1013 428 1130 Species
454 1010 529 1096 alia
554 1037 671 1123 quarn
702 1008 842 1098 Celsus
868 1007 1152 1096 &Trallianus
1175 1007 1355 1096 indicant
1379 1009 1540 1095 humida
1560 1016 1639 1122 est,

210 1130 293 1212 cuti
306 1123 381 1209 soli
401 1121 788 1240 capillataepropria,
813 1131 854 1210 &
874 1127 977 1210 hanc
999 1124 1163 1208 faminis
1186 1121 1447 1229 crediderim,
1468 1123 1639 1210 sednon

206 1241 327 1324 'aufim
344 1235 553 1354 specialem
568 1240 887 1352 pronunciare.A
901 1264 967 1324 me
983 1235 1090 1324 certl
1107 1241 1260 1350 cantium
1279 1240 1321 1322 in
1337 1235 1499 1320 faminis
1514 1235 1656 1322 obsera

208 1379 298 1437 vata
314 1355 366 1436 est
384 1349 524 1462 quibus
541 1347 733 1465 &capilli
749 1349 1072 1455 abundahtiores,
1091 1359 1153 1455 dt,
1175 1374 1220 1434 ut
1236 1377 1388 1436 veteres
1406 1347 1518 1460 loqui
1541 1380 1639 1441 amas

208 1463 324 1571 bant,
350 1489 470 1578 caput
494 1463 704 1548 humidius.
727 1460 804 1548 His
826 1488 945 1578 caput
963 1463 1124 1576 quidem
1143 1465 1345 1576 ingentem
1366 1489 1642 1547 excremento-

207 1607 297 1662 rum
324 1581 483 1692 copiam
510 1572 736 1674 accumulat
747 1638 763 1684 ,
790 1578 845 1660 ita
870 1601 915 1658 ut
936 1579 1016 1688 quo
1036 1571 1123 1691 plus
1138 1575 1333 1690 peslendo
1353 1575 1557 1685 detrahas,
1587 1579 1641 1662 eir

207 1689 297 1806 plus
317 1687 426 1772 farris
448 1687 553 1774 illisas
570 1687 748 1774 videatur
770 1690 988 1802 ingenerari
1013 1721 1022 1770 :
1048 1685 1197 1773 interes
1214 1691 1313 1773 verb
1332 1688 1541 1772 nascuntur
1559 1691 1641 1776 fine

207 1802 300 1888 ullis
328 1799 575 1887 evidentibus
601 1797 859 1886 foraminibus
884 1798 1050 1885 macula
1076 1803 1287 1916 ingentes,
1321 1799 1407 1884 sero
1437 1805 1518 1885 acri
1547 1827 1641 1886 totae

202 1916 380 2018 ‚humida
401 1913 511 2025 quod
528 1910 653 2027 vulgo
673 1926 757 1996 co'r't
774 1943 867 1998 cum
883 1910 1057 2045 capillis,
1078 1917 1162 1996 imi)
1181 1911 1277 2028 saepb
1295 1910 1429 2028 capilli
1448 1913 1517 2029 ipsr
1536 1915 1641 2000 inter
1747 1934 1751 1940 “

204 2027 447 2146 ,11186ηά1111
471 2057 565 2110 cum
586 2027 737 2140 magnis
757 2021 1008 2140 epidermr'dis
1030 2023 1198 2110 frustulis
1223 2021 1364 2138 quibus
1389 2021 1643 2112 innascuntur

202 2141 428 2245 decidunt,
448 2135 558 2224 brevi
572 2165 705 2222 tamen
717 2138 983 2244 renascentes,
999 2136 1185 2224 srmalum
1205 2164 1382 2222 curatum
1400 2137 1532 2246 fuerit.
1548 2139 1642 2222 Ma-

210 2251 311 2338 culae
330 2255 387 2336 hat
406 2255 490 2366 post
511 2252 664 2361 aliquot
684 2253 804 2334 horsa
823 2253 1038 2335 totaesrccae
1055 2250 1143 2332 surrt
1162 2259 1205 2333 bc
1221 2250 1322 2356 farre
1343 2229 1481 2362 plenae.
1503 2247 1643 2337 Altera

201 2355 306 2450 'alibi
325 2367 503 2474 exurgit,
520 2372 562 2449 dt
578 2361 707 2478 plures
725 2365 777 2446 src
798 2361 868 2444 fibi
882 2359 1111 2445 succedunt.
1140 2360 1353 2447 Madorcm
1377 2363 1419 2443 in
1442 2388 1534 2447 cute
1558 2368 1643 2448 evi·-

203 2475 373 2561 'de'ntem
388 2473 681 2588 deprehendas,
701 2473 805 2558 unde
820 2473 959 2556 mador
971 2471 1040 2558 ille
1056 2474 1226 2586 pendeat
1241 2473 1382 2564 oculus
1394 2477 1461 2558 uix
1478 2477 1642 2562 invenit.

210 2587 459 2701 Consopitur
483 2581 593 2670 brevi
617 2583 794 2692 malum,
818 2616 914 2669 mox
939 2585 1197 2670 recrudescet.
1225 2585 1279 2668 Et
1302 2589 1344 2668 in
1365 2584 1539 2699 pluribus
1559 2589 1643 2674 vidi

201 2699 304 2786 ⁴ante
330 2695 682 2784 recrudescentiam
696 2761 712 2804 ,
740 2696 981 2808 horrendum
1005 2700 1138 2812 praeire
1164 2699 1301 2812 capitis
1327 2695 1523 2783 dolorem.
1551 2701 1644 2785 Imo

208 2811 418 2900 mulierem
435 2813 530 2896 nov-i
549 2842 631 2922 quae
651 2814 733 2894 hoc
755 2807 863 2894 malo
885 2809 1067 2894 defuntta
1082 2806 1316 2915 videbatur,
1338 2810 1503 2894 caefariei
1524 2841 1645 2923 quant

210 2923 479 3045 pulcherrime
501 2921 664 3009 curabat
683 2922 854 3006 maxims
879 2948 1047 3031 attenta,
1066 2921 1213 3008 eodem
1233 2919 1341 3004 malo
1362 2921 1514 3006 rursbm
1536 2925 1645 3010 affici

209 3041 413 3124 menstruis
437 3029 710 3124 deficientibus
724 3065 748 3143 ,¹
761 3034 913 3151 capillis
934 3034 1082 3120 intereh
1106 3033 1357 3150 pereuntibus
1374 3065 1475 3144 quos
1494 3035 1645 3122 fumml

209 3149 394 3240 moestitib
408 3150 587 3261 quotidie
596 3146 824 3263 colligebat.
838 3146 1004 3232 Praeibat
1015 3146 1168 3262 semper
1182 3151 1354 3232 internus
1370 3150 1506 3261 capitis
1523 3146 1648 3233 dolor

211 3294 309 3349 curn
352 3267 533 3378 ortiginis
551 3266 757 3376 eruptione
776 3261 935 3346 cessans.
961 3259 1151 3343 Praeibant
1171 3263 1211 3342 in
1229 3258 1313 3343 aliis
1332 3257 1535 3368 subparum
1545 3322 1558 3367 ,
1577 3260 1645 3346 seu

205 3292 372 3496 pustula
390 3381 528 3492 capitis
548 3375 598 3460 de
644 3372 826 3459 uibus&
854 3373 984 3456 Graeci
1010 3381 1093 3478 (a),
1121 3381 1163 3456 dc
1188 3369 1339 3456 Arabes
1366 3371 1427 3476 (b)
1454 3399 1641 3487 egerunt,

205 3491 322 3602 ‚quast
345 3487 395 3573 de
420 3491 568 3602 praeviis
596 3404 645 3572 ad
676 3487 810 3572 omnia
837 3489 975 3600 capitis
1004 3488 1198 3570 exteriora
1228 3483 1329 3567 mala
1362 3485 1645 3569 incommodis.

213 3604 370 3689 Frustra
383 3604 512 3686 varios
533 3599 693 3712 adipes,
714 3600 916 3703 ursinum,
941 3595 1008 3682 vul
1037 3600 1147 3680 11111111
1159 3658 1174 3702 ,
1198 3593 1444 3680 ruustelinum
1467 3594 1645 3681 adhibuit

215 3711 353 3800 sedula
378 3711 518 3798 mulier
536 3745 549 3810 3
569 3713 702 3794 omnia
727 3714 883 3824 prorsus
908 3628 1072 3792 inutilia.
1553 3813 1557 3816 -
1684 3713 1689 3726 “

205 3823 212 3928 J
271 3826 420 3914 Veriun
438 3852 563 3938 genus
581 3821 681 3906 illud
697 3824 906 3936 porrigiois
921 3849 1003 3904 non
1021 3818 1195 3906 dubitavi
1209 3819 1258 3904 ad
1274 3821 1454 3931 herpetes
1475 3818 1618 3905 referre
1627 3880 1645 3928 ,

213 3937 316 4024 licst
334 3937 507 4050 quadam
519 3935 1006 4048 videanturphoenomena
1024 3931 1173 4016 malum
1191 3934 1364 4016 nostrum
1384 3929 1431 4012 ab
1451 3932 1498 4016 iis
1519 3929 1646 4016 distin-

206 4133 210 4142 .
276 4079 342 4138 ere
370 4077 487 4162 atque
515 4049 791 4133 discriminare.
826 4043 969 4132 Locns'
990 4045 1197 4162 prasertim
1222 4052 1264 4128 ὃ(
1293 4041 1405 4126 sedes·
1426 4041 1555 4126 morbi
1579 4045 1647 4130 hlc

193 4085 537 4280 ''spsedaudisunm
551 4188 596 4247 ut
611 4159 837 4246 differentia
853 4159 1007 4245 causam
1021 4156 1298 4276 intelligamus.
1322 4152 1455 4266 Adeps
1474 4156 1539 4238 hic
1555 4157 1647 4276 sup-

203 4369 213 4380 ,
249 4279 367 4362 osrms
393 4304 531 4390 parcus
546 4335 560 4380 ,
595 4275 704 4358 muci
731 4297 867 4358 natura
897 4299 1046 4378 tenax,
1072 4265 1244 4353 folliculi
1279 4263 1423 4350 lubrici
1459 4269 1645 4385 maxims.

218 4309 385 4484 llumor
397 4385 516 4471 facile
531 4385 637 4470 foras
653 4385 734 4468 exit
741 4445 755 4488 ,
773 4409 847 4468 nec
863 4381 981 4468 facile
995 4382 1279 4496 repercutitur,
1301 4381 1477 4489 quamvis
1497 4380 1646 4466 adstrin-

207 4501 357 4616 ‘gentia
375 4530 459 4586 non
483 4524 640 4584 careant
691 4495 857 4580 ericulo.
883 4495 1096 4582 Faeminam
1119 4495 1226 4577 enim
1246 4491 1328 4576 vidi
1352 4493 1417 4575 cui
1440 4493 1649 4606 stypticum

209 4611 428 4730 'pomarum
439 4616 619 4724 ingentes
632 4528 689 4694 ad-
697 4610 904 4694 thoracem
921 4604 1081 4693 dolores
1101 4603 1252 4714 attulit,
1275 4601 1362 4690 solo
1385 4601 1485 4692 laste
1500 4603 1652 4690 afinino

262 4811 319 4876 (a)
344 4801 448 4864 Galen.
467 4801 513 4862 lib.
529 4801 563 4861 de
580 4802 725 4865 Tumorrb.
741 4821 801 4884 cap.
822 4807 877 4871 165
898 4801 990 4864 Trall.
1011 4799 1057 4862 lib.
1080 4819 1111 4876 r,
1129 4817 1190 4882 cap.
1211 4813 1243 4871 5.

261 4883 320 4971 (1)
340 4884 510 4957 Areozoar,
529 4883 579 4950 rib.
601 4903 632 4958 r,
649 4903 709 4966 rap.
730 4902 778 4948 ro.
