4226 5916
679 378 1169 470 CUTANEIS.
1455 497 1460 508 Ι
1558 382 1639 498 4'85

212 573 325 634 more
348 541 681 652 cutis-aliquandi>
698 543 927 650 induratur,
949 551 996 634 a&
1016 543 1153 627 critice
1174 571 1219 626 ac
1239 544 1363 630 veluti
1381 574 1449 659 per
1471 555 1645 638 metasta-

213 663 283 745 siin
299 657 503 743 crassescit.
529 657 669 740 Virum
684 658 947 770 gravissimum
972 664 1015 738 δι
1035 655 1284 740 fortissimum
1304 662 1427 766 novi,
1451 663 1517 770 qui
1539 659 1560 744 ”a
1579 693 1645 748 va-

212 770 321 856 riolis
350 767 666 874 confluentibus,
698 777 742 853 bc
796 795 930 885 ropter
962 797 1057 879 quas
1092 769 1322 854 vesicatoria
1358 770 1452 855 suris
1486 773 1646 863 admota

212 882 387 990 fuerant,
404 881 508 968 resse
524 879 739 967 convaluit.
804 883 967 966 emansit
980 880 1143 966 semoris
1153 941 1167 986 3
1184 885 1307 966 cruris
1329 889 1369 964 &
1388 885 1497 997 pedis
1511 888 1645 976 sinistri

211 999 312 1081 cutis
332 997 490 1080 crassior
511 1001 553 1080 δι
573 995 753 1100 densior,
775 997 853 1079 fine
875 993 967 1078 ullo
982 994 1260 1078 incommodo.
1283 992 1419 1079 Alteri
1433 1002 1523 1082 vice
1539 999 1648 1088 idem

210 1111 292 1195 vidi
303 1113 346 1194 in
357 1104 500 1214 juvene
514 1111 582 1216 qui
598 1105 620 1190 *a
634 1105 793 1222 pessimi
805 1107 915 1194 febre
934 1104 1106 1221 maligni
1124 1107 1163 1188 se
1185 1109 1370 1214 restituit,
1388 1111 1648 1200 vesicantibus

207 1227 352 1336 pariter
374 1223 556 1307 admotis.
583 1221 758 1328 Uterque
780 1221 902 1306 hodie
925 1219 1036 1304 sanus
1060 1229 1101 1304 ὅτ
1123 1218 1281 1324 valens,
1311 1222 1463 1304 servant
1485 1225 1586 1308 hanc
1605 1231 1648 1310 in

207 1363 294 1419 artu
318 1335 496 1420 inferiori
521 1333 822 1442 inaequalitatem
842 1395 857 1440 ,
886 1363 979 1416 cuin
1002 1335 1102 1416 cutis
1124 1331 1253 1444 aspersi
1269 1331 1448 1417 scabritie
1468 1341 1510 1416 bt
1525 1341 1649 1424 cassiis

208 1446 432 1532 obtusione.
462 1449 696 1550 Versantur,
723 1470 885 1528 currunt
911 1443 1090 1530 alacriter
1112 1475 1125 1542 3
1150 1471 1188 1526 at
1214 1442 1343 1530 sensus
1369 1450 1471 1530 cutis
1498 1451 1647 1561 stupet,
1705 1491 1710 1496 ·

205 1557 306 1645 licet
345 1587 512 1668 uterque
556 1586 744 1666 aquarum
777 1556 1030 1643 thermalium
1073 1554 1237 1640 subsidia
1277 1555 1465 1670 pluribus¹
1492 1560 1648 1647 vicibus

206 1675 410 1783 quaesierit.
437 1671 523 1757 Res
542 1668 649 1754 lentis
671 1668 869 1755 &sensim
887 1669 1044 1754 indusia
1066 1672 1302 1754 chronicum
1322 1674 1363 1752 in
1384 1699 1540 1757 morem
1564 1703 1648 1758 non

209 1814 264 1899 op
294 1787 363 1870 idb
390 1813 495 1888 rara,
516 1784 601 1898 post
621 1782 807 1866 srasluras
833 1811 992 1866 crurum
1011 1784 1053 1864 in
1078 1778 1218 1890 quibus
1244 1785 1343 1866 cutis
1366 1783 1480 1895 supra
1499 1784 1648 1869 callum

203 1900 248 1981 in
277 1903 367 1982 ssia
386 1896 539 1980 sensum
559 1895 695 1978 amisit.
719 1891 853 1978 Causae
873 1893 1160 1978 mechanismus
1178 1891 1300 1977 tribus
1315 1897 1357 1978 in
1374 1895 1482 1980 hisce
1497 1897 1648 1984 casibus
1737 1933 1738 1936 ‘

204 2011 316 2096 idem
336 2011 389 2094 est
399 2071 413 2114 ‚
440 2007 571 2094 differt
588 2009 772 2119 impetus.

264 2122 349 2206 Sed
373 2127 463 2204 ciirn
485 2116 927 2205 inflammatoriaecausae
941 2116 1092 2231 semper
1115 2117 1334 2208 fluxionem
1354 2147 1538 2232 agentes,
1562 2144 1647 2226 quae

204 2236 249 2319 in
285 2262 422 2319 cutem
455 2229 699 2318 decumbunt
734 2233 850 2335 raro,
885 2258 968 2314 non
1000 2232 1074 2314 sint
1105 2228 1387 2344 depuratoriae,
1424 2233 1541 2318 satius
1572 2230 1647 2312 etit

203 2345 342 2431 causas
374 2346 554 2428 crassitiei
578 2347 621 2427 in
648 2369 741 2426 cute
769 2347 913 2449 ausis,
946 2341 995 2426 ad
1022 2338 1224 2454 duplicem
1255 2370 1445 2428 revocare
1473 2345 1646 2437 classem.

198 2459 394 2568 ,Quarum
417 2459 542 2570 prima
563 2459 636 2538 erit
656 2481 791 2536 earum
812 2454 1011 2538 causarum
1029 2481 1113 2562 quae
1132 2454 1174 2534 in
1194 2458 1295 2538 curis
1311 2456 1426 2567 ipsiiis
1443 2454 1646 2548 substantie

187 2571 443 2668 'nascantur3
474 2565 593 2650 altera
618 2568 691 2650 erit
717 2593 850 2648 earum
872 2596 955 2674 quae
981 2563 1028 2647 ab
1057 2561 1260 2649 altioribus
1289 2570 1488 2680 principiis
1518 2579 1646 2684 petita:

202 2685 336 2769 cutim
362 2684 481 2766 etiam
510 2701 715 2792 penetrant
742 2685 784 2761 δι
811 2680 851 2759 in
881 2677 926 2760 eii
952 2676 1086 2762 sedem
1113 2679 1255 2789 figunt.

264 2793 418 2906 Quoad
439 2790 572 2875 causas
590 2820 673 2900 qua
693 2791 734 2869 in
759 2814 892 2873 cutem
918 2789 1039 2903 ipsam
1059 2814 1206 2902 agunt,
1232 2816 1297 2874 eas
1322 2797 1472 2876 tantiim
1495 2824 1582 2905 quac
1605 2799 1647 2886 in

201 2911 321 3020 praxi
341 2928 557 2992 occurmnt
586 2899 903 3007 recensebimus,
929 2929 979 2984 ne
1004 2897 1169 3011 patholo
1198 2901 1261 2986 ice
1290 2903 1485 3015 possibilia
1512 2909 1645 2997 videa·

199 3046 298 3102 mur
317 3018 463 3102 sesiari.
487 3015 597 3099 Hinc
620 3017 722 3099 inter
745 3015 943 3126 primarias
965 3014 1096 3096 causas
1117 2932 1206 3098 anti
1230 3013 1322 3099 alias
1343 3044 1431 3099 eain
1454 3050 1537 3128 φιτ
1565 3029 1645 3109 evi-

200 3132 362 3216 dendus
398 3131 479 3242 agit
510 3123 801 3212 recensebimus
831 3125 1047 3212 nuditatem
1075 3153 1142 3210 aut
1169 3131 1376 3234 mattam,
1407 3157 1474 3216 aut
1498 3131 1645 3220 volun*

197 3246 345 3328 tariam
364 3243 530 3355 partium
556 3269 640 3349 quae
664 3235 777 3322 anteit
796 3235 963 3324 vestibus
990 3235 1094 3323 belle
1120 3266 1200 3322 coo
1229 3239 1463 3327 criebantur.
1491 3245 1645 3362 Crispa·

197 3359 264 3440 tio
302 3357 406 3438 enim
444 3356 613 3466 primiani
649 3357 691 3434 bt
720 3349 817 3464 sape
851 3353 996 3434 mixtus
1032 3380 1125 3434 cuni
1158 3269 1305 3436 rubore
1339 3355 1567 3441 etethismus
1600 3363 1643 3447 in

199 3468 333 3552 cutim
350 3464 487 3549 nudari
504 3493 587 3548 non
601 3463 786 3548 assuetam
800 3466 1005 3546 excitatur.
1025 3461 1198 3548 Prurirus
1217 3463 1310 3550 inde
1329 3473 1371 3548 ὅτ
1392 3467 1644 3578 epidermidis

127 3607 146 3614 ··
196 3579 398 3694 separatio
413 3579 591 3660 oriuntur
601 3607 613 3674 3
625 3575 730 3660 unde
746 3573 957 3683 aliquando
971 3573 1178 3656 crassitiem
1194 3579 1295 3660 cutis
1310 3607 1403 3660 cuin
1420 3577 1642 3670 lichenibus

198 3687 429 3776 confudisse
440 3688 621 3770 videntur
634 3713 786 3772 veteres
801 3713 902 3796 quos
916 3682 993 3792 jam
1003 3686 1277 3792 excitavimus,
1287 3691 1642 3802 AEgiiieta,Aslua-

197 3807 300 3908 rius,
310 3805 448 3888 Aetius
465 3831 477 3898 3
493 3824 532 3882 at
546 3802 647 3880 inter
660 3823 871 3906 utrumque
882 3794 1216 3910 niotbumiiigens
1231 3800 1449 3884 differentia
1458 3807 1520 3886 est.
1533 3806 1641 3890 Nam

186 3920 245 4000 in
268 3915 434 4000 crassitie
452 3907 642 3995 morbosi
659 3912 760 3992 cutis
780 3905 978 3993 subsidunt
995 3907 1197 4016 lichenes,
1220 3920 1262 3994 st
1280 3916 1347 4020 qui
1363 3917 1531 4024 primiim
1547 3945 1642 4002 acu-

196 4029 367 4114 tissimus
392 4025 518 4109 suerat
536 4021 666 4106 sensus
693 4019 801 4106 brevi
828 4020 1084 4130 obtunditur,
1110 4025 1233 4133 fitque
1256 4025 1485 4136 epidermis‚
1511 4029 1642 4137 primi)

198 4138 365 4224 crassior
389 4145 432 4222 ὅτ
455 4137 561 4248 quast
582 4132 757 4240 callosa,
784 4133 874 4220 dein
900 4136 978 4250 ipsa
1000 4139 1101 4218 cutis
1124 4144 1166 4219 &
1185 4133 1391 4246 granulosa
1416 4151 1638 4252 apparet&

197 4252 372 4338 densior.
408 4249 456 4332 Id
484 4247 686 4334 evidenter
711 4246 794 4331 vidi
823 4251 863 4330 in
895 4247 1036 4360 puellis
1053 4250 1288 4330 ,tenerrimis
1320 4277 1402 4356 quae
1435 4248 1505 4332 reli
1534 4253 1638 4339 ionis

196 4391 343 4450 amore
375 4387 495 4475 captae
525 4388 575 4445 ex
604 4356 795 4442 desidiosi
819 4358 901 4442 vitii
927 4362 967 4440 in
999 4356 1214 4442 monialem
1242 4359 1468 4466 transeunt,
1501 4282 1636 4474 ibique

196 4478 327 4562 duros
352 4470 507 4558 labores
535 4497 722 4558 exercent
748 4466 927 4552 manibus
951 4469 1094 4574 nudis,
1120 4469 1218 4584 saeps
1244 4473 1361 4554 etiam
1388 4500 1438 4557 eii
1461 4476 1637 4562 instituto
1705 4479 1711 4502 '

195 4587 422 4700 nudipedes
439 4584 639 4670 incedunt.
665 4584 713 4666 Id
734 4583 853 4666 etiam
869 4582 1004 4668 videre
1020 4584 1073 4666 est
1091 4585 1130 4665 in
1149 4585 1197 4666 iis
1216 4587 1284 4693 qui
1304 4583 1358 4666 ob
1378 4583 1524 4670 scelera
1543 4616 1636 4700 per-

196 4723 356 4834 petrata
390 4695 440 4779 ad
462 4699 670 4808 remigium
696 4694 926 4779 damnantur
961 4703 1002 4780 &
1033 4693 1115 4778 fers
1151 4696 1245 4780 nudi
1283 4697 1417 4781 officia
1447 4697 1542 4781 dura
1572 4699 1638 4781 ad·

196 4807 373 4926 implere
396 4833 606 4924 coguntur.
632 4809 784 4899 Verum
806 4809 937 4896 transit
956 4805 1194 4896 inhabitura
1218 4837 1264 4895 ea
1285 4813 1385 4898 cutis
1411 4811 1639 4905 constitutio
