4188 5916
672 352 1167 445 cornubia
1252 389 1255 396 ⁴
1541 357 1639 478 a&

190 525 337 604 autem
353 511 526 636 prebent
540 513 739 630 syderitis‚
756 505 1017 605 diacrincultis
1025 583 1040 628 ‚
1057 519 1216 632 aliaque
1230 511 1369 636 psffl
1383 521 1634 610 aereadctet-
1710 537 1721 545 '

193 657 343 743 gentes
356 661 448 716 cuin
461 659 579 716 aceto
595 635 739 717 mixtae.
750 632 932 717 Laudant
948 631 1216 746 portulacam,
1233 631 1505 720 mercurialem
1511 635 1633 740 ,tile-

206 740 366 825 cebram
395 742 538 848 illitas,
562 751 644 827 timi
668 743 799 860 adipes
819 748 1023 851 hircinos,
1054 743 1266 858 vulpinos',
1292 747 1461 851 ursinos,
1484 751 1568 832 imb
1589 757 1633 834 bt

193 853 480 938 deficientibus
492 855 591 962 illis,
604 860 778 939 taurinos
793 856 1032 941 sarmentitio
1050 860 1183 941 cinere
1201 854 1416 969 emollitos.
1437 859 1520 944 Sed
1535 891 1632 948 cum

204 967 266 1047 his
292 967 401 1049 suam
427 996 511 1050 non
541 967 733 1053 addiderit
759 964 997 1082 experientia
1019 968 1196 1053 tesseram
1208 1029 1222 1074 ,
1244 965 1465 1056 viniale-‚est
1485 972 1638 1082 diutiiis

204 1071 419 1162 immorari.
443 1077 566 1163 Aliud
588 1083 684 1164 verb
709 1079 765 1162 ibi
790 1079 1018 1193 predicatur
1045 1081 1262 1167 remedium
1288 1081 1471 1191 q'uodan
1496 1083 1632 1195 aliquo

190 1190 445 1302 ⁴quandoque
460 1191 633 1276 successit
649 1191 766 1277 suerit
779 1190 1081 1300 celebrandum,
1100 1193 1181 1308 ipse
1196 1191 1300 1280 ambi
1330 1195 1531 1290 itatius?
1573 1195 1631 1282 lu-

204 1303 328 1385 rimos
354 1301 505 1388 scilicet
524 1307 632 1387 aiunt
653 1305 701 1387 ab
725 1303 971 1420 elephantiafi
992 1311 1147 1418 prorsus
1170 1304 1280 1392 fuisse
1300 1224 1513 1409 lberatos,
1536 1228 1632 1394 dbm

202 1413 284 1497 sese
314 1413 497 1499 resticulis
525 1416 684 1501 rescissis
719 1420 885 1500 omnino
917 1421 1136 1502 castrarunt.
1162 1415 1322 1502 Durum
1347 1415 1482 1502 hercle
1507 1447 1632 1506 reme-

202 1523 325 1608 dium.
352 1526 432 1610 Sed
451 1535 542 1610 ciim
561 1528 660 1611 nihil
677 1533 875 1643 potentiis
897 1539 1079 1615 mutet&
1101 1531 1344 1632 machinam,
1359 1533 1632 1618 &humorum

206 1637 456 1723 conditiones
481 1637 599 1750 quain
626 1639 757 1724 similis
788 1645 1003 1754 operatio,
1032 1669 1092 1726 res
1118 1644 1267 1727 nemini
1287 1639 1483 1729 suadenda
1505 1647 1631 1759 potest
1668 1749 1671 1757 ¹

202 1775 337 1834 tamen
355 1751 530 1834 successu
552 1781 634 1834 non
656 1752 820 1837 destitui.
1001 1817 1009 1824 -
1316 1764 1348 1785 ''
1398 1795 1413 1840 ,’
1471 1801 1477 1837 ;
1592 1801 1611 1833 .·

193 1927 195 1934 ,
259 1863 338 1946 Vix
359 1861 506 1974 aliquid
525 1863 673 1947 addidit
690 1865 794 1948 fusus
815 1864 865 1948 de
885 1862 1029 1948 morbo
1049 1867 1178 1948 nostro
1198 1865 1529 1980 scriptotl'aulus
1542 1875 1603 1982 (α)
1613 1933 1630 1977 ,

200 2001 310 2057 vena
336 1975 548 2060 sesiionem
583 1979 762 2089 praeviam
796 1985 837 2060 sit
865 1982 1116 2091 purgationes
1143 1979 1285 2091 pariter
1313 1982 1629 2088 commendans,

202 2086 350 2170 addens
371 2091 518 2201 primus
543 2091 721 2172 omnium
743 2119 844 2199 quos
866 2093 996 2172 norim
1016 2093 1219 2174 aussorum
1240 2093 1341 2174 aceti
1357 2089 1528 2178 scillitici
1547 2120 1630 2178 tan·

193 2227 321 2306 'quain
347 2200 600 2314 potentissimi
626 2204 859 2286 attenuantis
886 2202 1037 2306 usum,
1074 2204 1290 2284 theriacam
1318 2211 1359 2285 δι’
1389 2201 1567 2310 illitam‚.
1587 2213 1631 2290 δε

184 2310 429 2422 assumptam
446 2341 518 2424 pro
532 2317 705 2395 maximo
723 2311 900 2397 remedio
917 2311 1089 2420 jasiitans
1098 2373 1113 2418 ‚
1131 2316 1278 2396 vibium
1295 2316 1489 2428 imperans
1508 2345 1631 2428 vege-

199 2421 389 2527 tabilem,
414 2427 605 2536 exemptis
632 2423 816 2508 omnibus
841 2422 1046 2528 carnibus,
1069 2430 1161 2509 cuin
1179 2422 1318 2510 contri
1338 2429 1515 2514 ausitites
1542 2457 1631 2516 cao-

200 2537 310 2618 niom
337 2537 556 2618 recentium
584 2535 696 2620 usum
721 2539 966 2652 imperarent.
996 2536 1107 2620 Huic
1133 2538 1391 2650 propositioni
1414 2542 1517 2624 inter
1538 2570 1630 2626 auc-

200 2674 307 2731 tores
342 2672 518 2731 recentes
556 2646 802 2762 adstipulatur
832 2651 892 2731 vir
923 2649 973 2731 de
1006 2645 1161 2732 medici
1199 2675 1241 2730 re
1275 2648 1429 2760 optime
1467 2655 1630 2736 meritus

201 2756 345 2843 Celeb.
378 2759 566 2866 Cocchi,
593 2763 661 2870 qui
686 2759 781 2843 dum
807 2758 895 2844 solo
920 2763 1025 2844 visiu
1050 2756 1262 2874 vegetabili
1284 2759 1386 2872 apud
1410 2763 1630 2877 AEgyptios

201 2872 372 2954 sanatam
397 2869 687 2985 elephantiasim
708 2871 856 2978 docet,
877 2871 1079 2957 evidenter
1099 2900 1187 2957 eam
1209 2901 1302 2956 cum
1321 2870 1513 2959 scorbuto
1533 2905 1629 2961 con«

200 2983 343 3068 fundit.
364 2981 560 3096 Praecipue
580 2987 675 3067 vero
693 2981 803 3090 jubet
820 2979 943 3182 agros
961 2981 1194 3068 iilittoribus
1214 2988 1415 3070 maritimis
1434 2985 1484 3070 ad
1500 2999 1629 3072 aerem

200 3085 350 3178 siccum
365 3095 700 3179 Mediterraneum
721 3125 834 3182 aman
864 3100 942 3203 ari,
965 3094 1254 3206 finiendanique
1275 3101 1520 3183 curationem
1541 3131 1629 3214 pist·

203 3210 300 3320 cipit
318 3235 387 3322 per
409 3205 576 3320 longum
597 3237 784 3318 aquarum
808 3209 1035 3322 frigidarum
1054 3208 1360 3320 ferrugiiiearum
1379 3210 1504 3296 usum.
1606 3251 1612 3262 ·

259 3319 450 3403 Eamdem
463 3323 567 3403 viam·
586 3317 714 3404 calcat
731 3319 933 3406 Oribasius
952 3321 1035 3425 (b),
1057 3322 1141 3434 post
1153 3318 1347 3406 hellebori
1360 3322 1497 3430 usum,
1517 3325 1630 3436 vipe··

202 3461 263 3514 ras
286 3429 472 3536 suadens,
496 3431 564 3515 sed
583 3429 675 3516 inde
694 3429 850 3516 illarum
870 3433 982 3518 usum
1003 3433 1225 3537 deducens,
1248 3433 1356 3542 quod
1380 3440 1472 3519 ciim
1493 3461 1631 3532 cutem

200 3547 473 3656 quotannis&
498 3547 657 3628 exuvias
711 3572 856 3650 onant,
882 3544 1111 3660 sperandum
1136 3545 1181 3628 sit
1203 3548 1361 3630 exuvias
1386 3545 1516 3630 morbi
1540 3548 1630 3632 fore

201 3657 344 3769 pariter
362 3654 627 3766 deponendas.
640 3573 798 3739 assium
819 3660 861 3739 in
884 3660 931 3740 iis
948 3653 1210 3748 describendis
1226 3653 1413 3742 similibus
1429 3658 1628 3745 methodis

200 3767 355 3878 tempus
372 3766 470 3852 utile
487 3767 681 3850 insumere
692 3773 849 3892 prorsiis
864 3765 1003 3854 inutile
1017 3770 1090 3873 ess,
1106 3772 1197 3850 cum
1213 3765 1282 3852 sibi
1294 3771 1347 3852 ita
1361 3773 1626 3875 conveniant,

200 3908 245 3963 ut
268 3877 443 3993 plerique
466 3883 763 3988 aussoresiinter
787 3880 1045 3994 exscriptores
1070 3882 1200 3994 potiiis
1220 3877 1337 3990 quini
1357 3879 1628 3967 observatores

144 3999 152 4014 '
200 3991 340 4075 locum
365 3991 568 4076 obtineant
590 4025 602 4092 ς
632 3996 686 4076 ita
712 4019 756 4076 ut
777 3991 1010 4078 Graecorum
1035 3995 1185 4078 curatio
1207 3995 1249 4074 in
1272 3989 1394 4074 tribus
1420 3994 1627 4102 consistat,

199 4131 308 4188 vena
320 4103 489 4188 sessione
504 4103 792 4218 praeparatoria,
808 4104 1104 4222 purgationibus
1117 4107 1443 4211 atquevomitivis
1456 4130 1542 4189 atrae
1556 4105 1628 4190 bili

201 4215 442 4300 debellanda
463 4220 698 4323 constitutis,
721 4222 805 4300 timi
821 4216 1131 4317 attenuaiitibus,
1153 4223 1196 4298 dt
1212 4209 1465 4322 illitionibus‚
1486 4223 1628 4330 partim

201 4325 517 4436 emollientibus,
533 4331 672 4445 partim
691 4328 889 4416 detersivis
897 4390 912 4436 ,
928 4332 1011 4412 imo
1027 4337 1071 4412 dt
1088 4325 1298 4436 aliquandi)
1317 4325 1455 4416 leviter
1474 4330 1628 4416 adstrin-

201 4439 393 4553 gentibus.

254 4553 347 4638 Nec
368 4551 534 4637 meliora
549 4583 625 4640 nos
644 4553 817 4638 edocent
830 4549 979 4637 Arabes
994 4550 1095 4635 inter
1111 4579 1211 4662 quos
1228 4578 1329 4634 unus
1344 4547 1390 4632 sit
1400 4579 1476 4669 pro
1497 4555 1628 4638 omni·

239 4731 293 4802 (a)
312 4727 378 4790 Lib.
392 4753 425 4802 4,
438 4751 493 4812 cap.
509 4751 557 4792 ai.
1369 4803 1371 4808 .

239 4807 302 4885 ts)
322 4809 382 4870 Lib.
401 4831 520 4897 prop.
539 4826 583 4888 ru

1347 4889 1463 4972 Ccc
