<?xml version="1.0" encoding="UTF-8"?>
<!DOCTYPE html PUBLIC "-//W3C//DTD XHTML 1.0 Transitional//EN"
    "http://www.w3.org/TR/xhtml1/DTD/xhtml1-transitional.dtd">
<html xmlns="http://www.w3.org/1999/xhtml" xml:lang="en" lang="en">
 <head>
  <title>
</title>
<meta http-equiv="Content-Type" content="text/html;charset=utf-8" />
  <meta name='ocr-system' content='tesseract 3.04.00' />
  <meta name='ocr-capabilities' content='ocr_page ocr_carea ocr_par ocr_line ocrx_word'/>
</head>
<body>
  <div class='ocr_page' id='page_1' title='image "./tractatusdemorb00cavegoog_0237.png"; bbox 0 0 4186 5908; ppageno 0'>
   <div class='ocr_carea' id='block_1_1' title="bbox 480 361 1469 520">
    <p class='ocr_par' dir='ltr' id='par_1_1' title="bbox 480 361 1469 520">
     <span class='ocr_line' id='line_1_1' title="bbox 480 361 1469 520; baseline -0.006 -2"><span class='ocrx_word' id='word_1_1' title='bbox 480 452 568 520; x_wconf 65' lang='grc' dir='ltr'>ω</span> <span class='ocrx_word' id='word_1_2' title='bbox 667 361 670 366; x_wconf 48' lang='grc'><strong>’</strong></span> <span class='ocrx_word' id='word_1_3' title='bbox 937 419 1469 517; x_wconf 80' lang='lat' dir='ltr'>unnouurs</span> 
     </span>
    </p>
   </div>
   <div class='ocr_carea' id='block_1_2' title="bbox 481 582 1928 3632">
    <p class='ocr_par' dir='ltr' id='par_1_2' title="bbox 481 582 1928 3632">
     <span class='ocr_line' id='line_1_2' title="bbox 488 582 1925 710; baseline -0.003 -30"><span class='ocrx_word' id='word_1_4' title='bbox 488 595 605 710; x_wconf 85' lang='lat' dir='ltr'>origo</span> <span class='ocrx_word' id='word_1_5' title='bbox 625 582 709 682; x_wconf 92' lang='lat' dir='ltr'>non</span> <span class='ocrx_word' id='word_1_6' title='bbox 727 595 879 683; x_wconf 88' lang='lat' dir='ltr'>eadem.</span> <span class='ocrx_word' id='word_1_7' title='bbox 906 595 974 678; x_wconf 81' lang='lat' dir='ltr'>Sic</span> <span class='ocrx_word' id='word_1_8' title='bbox 995 597 1102 681; x_wconf 89' lang='lat' dir='ltr'>enim</span> <span class='ocrx_word' id='word_1_9' title='bbox 1126 590 1346 702; x_wconf 79' lang='lat' dir='ltr'>juniorum,</span> <span class='ocrx_word' id='word_1_10' title='bbox 1373 589 1566 710; x_wconf 76' lang='lat' dir='ltr'>praecipui:</span> <span class='ocrx_word' id='word_1_11' title='bbox 1582 589 1679 675; x_wconf 82' lang='lat' dir='ltr'>verb</span> <span class='ocrx_word' id='word_1_12' title='bbox 1699 587 1925 705; x_wconf 84' lang='lat' dir='ltr'><strong>puellarum</strong></span> 
     </span>
     <span class='ocr_line' id='line_1_3' title="bbox 488 701 1928 826; baseline -0.001 -34"><span class='ocrx_word' id='word_1_13' title='bbox 488 713 589 794; x_wconf 88' lang='lat' dir='ltr'>cutis</span> <span class='ocrx_word' id='word_1_14' title='bbox 629 711 856 826; x_wconf 83' lang='lat' dir='ltr'>deturpatur</span> <span class='ocrx_word' id='word_1_15' title='bbox 892 737 942 823; x_wconf 90' lang='lat' dir='ltr'>pa</span> <span class='ocrx_word' id='word_1_16' title='bbox 972 707 1083 815; x_wconf 75' lang='lat' dir='ltr'>ulis3</span> <span class='ocrx_word' id='word_1_17' title='bbox 1114 711 1197 790; x_wconf 86' lang='lat' dir='ltr'>haec</span> <span class='ocrx_word' id='word_1_18' title='bbox 1235 711 1337 792; x_wconf 91' lang='lat' dir='ltr'>inter</span> <span class='ocrx_word' id='word_1_19' title='bbox 1375 706 1544 791; x_wconf 92' lang='lat' dir='ltr'>rotunda</span> <span class='ocrx_word' id='word_1_20' title='bbox 1574 701 1782 789; x_wconf 87' lang='lat' dir='ltr'>tubercula</span> <span class='ocrx_word' id='word_1_21' title='bbox 1820 709 1928 790; x_wconf 89' lang='lat' dir='ltr'>cutis</span> 
     </span>
     <span class='ocr_line' id='line_1_4' title="bbox 486 739 1928 934; baseline -0.002 -29"><span class='ocrx_word' id='word_1_22' title='bbox 486 822 584 908; x_wconf 77' lang='lat' dir='ltr'>sana:</span> <span class='ocrx_word' id='word_1_23' title='bbox 610 822 817 909; x_wconf 90' lang='lat' dir='ltr'>intervalla</span> <span class='ocrx_word' id='word_1_24' title='bbox 842 739 1031 906; x_wconf 64' lang='lat' dir='ltr'>exhidet:</span> <span class='ocrx_word' id='word_1_25' title='bbox 1060 818 1271 929; x_wconf 80' lang='lat' dir='ltr'>aliquando</span> <span class='ocrx_word' id='word_1_26' title='bbox 1301 823 1554 934; x_wconf 86' lang='lat' dir='ltr'>porriguntur</span> <span class='ocrx_word' id='word_1_27' title='bbox 1587 815 1736 931; x_wconf 80' lang='lat' dir='ltr'>papula</span> <span class='ocrx_word' id='word_1_28' title='bbox 1767 822 1810 900; x_wconf 91' lang='lat' dir='ltr'>in</span> <span class='ocrx_word' id='word_1_29' title='bbox 1840 847 1928 902; x_wconf 88' lang='lat' dir='ltr'>ma-</span> 
     </span>
     <span class='ocr_line' id='line_1_5' title="bbox 488 930 1925 1044; baseline -0.001 -26"><span class='ocrx_word' id='word_1_30' title='bbox 488 933 610 1020; x_wconf 88' lang='lat' dir='ltr'>culas.</span> <span class='ocrx_word' id='word_1_31' title='bbox 637 939 718 1022; x_wconf 87' lang='lat' dir='ltr'>Vix</span> <span class='ocrx_word' id='word_1_32' title='bbox 744 933 826 1019; x_wconf 91' lang='lat' dir='ltr'>ulla</span> <span class='ocrx_word' id='word_1_33' title='bbox 849 935 962 1018; x_wconf 88' lang='lat' dir='ltr'>datur</span> <span class='ocrx_word' id='word_1_34' title='bbox 985 937 1085 1020; x_wconf 78' lang='lat' dir='ltr'>astas</span> <span class='ocrx_word' id='word_1_35' title='bbox 1109 932 1324 1017; x_wconf 89' lang='lat' dir='ltr'>ferventior</span> <span class='ocrx_word' id='word_1_36' title='bbox 1348 937 1443 1044; x_wconf 92' lang='lat' dir='ltr'>quin</span> <span class='ocrx_word' id='word_1_37' title='bbox 1463 930 1603 1014; x_wconf 87' lang='lat' dir='ltr'>limiles</span> <span class='ocrx_word' id='word_1_38' title='bbox 1629 933 1864 1015; x_wconf 86' lang='lat' dir='ltr'>exoriantur</span> <span class='ocrx_word' id='word_1_39' title='bbox 1881 935 1925 1017; x_wconf 94' lang='lat' dir='ltr'>in</span> 
     </span>
     <span class='ocr_line' id='line_1_6' title="bbox 490 1040 1926 1160; baseline -0.003 -28"><span class='ocrx_word' id='word_1_40' title='bbox 490 1076 582 1134; x_wconf 90' lang='lat' dir='ltr'>cure</span> <span class='ocrx_word' id='word_1_41' title='bbox 597 1076 772 1134; x_wconf 91' lang='lat' dir='ltr'>tumores</span> <span class='ocrx_word' id='word_1_42' title='bbox 782 1112 796 1152; x_wconf 90' lang='lat'>,</span> <span class='ocrx_word' id='word_1_43' title='bbox 821 1050 891 1158; x_wconf 91' lang='lat' dir='ltr'>qui</span> <span class='ocrx_word' id='word_1_44' title='bbox 911 1045 1257 1130; x_wconf 74' lang='lat' dir='ltr'>nulli&#39;attenrione</span> <span class='ocrx_word' id='word_1_45' title='bbox 1276 1045 1385 1160; x_wconf 83' lang='lat' dir='ltr'>digni</span> <span class='ocrx_word' id='word_1_46' title='bbox 1404 1048 1502 1128; x_wconf 92' lang='lat' dir='ltr'>intra</span> <span class='ocrx_word' id='word_1_47' title='bbox 1522 1073 1670 1159; x_wconf 88' lang='lat' dir='ltr'>paucos</span> <span class='ocrx_word' id='word_1_48' title='bbox 1691 1040 1773 1126; x_wconf 90' lang='lat' dir='ltr'>dies</span> <span class='ocrx_word' id='word_1_49' title='bbox 1794 1045 1926 1128; x_wconf 87' lang='lat' dir='ltr'>sanan·</span> 
     </span>
     <span class='ocr_line' id='line_1_7' title="bbox 489 1152 1926 1276; baseline -0.001 -31"><span class='ocrx_word' id='word_1_50' title='bbox 489 1187 572 1268; x_wconf 90' lang='lat' dir='ltr'>tur,</span> <span class='ocrx_word' id='word_1_51' title='bbox 595 1161 838 1276; x_wconf 89' lang='lat' dir='ltr'>epidermide</span> <span class='ocrx_word' id='word_1_52' title='bbox 854 1164 897 1243; x_wconf 94' lang='lat' dir='ltr'>in</span> <span class='ocrx_word' id='word_1_53' title='bbox 919 1159 1170 1270; x_wconf 86' lang='lat' dir='ltr'>leveuixque</span> <span class='ocrx_word' id='word_1_54' title='bbox 1196 1157 1415 1241; x_wconf 90' lang='lat' dir='ltr'>notandum</span> <span class='ocrx_word' id='word_1_55' title='bbox 1436 1156 1559 1240; x_wconf 88' lang='lat' dir='ltr'>furfur</span> <span class='ocrx_word' id='word_1_56' title='bbox 1574 1152 1755 1239; x_wconf 90' lang='lat' dir='ltr'>abeunte.</span> <span class='ocrx_word' id='word_1_57' title='bbox 1775 1157 1926 1244; x_wconf 79' lang='lat' dir='ltr'>Sensus</span> 
     </span>
     <span class='ocr_line' id='line_1_8' title="bbox 489 1264 1925 1381; baseline 0.001 -25"><span class='ocrx_word' id='word_1_58' title='bbox 489 1277 530 1356; x_wconf 90' lang='lat' dir='ltr'>in</span> <span class='ocrx_word' id='word_1_59' title='bbox 541 1275 623 1378; x_wconf 91' lang='lat' dir='ltr'>his,</span> <span class='ocrx_word' id='word_1_60' title='bbox 636 1299 703 1356; x_wconf 89' lang='lat' dir='ltr'>aut</span> <span class='ocrx_word' id='word_1_61' title='bbox 718 1272 871 1381; x_wconf 90' lang='lat' dir='ltr'>nullus,</span> <span class='ocrx_word' id='word_1_62' title='bbox 892 1299 959 1356; x_wconf 92' lang='lat' dir='ltr'>aut</span> <span class='ocrx_word' id='word_1_63' title='bbox 970 1271 1069 1358; x_wconf 88' lang='lat' dir='ltr'>levis</span> <span class='ocrx_word' id='word_1_64' title='bbox 1084 1269 1321 1379; x_wconf 79' lang='lat' dir='ltr'>admodum,</span> <span class='ocrx_word' id='word_1_65' title='bbox 1338 1280 1380 1354; x_wconf 77' lang='lat' dir='ltr'>dt</span> <span class='ocrx_word' id='word_1_66' title='bbox 1392 1264 1742 1374; x_wconf 82' lang='lat' dir='ltr'>veterascentibus,</span> <span class='ocrx_word' id='word_1_67' title='bbox 1763 1265 1925 1381; x_wconf 86' lang='lat' dir='ltr'>jamque</span> 
     </span>
     <span class='ocr_line' id='line_1_9' title="bbox 488 1380 1924 1499; baseline -0.001 -30"><span class='ocrx_word' id='word_1_68' title='bbox 488 1384 789 1471; x_wconf 85' lang='lat' dir='ltr'>flavescentibus</span> <span class='ocrx_word' id='word_1_69' title='bbox 803 1385 942 1497; x_wconf 89' lang='lat' dir='ltr'>aliquis</span> <span class='ocrx_word' id='word_1_70' title='bbox 953 1383 1127 1499; x_wconf 85' lang='lat' dir='ltr'>jungitur</span> <span class='ocrx_word' id='word_1_71' title='bbox 1138 1386 1320 1498; x_wconf 88' lang='lat' dir='ltr'>pruritus.</span> <span class='ocrx_word' id='word_1_72' title='bbox 1331 1384 1375 1467; x_wconf 89' lang='lat' dir='ltr'>Si</span> <span class='ocrx_word' id='word_1_73' title='bbox 1385 1384 1482 1467; x_wconf 83' lang='lat' dir='ltr'>verb</span> <span class='ocrx_word' id='word_1_74' title='bbox 1495 1380 1624 1486; x_wconf 91' lang='lat' dir='ltr'>causa,</span> <span class='ocrx_word' id='word_1_75' title='bbox 1636 1407 1702 1492; x_wconf 85' lang='lat' dir='ltr'>aut</span> <span class='ocrx_word' id='word_1_76' title='bbox 1713 1381 1924 1492; x_wconf 86' lang='lat' dir='ltr'>increscat,</span> 
     </span>
     <span class='ocr_line' id='line_1_10' title="bbox 488 1491 1924 1614; baseline 0.001 -34"><span class='ocrx_word' id='word_1_77' title='bbox 488 1503 614 1581; x_wconf 91' lang='lat' dir='ltr'>autin</span> <span class='ocrx_word' id='word_1_78' title='bbox 632 1527 759 1614; x_wconf 86' lang='lat' dir='ltr'>partes</span> <span class='ocrx_word' id='word_1_79' title='bbox 777 1497 855 1606; x_wconf 87' lang='lat' dir='ltr'>jam</span> <span class='ocrx_word' id='word_1_80' title='bbox 900 1497 1024 1613; x_wconf 90' lang='lat' dir='ltr'>apulis</span> <span class='ocrx_word' id='word_1_81' title='bbox 1044 1497 1195 1581; x_wconf 87' lang='lat' dir='ltr'>infestas</span> <span class='ocrx_word' id='word_1_82' title='bbox 1213 1523 1376 1609; x_wconf 86' lang='lat' dir='ltr'>pergat,</span> <span class='ocrx_word' id='word_1_83' title='bbox 1397 1493 1504 1579; x_wconf 90' lang='lat' dir='ltr'>abire</span> <span class='ocrx_word' id='word_1_84' title='bbox 1523 1491 1653 1578; x_wconf 88' lang='lat' dir='ltr'>solent</span> <span class='ocrx_word' id='word_1_85' title='bbox 1666 1491 1740 1575; x_wconf 82' lang='lat' dir='ltr'>illae</span> <span class='ocrx_word' id='word_1_86' title='bbox 1755 1497 1795 1576; x_wconf 94' lang='lat' dir='ltr'>in</span> <span class='ocrx_word' id='word_1_87' title='bbox 1810 1522 1924 1582; x_wconf 85' lang='lat' dir='ltr'>ueras</span> 
     </span>
     <span class='ocr_line' id='line_1_11' title="bbox 487 1604 1924 1726; baseline -0.001 -31"><span class='ocrx_word' id='word_1_88' title='bbox 487 1609 733 1726; x_wconf 72' lang='lat' dir='ltr'>phlyiloenas</span> <span class='ocrx_word' id='word_1_89' title='bbox 743 1675 758 1720; x_wconf 90' lang='lat'><em>‚</em></span> <span class='ocrx_word' id='word_1_90' title='bbox 785 1619 828 1697; x_wconf 75' lang='grc' dir='ltr'>δι</span> <span class='ocrx_word' id='word_1_91' title='bbox 871 1637 935 1694; x_wconf 86' lang='lat' dir='ltr'>rne</span> <span class='ocrx_word' id='word_1_92' title='bbox 960 1607 1047 1696; x_wconf 91' lang='lat' dir='ltr'>ullo</span> <span class='ocrx_word' id='word_1_93' title='bbox 1072 1607 1309 1724; x_wconf 84' lang='lat' dir='ltr'>pulsantium</span> <span class='ocrx_word' id='word_1_94' title='bbox 1333 1611 1557 1692; x_wconf 82' lang='lat' dir='ltr'>arteriarum</span> <span class='ocrx_word' id='word_1_95' title='bbox 1584 1604 1693 1689; x_wconf 88' lang='lat' dir='ltr'>sensu</span> <span class='ocrx_word' id='word_1_96' title='bbox 1717 1633 1924 1702; x_wconf 87' lang='lat' dir='ltr'>vertuntur</span> 
     </span>
     <span class='ocr_line' id='line_1_12' title="bbox 486 1718 1922 1839; baseline -0.001 -32"><span class='ocrx_word' id='word_1_97' title='bbox 486 1727 531 1807; x_wconf 90' lang='lat' dir='ltr'>in</span> <span class='ocrx_word' id='word_1_98' title='bbox 564 1724 781 1839; x_wconf 79' lang='lat' dir='ltr'>erysipelas.</span> <span class='ocrx_word' id='word_1_99' title='bbox 818 1729 876 1809; x_wconf 84' lang='lat' dir='ltr'>At</span> <span class='ocrx_word' id='word_1_100' title='bbox 915 1723 1028 1838; x_wconf 69' lang='lat' dir='ltr'>sape</span> <span class='ocrx_word' id='word_1_101' title='bbox 1051 1721 1267 1806; x_wconf 77' lang='lat' dir='ltr'>crescerdo</span> <span class='ocrx_word' id='word_1_102' title='bbox 1303 1718 1402 1804; x_wconf 88' lang='lat' dir='ltr'>nihil</span> <span class='ocrx_word' id='word_1_103' title='bbox 1431 1719 1537 1803; x_wconf 87' lang='lat' dir='ltr'>aliud</span> <span class='ocrx_word' id='word_1_104' title='bbox 1568 1718 1733 1801; x_wconf 89' lang='lat' dir='ltr'>afferunt</span> <span class='ocrx_word' id='word_1_105' title='bbox 1764 1723 1922 1806; x_wconf 86' lang='lat' dir='ltr'>incom-</span> 
     </span>
     <span class='ocr_line' id='line_1_13' title="bbox 487 1832 1922 1948; baseline -0.003 -26"><span class='ocrx_word' id='word_1_106' title='bbox 487 1837 625 1946; x_wconf 90' lang='lat' dir='ltr'>modi,</span> <span class='ocrx_word' id='word_1_107' title='bbox 642 1840 711 1920; x_wconf 81' lang='lat' dir='ltr'>nisi</span> <span class='ocrx_word' id='word_1_108' title='bbox 731 1838 842 1948; x_wconf 93' lang='lat' dir='ltr'>quod</span> <span class='ocrx_word' id='word_1_109' title='bbox 857 1835 1106 1923; x_wconf 89' lang='lat' dir='ltr'>reticularem</span> <span class='ocrx_word' id='word_1_110' title='bbox 1122 1832 1336 1948; x_wconf 84' lang='lat' dir='ltr'>Malpighii</span> <span class='ocrx_word' id='word_1_111' title='bbox 1356 1858 1508 1916; x_wconf 83' lang='lat' dir='ltr'>textum</span> <span class='ocrx_word' id='word_1_112' title='bbox 1554 1834 1678 1915; x_wconf 80' lang='lat' dir='ltr'>enisus</span> <span class='ocrx_word' id='word_1_113' title='bbox 1692 1832 1892 1918; x_wconf 86' lang='lat' dir='ltr'>exficcent</span> <span class='ocrx_word' id='word_1_114' title='bbox 1903 1898 1922 1943; x_wconf 95' lang='lat'>,</span> 
     </span>
     <span class='ocr_line' id='line_1_14' title="bbox 488 1945 1922 2066; baseline -0.001 -32"><span class='ocrx_word' id='word_1_115' title='bbox 488 1951 621 2061; x_wconf 88' lang='lat' dir='ltr'>licque</span> <span class='ocrx_word' id='word_1_116' title='bbox 647 1949 858 2066; x_wconf 89' lang='lat' dir='ltr'>epidermis</span> <span class='ocrx_word' id='word_1_117' title='bbox 885 1953 928 2033; x_wconf 93' lang='lat' dir='ltr'>in</span> <span class='ocrx_word' id='word_1_118' title='bbox 954 1947 1076 2033; x_wconf 91' lang='lat' dir='ltr'>lemas</span> <span class='ocrx_word' id='word_1_119' title='bbox 1103 1947 1243 2052; x_wconf 90' lang='lat' dir='ltr'>abeat,</span> <span class='ocrx_word' id='word_1_120' title='bbox 1269 1945 1482 2055; x_wconf 91' lang='lat' dir='ltr'>duriorque</span> <span class='ocrx_word' id='word_1_121' title='bbox 1543 1971 1625 2027; x_wconf 90' lang='lat' dir='ltr'>tera</span> <span class='ocrx_word' id='word_1_122' title='bbox 1648 1945 1851 2030; x_wconf 82' lang='lat' dir='ltr'>enascatur</span> <span class='ocrx_word' id='word_1_123' title='bbox 1880 1958 1922 2032; x_wconf 74' lang='lat' dir='ltr'>&amp;r</span> 
     </span>
     <span class='ocr_line' id='line_1_15' title="bbox 486 2057 1923 2172; baseline -0.001 -25"><span class='ocrx_word' id='word_1_124' title='bbox 486 2065 613 2148; x_wconf 89' lang='lat' dir='ltr'>veteri</span> <span class='ocrx_word' id='word_1_125' title='bbox 632 2066 806 2148; x_wconf 86' lang='lat' dir='ltr'>tenuiori</span> <span class='ocrx_word' id='word_1_126' title='bbox 824 2064 960 2148; x_wconf 91' lang='lat' dir='ltr'>durior</span> <span class='ocrx_word' id='word_1_127' title='bbox 976 2060 1097 2146; x_wconf 87' lang='lat' dir='ltr'>altera</span> <span class='ocrx_word' id='word_1_128' title='bbox 1116 2057 1313 2144; x_wconf 88' lang='lat' dir='ltr'>succedat.</span> <span class='ocrx_word' id='word_1_129' title='bbox 1339 2059 1388 2142; x_wconf 90' lang='lat' dir='ltr'>ld</span> <span class='ocrx_word' id='word_1_130' title='bbox 1410 2059 1611 2172; x_wconf 79' lang='lat' dir='ltr'>Europaeis</span> <span class='ocrx_word' id='word_1_131' title='bbox 1633 2057 1714 2140; x_wconf 74' lang='lat' dir='ltr'>fere</span> <span class='ocrx_word' id='word_1_132' title='bbox 1737 2059 1923 2146; x_wconf 90' lang='lat' dir='ltr'>omnibus</span> 
     </span>
     <span class='ocr_line' id='line_1_16' title="bbox 486 2169 1917 2289; baseline -0.001 -31"><span class='ocrx_word' id='word_1_133' title='bbox 486 2177 530 2258; x_wconf 87' lang='lat' dir='ltr'>in</span> <span class='ocrx_word' id='word_1_134' title='bbox 551 2175 725 2264; x_wconf 80' lang='lat' dir='ltr'>astuosas</span> <span class='ocrx_word' id='word_1_135' title='bbox 745 2176 875 2261; x_wconf 89' lang='lat' dir='ltr'>Indias</span> <span class='ocrx_word' id='word_1_136' title='bbox 898 2170 1196 2289; x_wconf 82' lang='lat' dir='ltr'>navigantibus,</span> <span class='ocrx_word' id='word_1_137' title='bbox 1222 2174 1368 2254; x_wconf 91' lang='lat' dir='ltr'>nonin</span> <span class='ocrx_word' id='word_1_138' title='bbox 1390 2198 1477 2254; x_wconf 91' lang='lat' dir='ltr'>aere</span> <span class='ocrx_word' id='word_1_139' title='bbox 1500 2169 1655 2252; x_wconf 88' lang='lat' dir='ltr'>Oceani</span> <span class='ocrx_word' id='word_1_140' title='bbox 1679 2172 1917 2282; x_wconf 89' lang='lat' dir='ltr'>humidiori,</span> 
     </span>
     <span class='ocr_line' id='line_1_17' title="bbox 488 2283 1920 2402; baseline -0.001 -32"><span class='ocrx_word' id='word_1_141' title='bbox 488 2285 558 2373; x_wconf 82' lang='lat' dir='ltr'>sed</span> <span class='ocrx_word' id='word_1_142' title='bbox 570 2283 639 2374; x_wconf 93' lang='lat' dir='ltr'>ubi</span> <span class='ocrx_word' id='word_1_143' title='bbox 652 2294 803 2402; x_wconf 88' lang='lat' dir='ltr'>arentes</span> <span class='ocrx_word' id='word_1_144' title='bbox 816 2286 901 2398; x_wconf 90' lang='lat' dir='ltr'>sole</span> <span class='ocrx_word' id='word_1_145' title='bbox 915 2285 1064 2372; x_wconf 67' lang='lat' dir='ltr'>directo</span> <span class='ocrx_word' id='word_1_146' title='bbox 1080 2293 1121 2370; x_wconf 73' lang='lat' dir='ltr'>dt</span> <span class='ocrx_word' id='word_1_147' title='bbox 1137 2283 1390 2400; x_wconf 71' lang='lat' dir='ltr'>impendente</span> <span class='ocrx_word' id='word_1_148' title='bbox 1405 2309 1523 2366; x_wconf 87' lang='lat' dir='ltr'>terras</span> <span class='ocrx_word' id='word_1_149' title='bbox 1537 2285 1759 2394; x_wconf 86' lang='lat' dir='ltr'>attigerint,</span> <span class='ocrx_word' id='word_1_150' title='bbox 1775 2291 1920 2374; x_wconf 89' lang='lat' dir='ltr'>evenit.</span> 
     </span>
     <span class='ocr_line' id='line_1_18' title="bbox 489 2393 1918 2514; baseline -0.002 -25"><span class='ocrx_word' id='word_1_151' title='bbox 489 2397 620 2514; x_wconf 83' lang='lat' dir='ltr'>Quod</span> <span class='ocrx_word' id='word_1_152' title='bbox 644 2401 753 2488; x_wconf 71' lang='lat' dir='ltr'>certe</span> <span class='ocrx_word' id='word_1_153' title='bbox 778 2427 828 2487; x_wconf 83' lang='lat' dir='ltr'>ex</span> <span class='ocrx_word' id='word_1_154' title='bbox 852 2405 899 2486; x_wconf 88' lang='lat' dir='ltr'>iis</span> <span class='ocrx_word' id='word_1_155' title='bbox 923 2432 1006 2513; x_wconf 84' lang='lat' dir='ltr'>quae</span> <span class='ocrx_word' id='word_1_156' title='bbox 1028 2399 1119 2484; x_wconf 88' lang='lat' dir='ltr'>illos</span> <span class='ocrx_word' id='word_1_157' title='bbox 1140 2394 1576 2482; x_wconf 82' lang='lat' dir='ltr'>manent&#39;incommoda</span> <span class='ocrx_word' id='word_1_158' title='bbox 1595 2393 1829 2480; x_wconf 85' lang='lat' dir='ltr'>leviffimum</span> <span class='ocrx_word' id='word_1_159' title='bbox 1855 2403 1918 2486; x_wconf 87' lang='lat' dir='ltr'>est.</span> 
     </span>
     <span class='ocr_line' id='line_1_19' title="bbox 492 2508 1917 2632; baseline -0.002 -35"><span class='ocrx_word' id='word_1_160' title='bbox 492 2511 496 2524; x_wconf 83' lang='lat'>&#39;</span> <span class='ocrx_word' id='word_1_161' title='bbox 544 2511 710 2632; x_wconf 85' lang='lat' dir='ltr'>Papulas</span> <span class='ocrx_word' id='word_1_162' title='bbox 729 2519 871 2632; x_wconf 86' lang='lat' dir='ltr'>pariter</span> <span class='ocrx_word' id='word_1_163' title='bbox 886 2511 994 2600; x_wconf 81' lang='lat' dir='ltr'>leues</span> <span class='ocrx_word' id='word_1_164' title='bbox 1015 2523 1056 2598; x_wconf 66' lang='grc' dir='ltr'>ὃ(</span> <span class='ocrx_word' id='word_1_165' title='bbox 1073 2511 1283 2624; x_wconf 78' lang='lat' dir='ltr'>aliquando</span> <span class='ocrx_word' id='word_1_166' title='bbox 1298 2508 1447 2593; x_wconf 74' lang='lat' dir='ltr'>summe</span> <span class='ocrx_word' id='word_1_167' title='bbox 1460 2511 1674 2624; x_wconf 88' lang='lat' dir='ltr'>prurientes</span> <span class='ocrx_word' id='word_1_168' title='bbox 1688 2537 1917 2622; x_wconf 85' lang='lat' dir='ltr'>erucarum,</span> 
     </span>
     <span class='ocr_line' id='line_1_20' title="bbox 488 2620 1920 2742; baseline -0.001 -30"><span class='ocrx_word' id='word_1_169' title='bbox 488 2625 741 2742; x_wconf 89' lang='lat' dir='ltr'>aliorumque</span> <span class='ocrx_word' id='word_1_170' title='bbox 752 2628 1156 2713; x_wconf 72' lang='lat' dir='ltr'>inseilorumacriunr</span> <span class='ocrx_word' id='word_1_171' title='bbox 1168 2621 1375 2708; x_wconf 90' lang='lat' dir='ltr'>decubitus</span> <span class='ocrx_word' id='word_1_172' title='bbox 1391 2627 1431 2704; x_wconf 92' lang='lat' dir='ltr'>in</span> <span class='ocrx_word' id='word_1_173' title='bbox 1445 2649 1537 2706; x_wconf 90' lang='lat' dir='ltr'>cure</span> <span class='ocrx_word' id='word_1_174' title='bbox 1550 2620 1681 2705; x_wconf 72' lang='lat' dir='ltr'>teneri</span> <span class='ocrx_word' id='word_1_175' title='bbox 1699 2621 1920 2735; x_wconf 85' lang='lat' dir='ltr'>puellarum</span> 
     </span>
     <span class='ocr_line' id='line_1_21' title="bbox 486 2736 1920 2852; baseline -0.003 -26"><span class='ocrx_word' id='word_1_176' title='bbox 486 2743 609 2848; x_wconf 85' lang='lat' dir='ltr'>fecit,</span> <span class='ocrx_word' id='word_1_177' title='bbox 630 2769 706 2827; x_wconf 91' lang='lat' dir='ltr'>nec</span> <span class='ocrx_word' id='word_1_178' title='bbox 754 2742 880 2827; x_wconf 84' lang='lat' dir='ltr'>olium</span> <span class='ocrx_word' id='word_1_179' title='bbox 899 2739 1078 2825; x_wconf 85' lang='lat' dir='ltr'>dubitare</span> <span class='ocrx_word' id='word_1_180' title='bbox 1100 2742 1196 2850; x_wconf 92' lang='lat' dir='ltr'>quin</span> <span class='ocrx_word' id='word_1_181' title='bbox 1216 2737 1297 2852; x_wconf 90' lang='lat' dir='ltr'>ipse</span> <span class='ocrx_word' id='word_1_182' title='bbox 1320 2736 1487 2819; x_wconf 89' lang='lat' dir='ltr'>viderim</span> <span class='ocrx_word' id='word_1_183' title='bbox 1510 2737 1680 2817; x_wconf 88' lang='lat' dir='ltr'>inflatam</span> <span class='ocrx_word' id='word_1_184' title='bbox 1703 2738 1742 2818; x_wconf 91' lang='lat' dir='ltr'>in</span> <span class='ocrx_word' id='word_1_185' title='bbox 1762 2737 1920 2820; x_wconf 87' lang='lat' dir='ltr'>nitidis-</span> 
     </span>
     <span class='ocr_line' id='line_1_22' title="bbox 486 2773 1919 2972; baseline -0.003 -32"><span class='ocrx_word' id='word_1_186' title='bbox 486 2853 581 2940; x_wconf 71' lang='lat' dir='ltr'>simi</span> <span class='ocrx_word' id='word_1_187' title='bbox 606 2773 751 2972; x_wconf 51' lang='lat' dir='ltr'>puelli)</span> <span class='ocrx_word' id='word_1_188' title='bbox 769 2881 981 2937; x_wconf 91' lang='lat' dir='ltr'>mammam</span> <span class='ocrx_word' id='word_1_189' title='bbox 1011 2852 1142 2967; x_wconf 87' lang='lat' dir='ltr'>plures</span> <span class='ocrx_word' id='word_1_190' title='bbox 1171 2879 1242 2965; x_wconf 91' lang='lat' dir='ltr'>per</span> <span class='ocrx_word' id='word_1_191' title='bbox 1268 2849 1350 2964; x_wconf 83' lang='lat' dir='ltr'>dies</span> <span class='ocrx_word' id='word_1_192' title='bbox 1379 2853 1418 2930; x_wconf 91' lang='lat' dir='ltr'>in</span> <span class='ocrx_word' id='word_1_193' title='bbox 1448 2845 1677 2958; x_wconf 71' lang='lat' dir='ltr'>quisedenr</span> <span class='ocrx_word' id='word_1_194' title='bbox 1705 2847 1919 2935; x_wconf 82' lang='lat' dir='ltr'>fixerat&amp;</span> 
     </span>
     <span class='ocr_line' id='line_1_23' title="bbox 487 2959 1918 3078; baseline -0.003 -28"><span class='ocrx_word' id='word_1_195' title='bbox 487 2992 607 3078; x_wconf 88' lang='lat' dir='ltr'>quam</span> <span class='ocrx_word' id='word_1_196' title='bbox 620 2967 701 3052; x_wconf 84' lang='lat' dir='ltr'>acri</span> <span class='ocrx_word' id='word_1_197' title='bbox 714 2965 1031 3050; x_wconf 87' lang='lat' dir='ltr'>viscoinfecerat</span> <span class='ocrx_word' id='word_1_198' title='bbox 1042 2961 1317 3074; x_wconf 83' lang='lat' dir='ltr'>erucalllulta</span> <span class='ocrx_word' id='word_1_199' title='bbox 1329 2963 1416 3044; x_wconf 90' lang='lat' dir='ltr'>sunt</span> <span class='ocrx_word' id='word_1_200' title='bbox 1427 2959 1657 3044; x_wconf 70' lang='lat' dir='ltr'>insedomnr</span> <span class='ocrx_word' id='word_1_201' title='bbox 1672 2986 1816 3072; x_wconf 85' lang='lat' dir='ltr'>genera</span> <span class='ocrx_word' id='word_1_202' title='bbox 1829 2992 1918 3072; x_wconf 86' lang='lat' dir='ltr'>quae</span> 
     </span>
     <span class='ocr_line' id='line_1_24' title="bbox 485 3071 1918 3191; baseline -0.003 -29"><span class='ocrx_word' id='word_1_203' title='bbox 485 3078 595 3162; x_wconf 88' lang='lat' dir='ltr'>idem</span> <span class='ocrx_word' id='word_1_204' title='bbox 627 3077 838 3182; x_wconf 85' lang='lat' dir='ltr'>efficium,</span> <span class='ocrx_word' id='word_1_205' title='bbox 865 3081 1061 3191; x_wconf 74' lang='lat' dir='ltr'>precipue</span> <span class='ocrx_word' id='word_1_206' title='bbox 1086 3077 1188 3191; x_wconf 91' lang='lat' dir='ltr'>apud</span> <span class='ocrx_word' id='word_1_207' title='bbox 1212 3077 1499 3180; x_wconf 66' lang='lat' dir='ltr'>aurasicanos,</span> <span class='ocrx_word' id='word_1_208' title='bbox 1527 3075 1610 3155; x_wconf 76' lang='lat' dir='ltr'>imi)</span> <span class='ocrx_word' id='word_1_209' title='bbox 1636 3071 1785 3156; x_wconf 85' lang='lat' dir='ltr'>morsus</span> <span class='ocrx_word' id='word_1_210' title='bbox 1813 3075 1918 3159; x_wconf 84' lang='lat' dir='ltr'>culi-</span> 
     </span>
     <span class='ocr_line' id='line_1_25' title="bbox 485 3184 1916 3302; baseline -0.001 -28"><span class='ocrx_word' id='word_1_211' title='bbox 485 3218 582 3274; x_wconf 93' lang='lat' dir='ltr'>cum</span> <span class='ocrx_word' id='word_1_212' title='bbox 599 3189 704 3302; x_wconf 91' lang='lat' dir='ltr'>apud</span> <span class='ocrx_word' id='word_1_213' title='bbox 717 3209 790 3272; x_wconf 80' lang='lat' dir='ltr'>n&#39;os</span> <span class='ocrx_word' id='word_1_214' title='bbox 809 3185 970 3302; x_wconf 90' lang='lat' dir='ltr'>papulas</span> <span class='ocrx_word' id='word_1_215' title='bbox 987 3186 1106 3272; x_wconf 88' lang='lat' dir='ltr'>elatas</span> <span class='ocrx_word' id='word_1_216' title='bbox 1125 3187 1275 3272; x_wconf 73' lang='lat' dir='ltr'>summe</span> <span class='ocrx_word' id='word_1_217' title='bbox 1316 3186 1649 3294; x_wconf 89' lang='lat' dir='ltr'>rurientesefficit.</span> <span class='ocrx_word' id='word_1_218' title='bbox 1668 3184 1781 3269; x_wconf 90' lang='lat' dir='ltr'>Idem</span> <span class='ocrx_word' id='word_1_219' title='bbox 1797 3215 1916 3301; x_wconf 88' lang='lat' dir='ltr'>apes,</span> 
     </span>
     <span class='ocr_line' id='line_1_26' title="bbox 484 3219 1918 3414; baseline -0.001 -27"><span class='ocrx_word' id='word_1_220' title='bbox 484 3302 596 3386; x_wconf 87' lang='lat' dir='ltr'>idem</span> <span class='ocrx_word' id='word_1_221' title='bbox 619 3299 722 3414; x_wconf 90' lang='lat' dir='ltr'>apud</span> <span class='ocrx_word' id='word_1_222' title='bbox 739 3300 1001 3384; x_wconf 85' lang='lat' dir='ltr'>Americanos</span> <span class='ocrx_word' id='word_1_223' title='bbox 1022 3305 1126 3384; x_wconf 90' lang='lat' dir='ltr'>varia</span> <span class='ocrx_word' id='word_1_224' title='bbox 1147 3300 1216 3386; x_wconf 92' lang='lat' dir='ltr'>illa</span> <span class='ocrx_word' id='word_1_225' title='bbox 1238 3219 1473 3385; x_wconf 68' lang='lat' dir='ltr'>inidtlorum</span> <span class='ocrx_word' id='word_1_226' title='bbox 1495 3327 1659 3412; x_wconf 86' lang='lat' dir='ltr'>genera,</span> <span class='ocrx_word' id='word_1_227' title='bbox 1678 3329 1762 3409; x_wconf 83' lang='lat' dir='ltr'>quae</span> <span class='ocrx_word' id='word_1_228' title='bbox 1779 3306 1918 3385; x_wconf 83' lang='lat' dir='ltr'>marin·</span> 
     </span>
     <span class='ocr_line' id='line_1_27' title="bbox 481 3409 1915 3606; baseline 0.001 -108"><span class='ocrx_word' id='word_1_229' title='bbox 481 3413 622 3532; x_wconf 82' lang='lat' dir='ltr'>guoins</span> <span class='ocrx_word' id='word_1_230' title='bbox 640 3429 837 3495; x_wconf 85' lang='lat' dir='ltr'>uocantur</span> <span class='ocrx_word' id='word_1_231' title='bbox 848 3473 861 3520; x_wconf 88' lang='lat'>,</span> <span class='ocrx_word' id='word_1_232' title='bbox 889 3440 973 3496; x_wconf 90' lang='lat' dir='ltr'>non</span> <span class='ocrx_word' id='word_1_233' title='bbox 997 3417 1126 3606; x_wconf 83' lang='lat' dir='ltr'>pueris</span> <span class='ocrx_word' id='word_1_234' title='bbox 1137 3476 1153 3521; x_wconf 95' lang='lat'>,</span> <span class='ocrx_word' id='word_1_235' title='bbox 1180 3441 1247 3498; x_wconf 91' lang='lat' dir='ltr'>aut</span> <span class='ocrx_word' id='word_1_236' title='bbox 1265 3414 1393 3496; x_wconf 86' lang='lat' dir='ltr'>nitidat</span> <span class='ocrx_word' id='word_1_237' title='bbox 1417 3417 1498 3498; x_wconf 90' lang='lat' dir='ltr'>cuti</span> <span class='ocrx_word' id='word_1_238' title='bbox 1516 3413 1711 3525; x_wconf 85' lang='lat' dir='ltr'>virginum</span> <span class='ocrx_word' id='word_1_239' title='bbox 1731 3409 1833 3520; x_wconf 78' lang='lat' dir='ltr'>soli,</span> <span class='ocrx_word' id='word_1_240' title='bbox 1846 3414 1915 3500; x_wconf 86' lang='lat' dir='ltr'>sed</span> 
     </span>
     <span class='ocr_line' id='line_1_28' title="bbox 487 3521 1917 3632; baseline 0.003 -24"><span class='ocrx_word' id='word_1_241' title='bbox 487 3528 607 3608; x_wconf 92' lang='lat' dir='ltr'>etiam</span> <span class='ocrx_word' id='word_1_242' title='bbox 627 3521 791 3605; x_wconf 87' lang='lat' dir='ltr'>fortium</span> <span class='ocrx_word' id='word_1_243' title='bbox 813 3527 990 3607; x_wconf 87' lang='lat' dir='ltr'>uirorum</span> <span class='ocrx_word' id='word_1_244' title='bbox 1020 3529 1158 3610; x_wconf 88' lang='lat' dir='ltr'>acerris</span> <span class='ocrx_word' id='word_1_245' title='bbox 1173 3528 1332 3632; x_wconf 82' lang='lat' dir='ltr'>infesta,</span> <span class='ocrx_word' id='word_1_246' title='bbox 1354 3526 1458 3609; x_wconf 75' lang='lat' dir='ltr'>unde</span> <span class='ocrx_word' id='word_1_247' title='bbox 1479 3555 1567 3615; x_wconf 87' lang='lat' dir='ltr'>mos</span> <span class='ocrx_word' id='word_1_248' title='bbox 1582 3523 1658 3608; x_wconf 91' lang='lat' dir='ltr'>illis</span> <span class='ocrx_word' id='word_1_249' title='bbox 1670 3525 1854 3611; x_wconf 72' lang='lat' dir='ltr'>deductus</span> <span class='ocrx_word' id='word_1_250' title='bbox 1869 3553 1917 3613; x_wconf 83' lang='lat' dir='ltr'>ut</span> 
     </span>
    </p>
   </div>
   <div class='ocr_carea' id='block_1_3' title="bbox 486 3625 1914 3833">
    <p class='ocr_par' dir='ltr' id='par_1_3' title="bbox 486 3625 1914 3833">
     <span class='ocr_line' id='line_1_29' title="bbox 486 3625 1914 3833; baseline 0.003 -113"><span class='ocrx_word' id='word_1_251' title='bbox 486 3625 648 3724; x_wconf 86' lang='lat' dir='ltr'>vernice</span> <span class='ocrx_word' id='word_1_252' title='bbox 664 3633 745 3718; x_wconf 88' lang='lat' dir='ltr'>sese</span> <span class='ocrx_word' id='word_1_253' title='bbox 765 3627 962 3721; x_wconf 85' lang='lat' dir='ltr'>obdurent</span> <span class='ocrx_word' id='word_1_254' title='bbox 982 3645 1024 3721; x_wconf 75' lang='grc' dir='ltr'>ὅ(</span> <span class='ocrx_word' id='word_1_255' title='bbox 1047 3625 1150 3833; x_wconf 68' lang='lat' dir='ltr'>pnasr</span> <span class='ocrx_word' id='word_1_256' title='bbox 1173 3640 1394 3724; x_wconf 89' lang='lat' dir='ltr'>incrustent.</span> <span class='ocrx_word' id='word_1_257' title='bbox 1418 3637 1694 3723; x_wconf 85' lang='lat' dir='ltr'>His&#39;omnibus</span> <span class='ocrx_word' id='word_1_258' title='bbox 1713 3665 1914 3724; x_wconf 92' lang='lat' dir='ltr'>tumorum</span> 
     </span>
    </p>
   </div>
   <div class='ocr_carea' id='block_1_4' title="bbox 309 3744 1913 4998">
    <p class='ocr_par' dir='ltr' id='par_1_4' title="bbox 309 3744 1913 4998">
     <span class='ocr_line' id='line_1_30' title="bbox 486 3744 1046 3859; baseline 0.007 -30"><span class='ocrx_word' id='word_1_259' title='bbox 486 3744 696 3859; x_wconf 87' lang='lat' dir='ltr'>generibus</span> <span class='ocrx_word' id='word_1_260' title='bbox 726 3745 949 3859; x_wconf 83' lang='lat' dir='ltr'>suppuratio</span> <span class='ocrx_word' id='word_1_261' title='bbox 977 3747 1046 3832; x_wconf 91' lang='lat' dir='ltr'>nul</span> 
     </span>
     <span class='ocr_line' id='line_1_31' title="bbox 483 3857 1463 3944; baseline 0.003 -1"><span class='ocrx_word' id='word_1_262' title='bbox 483 3857 609 3944; x_wconf 85' lang='lat' dir='ltr'>affert.</span> <span class='ocrx_word' id='word_1_263' title='bbox 1445 3917 1463 3928; x_wconf 69' lang='lat'>=-</span> 
     </span>
     <span class='ocr_line' id='line_1_32' title="bbox 521 3971 1912 4091; baseline 0.004 -35"><span class='ocrx_word' id='word_1_264' title='bbox 521 3971 671 4060; x_wconf 84' lang='lat' dir='ltr'>Verirm</span> <span class='ocrx_word' id='word_1_265' title='bbox 684 3975 802 4060; x_wconf 82' lang='lat' dir='ltr'>etiam</span> <span class='ocrx_word' id='word_1_266' title='bbox 812 3973 860 4060; x_wconf 92' lang='lat' dir='ltr'>ad</span> <span class='ocrx_word' id='word_1_267' title='bbox 873 3974 980 4060; x_wconf 85' lang='lat' dir='ltr'>leves</span> <span class='ocrx_word' id='word_1_268' title='bbox 994 3976 1152 4091; x_wconf 89' lang='lat' dir='ltr'>papulas</span> <span class='ocrx_word' id='word_1_269' title='bbox 1162 3979 1388 4064; x_wconf 84' lang='lat' dir='ltr'>excitandas</span> <span class='ocrx_word' id='word_1_270' title='bbox 1398 3978 1511 4063; x_wconf 84' lang='lat' dir='ltr'>causa</span> <span class='ocrx_word' id='word_1_271' title='bbox 1523 3981 1635 4064; x_wconf 90' lang='lat' dir='ltr'>datur</span> <span class='ocrx_word' id='word_1_272' title='bbox 1647 3979 1821 4065; x_wconf 91' lang='lat' dir='ltr'>interior.</span> <span class='ocrx_word' id='word_1_273' title='bbox 1835 3977 1912 4062; x_wconf 80' lang='lat' dir='ltr'>Pri·</span> 
     </span>
     <span class='ocr_line' id='line_1_33' title="bbox 482 4088 1911 4206; baseline 0.005 -38"><span class='ocrx_word' id='word_1_274' title='bbox 482 4091 604 4197; x_wconf 76' lang='lat' dir='ltr'>maria</span> <span class='ocrx_word' id='word_1_275' title='bbox 619 4117 667 4175; x_wconf 89' lang='lat' dir='ltr'>ea</span> <span class='ocrx_word' id='word_1_276' title='bbox 686 4089 739 4173; x_wconf 82' lang='lat' dir='ltr'>eil</span> <span class='ocrx_word' id='word_1_277' title='bbox 759 4119 842 4201; x_wconf 82' lang='lat' dir='ltr'>quae</span> <span class='ocrx_word' id='word_1_278' title='bbox 857 4088 987 4174; x_wconf 75' lang='lat' dir='ltr'>subito</span> <span class='ocrx_word' id='word_1_279' title='bbox 1004 4091 1153 4173; x_wconf 92' lang='lat' dir='ltr'>invadit</span> <span class='ocrx_word' id='word_1_280' title='bbox 1175 4100 1215 4176; x_wconf 77' lang='grc' dir='ltr'>ὅ(</span> <span class='ocrx_word' id='word_1_281' title='bbox 1227 4117 1296 4206; x_wconf 89' lang='lat' dir='ltr'>per</span> <span class='ocrx_word' id='word_1_282' title='bbox 1309 4091 1619 4177; x_wconf 87' lang='lat' dir='ltr'>inextricabilem</span> <span class='ocrx_word' id='word_1_283' title='bbox 1632 4093 1911 4205; x_wconf 88' lang='lat' dir='ltr'>sympatheiam</span> 
     </span>
     <span class='ocr_line' id='line_1_34' title="bbox 482 4199 1910 4318; baseline 0.005 -36"><span class='ocrx_word' id='word_1_284' title='bbox 482 4199 619 4284; x_wconf 90' lang='lat' dir='ltr'>oritur.</span> <span class='ocrx_word' id='word_1_285' title='bbox 639 4199 816 4288; x_wconf 88' lang='lat' dir='ltr'>Arillam</span> <span class='ocrx_word' id='word_1_286' title='bbox 833 4202 1060 4315; x_wconf 89' lang='lat' dir='ltr'>quotidiana</span> <span class='ocrx_word' id='word_1_287' title='bbox 1080 4204 1317 4318; x_wconf 85' lang='lat' dir='ltr'>comprobat</span> <span class='ocrx_word' id='word_1_288' title='bbox 1336 4201 1570 4291; x_wconf 87' lang='lat' dir='ltr'>observatio.</span> <span class='ocrx_word' id='word_1_289' title='bbox 1599 4203 1708 4318; x_wconf 73' lang='lat' dir='ltr'>Saepe</span> <span class='ocrx_word' id='word_1_290' title='bbox 1727 4203 1910 4316; x_wconf 88' lang='lat' dir='ltr'>mytulis,</span> 
     </span>
     <span class='ocr_line' id='line_1_35' title="bbox 481 4310 1912 4433; baseline 0.004 -37"><span class='ocrx_word' id='word_1_291' title='bbox 481 4314 638 4423; x_wconf 80' lang='lat' dir='ltr'>ostreis,</span> <span class='ocrx_word' id='word_1_292' title='bbox 661 4310 821 4427; x_wconf 88' lang='lat' dir='ltr'>aliisque</span> <span class='ocrx_word' id='word_1_293' title='bbox 842 4319 1000 4402; x_wconf 90' lang='lat' dir='ltr'>marinis</span> <span class='ocrx_word' id='word_1_294' title='bbox 1022 4312 1224 4402; x_wconf 82' lang='lat' dir='ltr'>crustaceis</span> <span class='ocrx_word' id='word_1_295' title='bbox 1250 4318 1533 4433; x_wconf 78' lang='lat' dir='ltr'>imprudentius</span> <span class='ocrx_word' id='word_1_296' title='bbox 1552 4319 1754 4426; x_wconf 83' lang='lat' dir='ltr'>comestis,</span> <span class='ocrx_word' id='word_1_297' title='bbox 1774 4314 1912 4427; x_wconf 80' lang='lat' dir='ltr'>subito</span> 
     </span>
     <span class='ocr_line' id='line_1_36' title="bbox 478 4427 1913 4547; baseline 0.001 -33"><span class='ocrx_word' id='word_1_298' title='bbox 478 4453 564 4514; x_wconf 89' lang='lat' dir='ltr'>non</span> <span class='ocrx_word' id='word_1_299' title='bbox 594 4427 673 4512; x_wconf 86' lang='lat' dir='ltr'>srne</span> <span class='ocrx_word' id='word_1_300' title='bbox 704 4433 855 4545; x_wconf 64' lang='lat' dir='ltr'>pruritu</span> <span class='ocrx_word' id='word_1_301' title='bbox 886 4456 1004 4541; x_wconf 87' lang='lat' dir='ltr'>atque</span> <span class='ocrx_word' id='word_1_302' title='bbox 1037 4429 1173 4516; x_wconf 87' lang='lat' dir='ltr'>calore</span> <span class='ocrx_word' id='word_1_303' title='bbox 1203 4459 1273 4547; x_wconf 90' lang='lat' dir='ltr'>per</span> <span class='ocrx_word' id='word_1_304' title='bbox 1306 4460 1438 4518; x_wconf 87' lang='lat' dir='ltr'>torum</span> <span class='ocrx_word' id='word_1_305' title='bbox 1471 4463 1522 4517; x_wconf 86' lang='lat' dir='ltr'>co</span> <span class='ocrx_word' id='word_1_306' title='bbox 1569 4463 1614 4516; x_wconf 89' lang='lat' dir='ltr'>us</span> <span class='ocrx_word' id='word_1_307' title='bbox 1645 4427 1793 4547; x_wconf 84' lang='lat' dir='ltr'>papula</span> <span class='ocrx_word' id='word_1_308' title='bbox 1825 4429 1913 4516; x_wconf 73' lang='lat' dir='ltr'>lata</span> 
     </span>
     <span class='ocr_line' id='line_1_37' title="bbox 309 4534 1912 4674; baseline 0.001 -47"><span class='ocrx_word' id='word_1_309' title='bbox 309 4559 333 4604; x_wconf 80' lang='lat'><em>⁰</em></span> <span class='ocrx_word' id='word_1_310' title='bbox 477 4534 606 4627; x_wconf 78' lang='lat' dir='ltr'>rubea</span> <span class='ocrx_word' id='word_1_311' title='bbox 632 4552 864 4674; x_wconf 67' lang='lat' dir='ltr'>erumpunt:</span> <span class='ocrx_word' id='word_1_312' title='bbox 888 4541 1096 4655; x_wconf 87' lang='lat' dir='ltr'>Simulque</span> <span class='ocrx_word' id='word_1_313' title='bbox 1124 4553 1166 4629; x_wconf 76' lang='lat' dir='ltr'>dt</span> <span class='ocrx_word' id='word_1_314' title='bbox 1191 4544 1285 4662; x_wconf 85' lang='lat' dir='ltr'>gula</span> <span class='ocrx_word' id='word_1_315' title='bbox 1304 4549 1429 4630; x_wconf 88' lang='lat' dir='ltr'>inflari</span> <span class='ocrx_word' id='word_1_316' title='bbox 1454 4545 1495 4630; x_wconf 74' lang='lat' dir='ltr'>&#39;ot</span> <span class='ocrx_word' id='word_1_317' title='bbox 1519 4547 1649 4654; x_wconf 89' lang='lat' dir='ltr'>a&#39;qua</span> <span class='ocrx_word' id='word_1_318' title='bbox 1665 4543 1770 4629; x_wconf 83' lang='lat' dir='ltr'>ruffis</span> <span class='ocrx_word' id='word_1_319' title='bbox 1790 4572 1912 4628; x_wconf 85' lang='lat' dir='ltr'>exur-</span> 
     </span>
     <span class='ocr_line' id='line_1_38' title="bbox 504 4648 1910 4773; baseline 0.003 -35"><span class='ocrx_word' id='word_1_320' title='bbox 504 4675 583 4738; x_wconf 89' lang='lat' dir='ltr'>ere.</span> <span class='ocrx_word' id='word_1_321' title='bbox 614 4648 713 4736; x_wconf 82' lang='lat' dir='ltr'>Haec</span> <span class='ocrx_word' id='word_1_322' title='bbox 739 4681 838 4740; x_wconf 89' lang='lat' dir='ltr'>rntra</span> <span class='ocrx_word' id='word_1_323' title='bbox 859 4651 978 4739; x_wconf 89' lang='lat' dir='ltr'>breve</span> <span class='ocrx_word' id='word_1_324' title='bbox 1003 4659 1189 4742; x_wconf 88' lang='lat' dir='ltr'>horarum</span> <span class='ocrx_word' id='word_1_325' title='bbox 1215 4660 1379 4772; x_wconf 91' lang='lat' dir='ltr'>spatium</span> <span class='ocrx_word' id='word_1_326' title='bbox 1407 4684 1643 4773; x_wconf 88' lang='lat' dir='ltr'>peraguntur</span> <span class='ocrx_word' id='word_1_327' title='bbox 1665 4689 1678 4758; x_wconf 82' lang='lat'><em>3</em></span> <span class='ocrx_word' id='word_1_328' title='bbox 1705 4655 1910 4771; x_wconf 76' lang='lat' dir='ltr'>vulgoque</span> 
     </span>
     <span class='ocr_line' id='line_1_39' title="bbox 474 4685 1911 4887; baseline 0.001 -35"><span class='ocrx_word' id='word_1_329' title='bbox 474 4685 667 4852; x_wconf 54' lang='lat' dir='ltr'>§somno</span> <span class='ocrx_word' id='word_1_330' title='bbox 694 4765 874 4854; x_wconf 78' lang='lat' dir='ltr'>resarcita</span> <span class='ocrx_word' id='word_1_331' title='bbox 902 4769 1184 4882; x_wconf 90' lang='lat' dir='ltr'>perspiratione</span> <span class='ocrx_word' id='word_1_332' title='bbox 1213 4775 1346 4855; x_wconf 89' lang='lat' dir='ltr'>omnia</span> <span class='ocrx_word' id='word_1_333' title='bbox 1374 4797 1511 4887; x_wconf 88' lang='lat' dir='ltr'>pacata</span> <span class='ocrx_word' id='word_1_334' title='bbox 1537 4774 1809 4886; x_wconf 90' lang='lat' dir='ltr'>reperiuntur,</span> <span class='ocrx_word' id='word_1_335' title='bbox 1838 4771 1911 4854; x_wconf 89' lang='lat' dir='ltr'>nisr</span> 
     </span>
     <span class='ocr_line' id='line_1_40' title="bbox 474 4875 1911 4998; baseline 0.003 -31"><span class='ocrx_word' id='word_1_336' title='bbox 474 4906 608 4976; x_wconf 83' lang='lat' dir='ltr'>tamen</span> <span class='ocrx_word' id='word_1_337' title='bbox 628 4877 671 4964; x_wconf 90' lang='lat' dir='ltr'>in</span> <span class='ocrx_word' id='word_1_338' title='bbox 694 4875 988 4968; x_wconf 89' lang='lat' dir='ltr'>delicatioribus</span> <span class='ocrx_word' id='word_1_339' title='bbox 1012 4881 1143 4996; x_wconf 85' lang='lat' dir='ltr'>aliqua</span> <span class='ocrx_word' id='word_1_340' title='bbox 1162 4881 1355 4992; x_wconf 82' lang='lat' dir='ltr'>febricula</span> <span class='ocrx_word' id='word_1_341' title='bbox 1377 4882 1531 4998; x_wconf 87' lang='lat' dir='ltr'>aliquot</span> <span class='ocrx_word' id='word_1_342' title='bbox 1555 4885 1743 4984; x_wconf 82' lang='lat' dir='ltr'>horarum</span> <span class='ocrx_word' id='word_1_343' title='bbox 1764 4911 1911 4984; x_wconf 60' lang='lat' dir='ltr'>erretur*¹</span> 
     </span>
    </p>
   </div>
   <div class='ocr_carea' id='block_1_5' title="bbox 1064 3737 1914 3882">
    <p class='ocr_par' dir='ltr' id='par_1_5' title="bbox 1064 3737 1914 3882">
     <span class='ocr_line' id='line_1_41' title="bbox 1064 3737 1914 3882; baseline 0.005 -48"><span class='ocrx_word' id='word_1_344' title='bbox 1064 3737 1130 3858; x_wconf 50' lang='lat' dir='ltr'>a²,&#39;‘&#39;</span> <span class='ocrx_word' id='word_1_345' title='bbox 1141 3739 1250 3838; x_wconf 89' lang='lat' dir='ltr'>nulla</span> <span class='ocrx_word' id='word_1_346' title='bbox 1267 3741 1435 3860; x_wconf 69' lang='lat' dir='ltr'>¹uil&#39;rbilis</span> <span class='ocrx_word' id='word_1_347' title='bbox 1463 3753 1645 3838; x_wconf 88' lang='lat' dir='ltr'>vacuatio</span> <span class='ocrx_word' id='word_1_348' title='bbox 1673 3750 1914 3882; x_wconf 78' lang='lat' dir='ltr'>solutionem</span> 
     </span>
    </p>
   </div>
   <div class='ocr_carea' id='block_1_6' title="bbox 0 0 2098 5908">
    <p class='ocr_par' dir='ltr' id='par_1_6' title="bbox 0 0 2098 5908">
     <span class='ocr_line' id='line_1_42' title="bbox 0 0 2098 5908; baseline 0 2"><span class='ocrx_word' id='word_1_349' title='bbox 0 0 2098 5908; x_wconf 95' lang='lat' dir='ltr'> </span> 
     </span>
    </p>
   </div>
  </div>
 </body>
</html>
