4186 5908
665 413 1163 506 CUTANEIS.
1551 437 1627 512 281

193 575 473 689 alterationes,
504 577 623 694 quim
654 577 731 667 illae
769 613 863 696 quas
896 588 1150 699 experiuntur
1186 581 1387 690 foemina,
1430 583 1626 674 mensibus

191 694 432 808 graviditatis
446 757 463 801 ,
494 724 613 808 atque
645 700 730 812 post
764 700 1027 814 puerperium.
1064 697 1271 807 Siquidem
1301 701 1412 784 crasrs
1446 700 1625 812 sanguini

190 806 542 917 nouainducitur,
568 813 698 925 primb
722 807 744 893 ia
766 813 1052 895 menstruorum
1071 812 1312 914 retentione,
1335 809 1465 924 postea
1484 813 1626 900 verbi

188 919 453 1036 produelione
471 923 649 1008 humoris
663 920 921 1038 ,mucilaginei
939 950 1055 1034 atque
1073 921 1186 1006 laeter
1204 925 1271 1032 qui
1291 953 1373 1004 non
1392 924 1520 1008 solum
1538 925 1624 1012 ulti·

190 1036 264 1116 mis
279 1035 526 1148 'gravidltatis
545 1035 741 1121 mensibus
760 1036 968 1142 exube'ra't,
997 1035 1064 1120 sed
1083 1040 1201 1132 etiam
1225 1032 1346 1148 longa
1364 1039 1448 1150 post
1469 1063 1622 1152 partum

192 1143 380 1258 relinquit
397 1147 654 1345 lbi‘velhkgia,
678 1175 755 1234 nec
774 1151 944 1274 nlsr'p'oll
962 1147 1093 1263 plures
1118 1146 1139 1232 {a
1156 1147 1390 1341 graviditate
1411 1155 1623 1236 menstruo·

192 1287 279 1342 nrm
304 1263 414 1345 vices
435 1283 555 1376 perpe
587 1265 816 1372 asomninb
839 1272 881 1346 bt
906 1262 1082 1345 funditus
1104 1263 1152 1345 de
1171 1287 1268 1344 etur.

243 1367 337 1456 Nec
364 1376 634 1461 minor‘certb·
651 1379 701 1458 in·
719 1377 912 1488 faemineo
936 1387 1113 1488 corpore
1135 1376 1302 1457 mutatio
1328 1375 1577 1488 ingeneratur
1602 1373 1625 1458 ia

191 1513 345 1569 mutato
370 1485 591 1572 solidorum
615 1487 859 1600 aequilibrio,
888 1485 910 1572 is
937 1505 1047 1571 no'vo
1072 1486 1258 1570 fibrarum
1281 1513 1396 1570 tono.
1425 1486 1514 1570 Sed'
1531 1492 1630 1570 cum·

191 1602 430 1684 mutationes
451 1593 608 1686 ill‘ae'vix
622 1603 670 1685 a'd
687 1601 1196 1714 rno'r'bo'rum‘cut'aneorum
1215 1603 1511 1711 generationem
1532 1629 1626 1684 con·

192 1713 349 1818 fetant,
377 1712 627 1797 alterationes
653 1713 738 1800 illas
765 1711 923 1830 physicis
950 1711 1104 1796 taurini·
1123 1712 1358 1826 dignishmas
1388 1709 1471 1794 aliis
1503 1708 1626 1796 relin-

194 1853 359 1934 quemus
391 1827 681 1941 expendendas.
710 1822 803 1912 Lac·
827 1830 933 1911 enim
960 1827 1101 1908 omnia'
1120 1827 1333 1907 humorum
1360 1825 1626 1909 humanorum

191 1935 389 2026 elementa
401 1943 616 2046 continet,
628 1943 750 2052 fitque
766 1942 794 2024 ὲ
807 1940 928 2051 chyl'o
945 1943 1091 2022 humor
1108 1941 1265 2053 prorsus
1283 1935 1487 2041 naturalis,
1506 1939 1562 2021 ita
1579 1963 1626 2022 ut

195 2081 287 2132 curn
310 2049 558 2150 Boerhaavio
580 2053 659 2137 dici
680 2055 797 2169 pollit
813 2057 977 2169 proptio
1001 2050 1241 2135 latie'omne
1261 2051 1476 2133 humanum
1500 2078 1626 2162 genus

194 2165 341 2248 vivere.
367 2161 534 2249 Scilicet
552 2166 738 2269 nondum⁸
750 2171 791 2250 in
810 2195 860 2250 eo
878 2167 978 2250 adeb
993 2165 1159 2248 adunata
1176 2161 1265 2246 sunt
1283 2188 1400 2272 atque
1420 2163 1627 2276 compafila
1746 2249 1755 2268 ‚

195 2273 452 2388 globulorum
473 2276 689 2386 elementa,
708 2279 893 2364 nondhm'
905 2275 1021 2392 copiti
1043 2277 1220 2359 humoris
1238 2270 1341 2357 iilius
1356 2273 1626 2358 terreo-oleoli

196 2415 312 2500 atque
348 2389 463 2474 ferrel
489 2395 558 2502 qui
587 2389 773 2475 ruborem
803 2393 927 2498 facit,
954 2390 1116 2473 evoluta
1141 2387 1229 2471 sunt
1251 2418 1262 2488 3
1288 2393 1329 2470 δὲ
1356 2387 1532 2496 quamvis
1555 2413 1626 2500 per

196 2529 260 2586 me
279 2501 399 2586 liceat
418 2501 567 2586 nullam
588 2505 708 2587 fidem
731 2506 1006 2620 experimentis
1029 2508 1069 2583 bc
1096 2495 1433 2584 observationibus
1455 2499 1628 2582 Leven-

196 2617 356 2698 hoeckii
372 2615 581 2724 adhibere,
600 2616 802 2700 fatendum
823 2645 955 2699 tamen
972 2619 1030 2699 est'
1038 2612 1156 2696 facile
1172 2613 1422 2696 demonstrari
1437 2613 1627 2724 principia

195 2725 304 2812 lauis
334 2731 462 2814 minias
488 2751 647 2814 tenuata
675 2729 750 2813 elle
779 2730 979 2844 principiis
1007 2728 1184 2830 cruoris,
1218 2709 1397 2832 adebqrie
1402 2725 1549 2858 ,magis
1578 2721 1627 2806 ad

199 2868 361 2924 acorem
380 2843 445 2927 dis
466 2847 534 2925 oni
545 2905 558 2947 ,
585 2841 775 2952 simulque
795 2845 921 2925 minus
938 2843 1143 2952 compaila
1167 2861 1283 2946 atque
1304 2831 1510 2918 addensata
1526 2833 1628 2944 elie,

199 2953 307 3065 quod
334 2873 490 3070 pondlas
513 2955 711 3066 utriusque
736 2954 901 3066 liquoris
924 2953 1153 3068 specificum
1175 2953 1333 3034 evincit.

172 3076 182 3097 ⁹
251 3053 359 3151 Ciam
380 3095 477 3182 ergo
494 3099 543 3153 ex
558 3088 700 3152 natura
716 3068 972 3172 conditione,
992 3093 1036 3149 ut
1055 3067 1099 3148 fit
1114 3067 1155 3147 in
1169 3062 1336 3178 gravidis
1354 3087 1471 3171 atque
1490 3087 1629 3174 recens

199 3185 420 3295 puerperis,
442 3181 587 3266 lafiieus
605 3185 750 3265 humor
769 3185 869 3265 intra
888 3179 977 3264 vasa
994 3177 1207 3290 exuberat,
1233 3203 1307 3259 nec
1326 3203 1394 3289 per
1413 3174 1630 3256 sublionem

198 3297 444 3400 exhauritur,
463 3299 654 3411 principia
669 3299 880 3408 mucagine
897 3293 1068 3377 cralhori
1088 3319 1162 3374 nec
1182 3315 1343 3373 tenuato
1359 3286 1546 3370 scatentia
1564 3288 1631 3369 ha-

198 3403 363 3513 bentur,
382 3407 548 3518 seroque
562 3409 759 3522 superfluo
778 3410 912 3490 onusta
930 3438 942 3506 ;
961 3410 1055 3489 hinc
1070 3402 1296 3519 perspiratio
1311 3399 1630 3504 excrementitia,

202 3516 325 3628 qualis
357 3523 541 3633 excipere
571 3520 692 3606 debet-
721 3519 957 3634 singularum
987 3521 1218 3602 coelionum
1249 3515 1399 3617 finem,
1430 3539 1632 3652 nunquam

201 3629 379 3714 absoluta
391 3633 468 3714 effe
479 3635 616 3744 potest.
631 3633 729 3716 Inde
746 3637 848 3716 inter
859 3629 1056 3716 malorum
1070 3656 1267 3714 catervam
1284 3655 1367 3734 quae
1381 3625 1505 3739 potest
1523 3619 1634 3705 alac·

201 3771 267 3828 teo
294 3745 465 3826 humore
489 3747 644 3852 trahere
667 3748 892 3856 originem,
919 3743 981 3838 nil
1000 3747 1170 3849 mirum,
1198 3742 1226 3824 sr
1255 3737 1383 3822 febres
1405 3737 1632 3841 sudatoria,

202 3855 373 3968 hydros,
391 3853 540 3971 papula
552 3853 671 3939 facilit
689 3855 954 3963 advertantur,
972 3854 1172 3967 dequibus
1184 3855 1280 3938 varii
1293 3853 1469 3933 sudores
1482 3845 1635 3930 diverse

203 3965 458 4083 scripserunt,
484 3969 551 4052 sed
575 3987 670 4078 quae'
684 3967 738 4053 ad'
753 3969 979 4084 praesentem
1002 3971 1203 4052 materiam
1227 3961 1325 4046 nihil
1354 3962 1542 4064 attinent,
1563 3959 1634 4041 nili

204 4087 392 4190 qu‘atenhs
421 4081 514 4190 inde
541 4080 742 4168 facile'est·
760 4082 943 4167 hariolari
964 4081 1088 4195 qualis
1114 4081 1239 4162 aditus
1267 4074 1458 4188 aperiatur
1484 4069 1633 4156 morbis

205 4195 403 4306 chronicis
428 4198 606 4280 cutanels'
627 4199 746 4281 etiam
767 4195 1037 4313 depuratoriis.

258 4309 320 4390 At·
332 4304 429 4391 licet
447 4308 636 4422 plethorae
658 4307 788 4391 lableae
808 4311 925 4422 pollit
945 4305 1074 4415 aliqua
1094 4305 1134 4382 in
1155 4300 1278 4382 cutim
1303 4297 1387 4381 fieri
1406 4295 1635 4412 deputatio,

206 4417 253 4502 a'd
273 4447 352 4500 con
382 4424 545 4506 estiones
564 4423 695 4537 potius
712 4427 753 4502 ὃ(
773 4447 977 4502 tumorum
999 4409 1173 4530 pericula
1194 4409 1382 4494 referetur
1402 4407 1490 4514 illa,
1518 4412 1635 4516 qu'am

206 4531 254 4614 ad
273 4451 662 4641 morloscutaneos,
684 4542 727 4617 bc
744 4535 787 4614 in
801 4528 964 4615 cellulas
980 4532 1111 4644 potihs
1130 4524 1362 4630 effimditur,
1383 4516 1500 4632 quiam
1515 4519 1637 4604 fertur

206 4643 255 4727 ad
286 4649 423 4730 cutim.
458 4647 664 4757 Siquidem
696 4635 951 4760 congestione
982 4627 1067 4724 l‘olai
1098 4641 1318 4751 &impetu
1351 4639 1501 4719 tantiam
1530 4631 1636 4713 fabio

209 4777 355 4843 nocere
381 4763 507 4875 potest
530 4763 673 4845 humor
698 4787 768 4876 per
791 4759 831 4842 se
853 4760 1062 4841 innocuus.
1088 4752 1204 4836 Unde
1231 4752 1472 4861 quicumque
1495 4749 1516 4827 h
1537 4742 1638 4868 labie

208 4869 390 4984 pendent
409 4872 552 4964 morbi·
572 4877 727 4960 cutan'ei
739 4937 755 4986 ,
781 4873 990 4990 prasertim
1014 4867 1281 4985 depuratorii,
1310 4860 1370 5056 igi}
1394 4859 1441 4943 ab
1461 4861 1642 4940 humone

1386 5001 1414 5056 n
1469 5023 1477 5034 .
