4188 5916
462 427 542 508 352
897 389 1004 478 DE
1064 383 1427 522 MORBIS

457 563 639 648 ulcerum
658 555 925 642 Boleclziorutn
943 553 1061 640 titulo
1079 554 1298 672 descripsrt,
1320 579 1409 639 eant
1423 552 1542 638 etiam
1557 549 1710 668 offlzpba
1724 582 1903 669 vocans,-

459 683 564 760 ut&
588 669 800 756 Almansor
821 668 1062 783 olsttfizphum.

445 777 448 784 ⁵
515 787 663 872 Meliss
693 794 734 868 dt
765 782 915 896 plenius
941 780 1176 896 vitiliginem
1202 775 1429 865 describunt
1452 773 1603 864 Arabes
1633 779 1705 864 sub
1737 786 1900 870 nomine

459 903 674 1015 Morphaeae
686 959 701 991 ,
714 925 832 1005 quam
843 920 992 978 vocant
1005 895 1244 1007 Morphoearn
1256 921 1362 976 nunc
1376 891 1504 976 albam
1513 953 1527 997 ‚
1543 921 1649 978 nunc
1662 898 1815 1008 nigram
1829 929 1841 998 3
1857 907 1900 982 dt

460 1015 549 1100 alba
569 1011 772 1122 Morphoeo
793 1005 861 1092 sub
882 1010 1045 1091 nomine
1069 1009 1219 1090 Botkor
1236 1003 1257 1088 ia
1274 1004 1409 1089 Rhase
1425 1004 1617 1122 descripta
1633 1009 1711 1114 ell,
1729 1009 1899 1094 Allatas

462 1131 581 1212 etiam
595 1124 643 1207 ab
663 1118 868 1206 Avicennl
882 1125 946 1226 (o)
968 1128 1008 1203 bt
1024 1119 1207 1233 Alguado
1220 1118 1285 1224 (b)
1305 1117 1419 1202 dieta.
1435 1117 1517 1201 Sed
1530 1121 1618 1202 satis
1635 1123 1688 1203 est
1699 1147 1763 1204 tot
1777 1128 1901 1208 nomi·

463 1267 560 1324 num
581 1240 786 1321 varietates
808 1229 1004 1316 indicasse.
1033 1233 1140 1316 Rem
1163 1228 1422 1316 describendo
1444 1229 1584 1315 meliiss
1606 1260 1862 1344 exequemur.

467 1407 474 1422 ·
519 1349 688 1462 Vitiligo
709 1355 769 1451 (c)
796 1349 862 1431 seu
880 1344 1063 1459 Alphos,
1085 1371 1130 1428 ut
1149 1341 1294 1428 Latine
1311 1371 1458 1428 vocem
1477 1345 1586 1428 mere
1609 1345 1790 1430 Graecam
1810 1349 1900 1434 red·

463 1466 628 1569 damus,
650 1463 799 1544 constat
817 1487 868 1544 ex
888 1455 1045 1573 pustulis
1062 1456 1232 1540 formam
1249 1480 1294 1540 ut
1312 1455 1523 1570 plurimlam
1542 1454 1807 1572 irregulariter
1826 1469 1901 1547 eir·

464 1577 637 1666 culatem
659 1571 954 1676 affectantibus,
976 1570 1114 1654 sensnm
1127 1572 1207 1656 fine
1227 1569 1366 1684 praviai
1379 1568 1490 1653 febre
1507 1566 1528 1654 *a
1543 1569 1710 1685 stmplici
1725 1579 1767 1656 ὅ(
1782 1573 1900 1662 unica

463 1689 612 1810 pulluli
633 1688 841 1772 exordium
863 1681 1116 1768 sumentibus.

518 1801 688 1913 Vitiligo
705 1798 868 1913 simplex
887 1798 1078 1880 summam
1097 1796 1221 1880 cutim
1240 1791 1419 1900 obtinet,
1443 1821 1517 1877 nec
1538 1793 1735 1909 profunde
1755 1803 1796 1881 in
1816 1799 1900 1908 ejus

462 1913 667 2004 substantia
694 1917 872 1994 inuritur.
902 1909 992 1992 Imb
1020 1937 1096 1992 nec
1124 1909 1256 1992 vicina
1283 1907 1586 2023 praetermodum
1615 1935 1803 2011 tument;
1832 1915 1899 2000 sed

463 2039 558 2116 clnn
573 2057 658 2142 pars
675 2025 811 2108 affesla
824 2024 1047 2106 immaniter
1061 2024 1227 2135 pruriat,
1246 2047 1374 2134 partes
1389 2023 1527 2104 vicina
1542 2019 1681 2104 contri
1696 2026 1899 2114 crassiores

463 2153 505 2228 ὅ(
518 2141 713 2225 densrores
726 2137 831 2228 sada
840 2198 854 2241 ,
866 2133 1057 2244 levesque
1071 2132 1120 2217 ad
1131 2137 1292 2238 tadum,
1309 2132 1399 2247 pilis
1414 2132 1690 2241 defluentibus,
1704 2140 1772 2222 vix
1785 2138 1898 2224 sensu

461 2255 597 2364 aliquo
612 2253 820 2334 donantur.
837 2248 983 2332 Parcus
1002 2251 1147 2330 humor
1163 2247 1244 2331 exit
1259 2244 1306 2330 ab
1324 2243 1537 2331 ulcusculis
1546 2309 1560 2353 ,
1581 2246 1649 2330 sed
1663 2247 1899 2340 alboflavus

461 2368 512 2452 ad
530 2368 678 2450 exitum
697 2387 877 2478 apparet,
893 2358 1105 2472 squallidus
1116 2356 1359 2468 ‚aliquando
1373 2359 1623 2446 viridescens.
1647 2360 1803 2448 Similia
1816 2367 1899 2452 vidi

459 2483 503 2564 in
518 2483 610 2563 vitis
627 2479 865 2586 ceteroquin
878 2472 1041 2558 robustis
1054 2501 1156 2583 quos
1177 2495 1325 2583 angunt
1341 2473 1520 2556 omnium
1538 2501 1669 2558 rerum
1686 2483 1728 2558 bt
1743 2479 1901 2590 praeser.

461 2599 533 2678 tim
564 2596 660 2674 aeris
688 2591 866 2674 renovati
894 2589 1028 2702 inopia
1057 2609 1174 2698 atque
1195 2584 1318 2669 vidds
1343 2587 1487 2698 egestas
1512 2588 1670 2699 pessuma
1683 2647 1697 2692 ,
1723 2598 1764 2672 dt
1794 2620 1899 2700 quos
1937 2657 1940 2664 .

461 2734 529 2791 aut
548 2704 674 2790 scelus
700 2713 988 2818 perpetratum,
1014 2725 1081 2782 aut
1105 2723 1233 2782 reatus
1254 2701 1372 2813 etiam
1398 2694 1610 2809 aliquando
1626 2697 1778 2805 injustus
1789 2764 1803 2809 ,
1826 2705 1898 2792 sed

460 2820 541 2904 sem
571 2847 614 2902 er
640 2819 804 2923 durior,
827 2811 1013 2927 squallori
1039 2839 1243 2896 carcerum
1265 2809 1508 2896 inclusorum
1536 2813 1680 2926 affigit:
1702 2813 1798 2928 sape
1821 2819 1896 2904 sub

460 2849 638 3018 scorbuti
663 2932 827 3013 nomine
848 2931 1071 3011 tradantur.
1095 2923 1233 3010 Facile
1257 2923 1436 3010 sanantur
1459 2926 1518 3008 hae
1544 2924 1725 3041 pustula,
1745 2925 1817 3012 ubi
1844 2932 1898 3020 ad

462 3043 670 3129 meliorem
683 3047 771 3127 vitae
786 3039 963 3124 habitum
977 3039 1105 3122 miseri
1118 3041 1378 3152 pervenerint.
1400 3037 1494 3126 Jure
1511 3041 1732 3151 meritbque
1750 3040 1899 3131 Paulus

461 3154 603 3242 dmalo
618 3151 1558 3270 corporishabitu‚seucachexiipenderet'lnqos
1570 3156 1649 3252 ait3
1664 3161 1897 3242 namomni·

460 3269 534 3356 bus
557 3297 658 3378 quos
678 3269 845 3352 viderim
867 3271 910 3348 dt
932 3293 1078 3379 corpus
1104 3274 1143 3348 dt
1172 3269 1322 3350 animus
1347 3263 1445 3349 mire
1469 3263 1723 3380 angebantur.
1754 3268 1897 3358 Facies

457 3409 507 3468 ut
532 3381 744 3497 plurimbm
771 3377 926 3493 turgida
952 3375 1064 3460 stmul
1088 3374 1326 3486 livescebat,
1352 3376 1558 3466 tumebant
1575 3380 1773 3466 oedemate
1786 3446 1801 3489 ‚
1828 3382 1895 3470 sed

460 3495 617 3602 calido,
640 3524 776 3582 manus
799 3519 916 3687 atque
922 3488 1066 3688 pedes.
1092 3490 1304 3576 Foetebant
1322 3488 1481 3600 ulcera,
1506 3493 1767 3605 nauseamque
1790 3496 1894 3584 odor

460 3607 602 3700 ille'ac
628 3606 813 3692 cibotum
857 3607 919 3689 asti
950 3608 1030 3689 ium
1056 3601 1169 3688 illicb
1197 3604 1447 3690 affistentibus
1476 3605 1715 3692 concitabat.
1746 3612 1803 3693 At
1827 3609 1893 3717 se,

459 3727 579 3808 nostu
601 3721 835 3836 prasertim,
863 3721 1012 3833 pruritu
1032 3723 1209 3829 torqueri
1238 3717 1497 3830 querebantur
1524 3720 1682 3827 miseri,
1707 3724 1761 3804 ita
1785 3749 1830 3806 ut
1852 3727 1894 3810 in

460 3834 625 3944 ejulatus
635 3857 936 3950 prorumperent
944 3838 1210 3944 ,ceteroquin
1220 3833 1269 3917 ad
1279 3831 1440 3918 aliasere
1450 3832 1559 3917 sensu
1570 3834 1718 3918 amilio.
1728 3835 1893 3920 Internae

400 4021 406 4032 .
459 3953 556 4034 verb
577 3950 797 4034 sanniones
820 3946 907 4029 satis
928 3942 1034 4028 belle
1054 3946 1093 4028 se
1113 3946 1334 4057 habebant,
1360 3945 1473 4031 &ad
1493 3950 1626 4030 omnia
1641 3946 1707 4032 vel
1722 3947 1894 4034 maxime

460 4067 629 4148 minacia
643 4060 789 4176 torpidi
805 4055 978 4162 stabant,
997 4060 1160 4163 inertes,
1183 4069 1225 4144 ὁ(
1240 4063 1344 4171 quast
1357 4065 1563 4173 stupentes.
1583 4059 1772 4146 Praeterea
1788 4091 1894 4145 tum-

460 4171 652 4284 pebantur
671 4173 839 4257 rudibus
858 4168 987 4254 fetidis
1005 4177 1046 4254 dt
1063 4173 1229 4257 rancidis
1245 4175 1397 4260 miseri:
1418 4173 1527 4285 quod
1541 4174 1590 4258 ad
1604 4176 1727 4260 visitis
1744 4203 1893 4291 genus,

460 4315 543 4370 non
559 4285 608 4368 ad
626 4284 755 4368 morbi
772 4287 942 4400 speciem
958 4285 1206 4378 referendum
1224 4289 1288 4370 eli.

517 4399 565 4480 In
581 4397 655 4481 hle
672 4401 883 4512 turpilliml
901 4401 988 4482 vitae
1007 4397 1214 4508 soeditate,
1235 4399 1505 4516 perseverante
1524 4398 1654 4506 malo,
1676 4398 1733 4482 nil
1749 4403 1893 4486 mirum

458 4513 533 4617 est,
555 4511 583 4592 st
602 4517 693 4596 clun
715 4514 908 4600 increscat
928 4507 1022 4598 mali
1039 4510 1214 4622 ferocia,
1233 4511 1395 4600 macula
1410 4516 1611 4630 nigrorem
1630 4517 1894 4627 contrahant,

497 4722 555 4793 (a)
578 4717 643 4780 Lib.
656 4741 691 4790 4.
709 4719 781 4781 Fen.
798 4737 838 4787 72
855 4737 966 4799 caps,
986 4691 1022 4782 to
1038 4729 1066 4783 δι
1086 4721 1144 4808 seq.
1158 4743 1192 4784 tr.
1209 4746 1238 4795 ι.

497 4799 553 4878 (b)
576 4797 616 4858 V.
633 4797 776 4860 Constant.
792 4797 881 4859 Afric.
896 4801 942 4864 lib.
958 4805 991 4878 8,
1011 4823 1071 4886 cap.
1090 4813 1137 4871 16.
1174 4853 1180 4874 ,

499 4891 534 4960 (c
540 4899 555 4966 )
577 4879 618 4950 V.
635 4877 745 4942 Gorraei
762 4876 855 4943 Defiu
874 4880 978 4946 Malu.

1748 4970 1899 5086 fiatque
