<?xml version="1.0" encoding="UTF-8"?>
<!DOCTYPE html PUBLIC "-//W3C//DTD XHTML 1.0 Transitional//EN"
    "http://www.w3.org/TR/xhtml1/DTD/xhtml1-transitional.dtd">
<html xmlns="http://www.w3.org/1999/xhtml" xml:lang="en" lang="en">
 <head>
  <title>
</title>
<meta http-equiv="Content-Type" content="text/html;charset=utf-8" />
  <meta name='ocr-system' content='tesseract 3.04.00' />
  <meta name='ocr-capabilities' content='ocr_page ocr_carea ocr_par ocr_line ocrx_word'/>
</head>
<body>
  <div class='ocr_page' id='page_1' title='image "./tractatusdemorb00cavegoog_0272.png"; bbox 0 0 4186 5908; ppageno 0'>
   <div class='ocr_carea' id='block_1_1' title="bbox 644 359 1612 478">
    <p class='ocr_par' dir='ltr' id='par_1_1' title="bbox 644 359 1612 478">
     <span class='ocr_line' id='line_1_1' title="bbox 644 359 1612 478; baseline 0.007 -28"><span class='ocrx_word' id='word_1_1' title='bbox 644 359 1141 450; x_wconf 67' lang='lat' dir='ltr'>CUTANssln</span> <span class='ocrx_word' id='word_1_2' title='bbox 1531 401 1612 478; x_wconf 57' lang='lat' dir='ltr'>aff</span> 
     </span>
    </p>
   </div>
   <div class='ocr_carea' id='block_1_2' title="bbox 10 517 1870 4967">
    <p class='ocr_par' dir='ltr' id='par_1_2' title="bbox 10 517 1870 4967">
     <span class='ocr_line' id='line_1_2' title="bbox 173 517 1613 645; baseline 0.003 -30"><span class='ocrx_word' id='word_1_3' title='bbox 173 527 269 615; x_wconf 77' lang='lat' dir='ltr'>cun</span> <span class='ocrx_word' id='word_1_4' title='bbox 295 521 364 608; x_wconf 83' lang='lat' dir='ltr'>dih</span> <span class='ocrx_word' id='word_1_5' title='bbox 396 528 440 611; x_wconf 80' lang='lat' dir='ltr'>dt</span> <span class='ocrx_word' id='word_1_6' title='bbox 470 517 661 611; x_wconf 73' lang='lat' dir='ltr'>obstinans</span> <span class='ocrx_word' id='word_1_7' title='bbox 691 552 761 642; x_wconf 88' lang='lat' dir='ltr'>per</span> <span class='ocrx_word' id='word_1_8' title='bbox 819 527 959 610; x_wconf 89' lang='lat' dir='ltr'>rimam</span> <span class='ocrx_word' id='word_1_9' title='bbox 996 551 1148 620; x_wconf 74' lang='lat' dir='ltr'>etatem</span> <span class='ocrx_word' id='word_1_10' title='bbox 1180 523 1358 616; x_wconf 79' lang='lat' dir='ltr'>lichenes</span> <span class='ocrx_word' id='word_1_11' title='bbox 1390 531 1484 645; x_wconf 77' lang='lat' dir='ltr'>passi</span> <span class='ocrx_word' id='word_1_12' title='bbox 1514 533 1613 642; x_wconf 86' lang='lat' dir='ltr'>srnt,</span> 
     </span>
     <span class='ocr_line' id='line_1_3' title="bbox 205 553 1615 755; baseline 0.005 -31"><span class='ocrx_word' id='word_1_13' title='bbox 205 631 307 724; x_wconf 73' lang='lat' dir='ltr'>osted</span> <span class='ocrx_word' id='word_1_14' title='bbox 330 640 563 726; x_wconf 81' lang='lat' dir='ltr'>asthnraticis</span> <span class='ocrx_word' id='word_1_15' title='bbox 585 637 761 730; x_wconf 83' lang='lat' dir='ltr'>divexati</span> <span class='ocrx_word' id='word_1_16' title='bbox 781 553 822 728; x_wconf 70' lang='lat' dir='ltr'>sd</span> <span class='ocrx_word' id='word_1_17' title='bbox 840 640 1083 755; x_wconf 84' lang='lat' dir='ltr'>paroxysmis</span> <span class='ocrx_word' id='word_1_18' title='bbox 1102 643 1231 728; x_wconf 88' lang='lat' dir='ltr'>mirati</span> <span class='ocrx_word' id='word_1_19' title='bbox 1249 640 1361 750; x_wconf 90' lang='lat' dir='ltr'>sunt,</span> <span class='ocrx_word' id='word_1_20' title='bbox 1387 673 1434 730; x_wconf 87' lang='lat' dir='ltr'>ac</span> <span class='ocrx_word' id='word_1_21' title='bbox 1452 637 1615 732; x_wconf 84' lang='lat' dir='ltr'>demirm</span> 
     </span>
     <span class='ocr_line' id='line_1_4' title="bbox 63 671 1870 869; baseline 0.004 -33"><span class='ocrx_word' id='word_1_22' title='bbox 63 771 100 836; x_wconf 71' lang='grc' dir='ltr'>ι</span> <span class='ocrx_word' id='word_1_23' title='bbox 173 671 1615 869; x_wconf 38' lang='grc' dir='ltr'>ᾓὼψμὼὼμῶοῳῶωωὼμωωωῂωηώ</span> <span class='ocrx_word' id='word_1_24' title='bbox 1700 797 1703 804; x_wconf 93' lang='grc'>·</span> <span class='ocrx_word' id='word_1_25' title='bbox 1867 793 1870 802; x_wconf 64' lang='grc'>’</span> 
     </span>
     <span class='ocr_line' id='line_1_5' title="bbox 175 864 1643 976; baseline 0.003 -22"><span class='ocrx_word' id='word_1_26' title='bbox 175 864 359 954; x_wconf 84' lang='lat' dir='ltr'>cantibus</span> <span class='ocrx_word' id='word_1_27' title='bbox 380 865 538 955; x_wconf 81' lang='lat' dir='ltr'>fuissent</span> <span class='ocrx_word' id='word_1_28' title='bbox 558 871 684 956; x_wconf 91' lang='lat' dir='ltr'>curati</span> <span class='ocrx_word' id='word_1_29' title='bbox 696 931 712 976; x_wconf 94' lang='lat'>,</span> <span class='ocrx_word' id='word_1_30' title='bbox 734 870 859 960; x_wconf 85' lang='lat' dir='ltr'>vitam</span> <span class='ocrx_word' id='word_1_31' title='bbox 881 867 1109 954; x_wconf 83' lang='lat' dir='ltr'><strong>adhucdum</strong></span> <span class='ocrx_word' id='word_1_32' title='bbox 1133 867 1336 956; x_wconf 84' lang='lat' dir='ltr'>ducerent.</span> <span class='ocrx_word' id='word_1_33' title='bbox 1368 871 1459 955; x_wconf 84' lang='lat' dir='ltr'>Imb</span> <span class='ocrx_word' id='word_1_34' title='bbox 1480 871 1615 968; x_wconf 83' lang='lat' dir='ltr'>forsan</span> <span class='ocrx_word' id='word_1_35' title='bbox 1641 875 1643 878; x_wconf 75' lang='grc'><strong>’</strong></span> 
     </span>
     <span class='ocr_line' id='line_1_6' title="bbox 172 978 1617 1113; baseline 0.005 -47"><span class='ocrx_word' id='word_1_36' title='bbox 172 978 407 1113; x_wconf 68' lang='lat' dir='ltr'>*anegledlis</span> <span class='ocrx_word' id='word_1_37' title='bbox 425 981 535 1068; x_wconf 84' lang='lat' dir='ltr'>hisce</span> <span class='ocrx_word' id='word_1_38' title='bbox 557 979 668 1068; x_wconf 91' lang='lat' dir='ltr'>malis</span> <span class='ocrx_word' id='word_1_39' title='bbox 688 1011 775 1100; x_wconf 86' lang='lat' dir='ltr'>pars</span> <span class='ocrx_word' id='word_1_40' title='bbox 793 981 877 1068; x_wconf 91' lang='lat' dir='ltr'>non</span> <span class='ocrx_word' id='word_1_41' title='bbox 895 984 1058 1068; x_wconf 88' lang='lat' dir='ltr'>minima</span> <span class='ocrx_word' id='word_1_42' title='bbox 1079 979 1334 1068; x_wconf 89' lang='lat' dir='ltr'>obscurarum</span> <span class='ocrx_word' id='word_1_43' title='bbox 1351 980 1509 1070; x_wconf 92' lang='lat' dir='ltr'>illatum</span> <span class='ocrx_word' id='word_1_44' title='bbox 1527 984 1617 1072; x_wconf 86' lang='lat' dir='ltr'>obs·</span> 
     </span>
     <span class='ocr_line' id='line_1_7' title="bbox 174 1093 1615 1210; baseline 0.005 -29"><span class='ocrx_word' id='word_1_45' title='bbox 174 1097 419 1181; x_wconf 73' lang='lat' dir='ltr'>trudironum</span> <span class='ocrx_word' id='word_1_46' title='bbox 440 1094 595 1210; x_wconf 83' lang='lat' dir='ltr'>pendet</span> <span class='ocrx_word' id='word_1_47' title='bbox 610 1126 695 1210; x_wconf 83' lang='lat' dir='ltr'>quae</span> <span class='ocrx_word' id='word_1_48' title='bbox 720 1094 836 1188; x_wconf 85' lang='lat' dir='ltr'>nobis</span> <span class='ocrx_word' id='word_1_49' title='bbox 863 1097 905 1180; x_wconf 92' lang='lat' dir='ltr'>in</span> <span class='ocrx_word' id='word_1_50' title='bbox 927 1093 1123 1182; x_wconf 89' lang='lat' dir='ltr'>adultiore</span> <span class='ocrx_word' id='word_1_51' title='bbox 1147 1093 1229 1181; x_wconf 78' lang='lat' dir='ltr'>vitai</span> <span class='ocrx_word' id='word_1_52' title='bbox 1251 1100 1403 1184; x_wconf 74' lang='lat' dir='ltr'>tantum</span> <span class='ocrx_word' id='word_1_53' title='bbox 1425 1099 1615 1188; x_wconf 82' lang='lat' dir='ltr'>facessunt</span> 
     </span>
     <span class='ocr_line' id='line_1_8' title="bbox 177 1205 1614 1326; baseline 0.001 -30"><span class='ocrx_word' id='word_1_54' title='bbox 177 1209 346 1324; x_wconf 83' lang='lat' dir='ltr'>negotii.</span> <span class='ocrx_word' id='word_1_55' title='bbox 378 1205 582 1295; x_wconf 81' lang='lat' dir='ltr'>Obscurus</span> <span class='ocrx_word' id='word_1_56' title='bbox 604 1219 736 1296; x_wconf 82' lang='lat' dir='ltr'>&#39;autern</span> <span class='ocrx_word' id='word_1_57' title='bbox 756 1209 851 1298; x_wconf 90' lang='lat' dir='ltr'>dico</span> <span class='ocrx_word' id='word_1_58' title='bbox 871 1207 1051 1318; x_wconf 78' lang='lat' dir='ltr'>adebque</span> <span class='ocrx_word' id='word_1_59' title='bbox 1071 1212 1194 1324; x_wconf 85' lang='lat' dir='ltr'>magis</span> <span class='ocrx_word' id='word_1_60' title='bbox 1217 1207 1479 1326; x_wconf 88' lang='lat' dir='ltr'>periculosas,</span> <span class='ocrx_word' id='word_1_61' title='bbox 1504 1215 1614 1325; x_wconf 82' lang='lat' dir='ltr'>qubd</span> 
     </span>
     <span class='ocr_line' id='line_1_9' title="bbox 10 1318 1615 1444; baseline 0.004 -36"><span class='ocrx_word' id='word_1_62' title='bbox 10 1403 11 1416; x_wconf 18' lang='lat' dir='ltr'>r</span> <span class='ocrx_word' id='word_1_63' title='bbox 176 1321 342 1408; x_wconf 88' lang='lat' dir='ltr'>materia</span> <span class='ocrx_word' id='word_1_64' title='bbox 360 1318 586 1409; x_wconf 87' lang='lat' dir='ltr'>lichenibus</span> <span class='ocrx_word' id='word_1_65' title='bbox 604 1326 854 1414; x_wconf 84' lang='lat' dir='ltr'>concitandis</span> <span class='ocrx_word' id='word_1_66' title='bbox 871 1321 1017 1415; x_wconf 87' lang='lat' dir='ltr'>idonea</span> <span class='ocrx_word' id='word_1_67' title='bbox 1032 1327 1170 1444; x_wconf 77' lang='lat' dir='ltr'>parlim</span> <span class='ocrx_word' id='word_1_68' title='bbox 1183 1350 1272 1438; x_wconf 85' lang='lat' dir='ltr'>apta</span> <span class='ocrx_word' id='word_1_69' title='bbox 1286 1324 1464 1420; x_wconf 88' lang='lat' dir='ltr'>videatur</span> <span class='ocrx_word' id='word_1_70' title='bbox 1476 1328 1615 1414; x_wconf 76' lang='lat' dir='ltr'>vivide</span> 
     </span>
     <span class='ocr_line' id='line_1_10' title="bbox 175 1435 1620 1541; baseline -0.001 -17"><span class='ocrx_word' id='word_1_71' title='bbox 175 1437 483 1524; x_wconf 81' lang='lat' dir='ltr'>inflammationi</span> <span class='ocrx_word' id='word_1_72' title='bbox 505 1437 765 1524; x_wconf 77' lang='lat' dir='ltr'>concitanda.</span> <span class='ocrx_word' id='word_1_73' title='bbox 1413 1505 1415 1508; x_wconf 77' lang='lat'><em>.</em></span> <span class='ocrx_word' id='word_1_74' title='bbox 1602 1435 1620 1541; x_wconf 63' lang='lat' dir='ltr'>fl</span> 
     </span>
     <span class='ocr_line' id='line_1_11' title="bbox 232 1547 1617 1668; baseline 0.003 -34"><span class='ocrx_word' id='word_1_75' title='bbox 232 1549 407 1656; x_wconf 74' lang='lat' dir='ltr'>Verum,</span> <span class='ocrx_word' id='word_1_76' title='bbox 431 1553 579 1636; x_wconf 83' lang='lat' dir='ltr'>etiamst</span> <span class='ocrx_word' id='word_1_77' title='bbox 601 1577 671 1668; x_wconf 82' lang='lat' dir='ltr'>per</span> <span class='ocrx_word' id='word_1_78' title='bbox 689 1552 731 1635; x_wconf 92' lang='lat' dir='ltr'>se</span> <span class='ocrx_word' id='word_1_79' title='bbox 748 1556 886 1667; x_wconf 75' lang='lat' dir='ltr'>parum</span> <span class='ocrx_word' id='word_1_80' title='bbox 910 1551 1164 1640; x_wconf 85' lang='lat' dir='ltr'><strong>metuendam</strong></span> <span class='ocrx_word' id='word_1_81' title='bbox 1187 1549 1319 1635; x_wconf 90' lang='lat' dir='ltr'>morbi</span> <span class='ocrx_word' id='word_1_82' title='bbox 1342 1551 1479 1636; x_wconf 82' lang='lat' dir='ltr'>idaearn</span> <span class='ocrx_word' id='word_1_83' title='bbox 1499 1547 1617 1638; x_wconf 88' lang='lat' dir='ltr'>nobis</span> 
     </span>
     <span class='ocr_line' id='line_1_12' title="bbox 177 1661 1618 1776; baseline 0.001 -28"><span class='ocrx_word' id='word_1_84' title='bbox 177 1661 392 1748; x_wconf 83' lang='lat' dir='ltr'>exhibeant</span> <span class='ocrx_word' id='word_1_85' title='bbox 400 1662 600 1771; x_wconf 87' lang='lat' dir='ltr'>lichenes,</span> <span class='ocrx_word' id='word_1_86' title='bbox 617 1665 846 1752; x_wconf 91' lang='lat' dir='ltr'>diuturnum</span> <span class='ocrx_word' id='word_1_87' title='bbox 856 1691 992 1753; x_wconf 88' lang='lat' dir='ltr'>tamen</span> <span class='ocrx_word' id='word_1_88' title='bbox 1005 1661 1155 1750; x_wconf 89' lang='lat' dir='ltr'>malum</span> <span class='ocrx_word' id='word_1_89' title='bbox 1170 1667 1430 1773; x_wconf 84' lang='lat' dir='ltr'>constituunt,</span> <span class='ocrx_word' id='word_1_90' title='bbox 1446 1693 1521 1754; x_wconf 87' lang='lat' dir='ltr'>nec</span> <span class='ocrx_word' id='word_1_91' title='bbox 1536 1663 1618 1776; x_wconf 84' lang='lat' dir='ltr'>ulla</span> 
     </span>
     <span class='ocr_line' id='line_1_13' title="bbox 177 1775 1618 1896; baseline 0.001 -34"><span class='ocrx_word' id='word_1_92' title='bbox 177 1778 232 1862; x_wconf 84' lang='lat' dir='ltr'>est</span> <span class='ocrx_word' id='word_1_93' title='bbox 254 1779 395 1860; x_wconf 90' lang='lat' dir='ltr'>harum</span> <span class='ocrx_word' id='word_1_94' title='bbox 420 1777 570 1893; x_wconf 88' lang='lat' dir='ltr'>species</span> <span class='ocrx_word' id='word_1_95' title='bbox 597 1807 680 1888; x_wconf 84' lang='lat' dir='ltr'>quae</span> <span class='ocrx_word' id='word_1_96' title='bbox 710 1809 794 1864; x_wconf 92' lang='lat' dir='ltr'>non</span> <span class='ocrx_word' id='word_1_97' title='bbox 823 1776 1006 1896; x_wconf 88' lang='lat' dir='ltr'>semper,</span> <span class='ocrx_word' id='word_1_98' title='bbox 1036 1803 1081 1862; x_wconf 90' lang='lat' dir='ltr'>ut</span> <span class='ocrx_word' id='word_1_99' title='bbox 1107 1777 1243 1872; x_wconf 69' lang='lat' dir='ltr'>secure</span> <span class='ocrx_word' id='word_1_100' title='bbox 1273 1775 1464 1886; x_wconf 82' lang='lat' dir='ltr'>tollatur,</span> <span class='ocrx_word' id='word_1_101' title='bbox 1492 1778 1618 1870; x_wconf 81' lang='lat' dir='ltr'>multa</span> 
     </span>
     <span class='ocr_line' id='line_1_14' title="bbox 176 1887 1618 2006; baseline 0.002 -31"><span class='ocrx_word' id='word_1_102' title='bbox 176 1894 370 2006; x_wconf 86' lang='lat' dir='ltr'>temporis</span> <span class='ocrx_word' id='word_1_103' title='bbox 394 1889 600 1976; x_wconf 88' lang='lat' dir='ltr'>intervalla</span> <span class='ocrx_word' id='word_1_104' title='bbox 620 1889 798 2004; x_wconf 89' lang='lat' dir='ltr'>postulet.</span> <span class='ocrx_word' id='word_1_105' title='bbox 826 1892 896 1983; x_wconf 86' lang='lat' dir='ltr'>Sic</span> <span class='ocrx_word' id='word_1_106' title='bbox 915 1891 997 1978; x_wconf 90' lang='lat' dir='ltr'>vidi</span> <span class='ocrx_word' id='word_1_107' title='bbox 1017 1894 1059 1974; x_wconf 92' lang='lat' dir='ltr'>in</span> <span class='ocrx_word' id='word_1_108' title='bbox 1080 1918 1205 2006; x_wconf 91' lang='lat' dir='ltr'>puero</span> <span class='ocrx_word' id='word_1_109' title='bbox 1228 1887 1469 2006; x_wconf 61' lang='lat' dir='ltr'>pubescente</span> <span class='ocrx_word' id='word_1_110' title='bbox 1480 1955 1495 2000; x_wconf 87' lang='lat'>,</span> <span class='ocrx_word' id='word_1_111' title='bbox 1523 1899 1618 1992; x_wconf 76' lang='lat' dir='ltr'>sirm</span> 
     </span>
     <span class='ocr_line' id='line_1_15' title="bbox 178 2000 1617 2140; baseline 0.006 -52"><span class='ocrx_word' id='word_1_112' title='bbox 178 2000 258 2113; x_wconf 76' lang='lat' dir='ltr'>jam</span> <span class='ocrx_word' id='word_1_113' title='bbox 289 2004 446 2118; x_wconf 87' lang='lat' dir='ltr'>sanguis</span> <span class='ocrx_word' id='word_1_114' title='bbox 472 2007 612 2122; x_wconf 77' lang='lat' dir='ltr'>incipit</span> <span class='ocrx_word' id='word_1_115' title='bbox 637 2008 840 2140; x_wconf 86' lang='lat' dir='ltr'>principiis</span> <span class='ocrx_word' id='word_1_116' title='bbox 867 2005 1092 2120; x_wconf 87' lang='lat' dir='ltr'>turgescere</span> <span class='ocrx_word' id='word_1_117' title='bbox 1117 2004 1307 2110; x_wconf 74' lang='lat' dir='ltr'>aetuoso,</span> <span class='ocrx_word' id='word_1_118' title='bbox 1340 2013 1383 2092; x_wconf 81' lang='lat' dir='ltr'>dt</span> <span class='ocrx_word' id='word_1_119' title='bbox 1408 2006 1617 2121; x_wconf 72' lang='lat' dir='ltr'>presertim</span> 
     </span>
     <span class='ocr_line' id='line_1_16' title="bbox 175 2115 1617 2238; baseline 0 -34"><span class='ocrx_word' id='word_1_120' title='bbox 175 2115 338 2224; x_wconf 83' lang='lat' dir='ltr'>salinis,</span> <span class='ocrx_word' id='word_1_121' title='bbox 369 2115 686 2230; x_wconf 90' lang='lat' dir='ltr'>evolvunturque</span> <span class='ocrx_word' id='word_1_122' title='bbox 717 2122 910 2238; x_wconf 91' lang='lat' dir='ltr'>pnncipia</span> <span class='ocrx_word' id='word_1_123' title='bbox 929 2117 1006 2204; x_wconf 66' lang='lat' dir='ltr'>,illa</span> <span class='ocrx_word' id='word_1_124' title='bbox 1031 2145 1155 2214; x_wconf 88' lang='lat' dir='ltr'>muco</span> <span class='ocrx_word' id='word_1_125' title='bbox 1181 2115 1351 2214; x_wconf 80' lang='lat' dir='ltr'>infantili</span> <span class='ocrx_word' id='word_1_126' title='bbox 1383 2125 1425 2203; x_wconf 81' lang='lat' dir='ltr'>dt</span> <span class='ocrx_word' id='word_1_127' title='bbox 1453 2119 1617 2232; x_wconf 80' lang='lat' dir='ltr'>informi</span> 
     </span>
     <span class='ocr_line' id='line_1_17' title="bbox 178 2228 1656 2350; baseline -0.004 -34"><span class='ocrx_word' id='word_1_128' title='bbox 178 2236 284 2348; x_wconf 85' lang='lat' dir='ltr'>priirs</span> <span class='ocrx_word' id='word_1_129' title='bbox 311 2228 454 2339; x_wconf 76' lang='lat' dir='ltr'>obruta</span> <span class='ocrx_word' id='word_1_130' title='bbox 466 2293 482 2340; x_wconf 88' lang='lat'>,</span> <span class='ocrx_word' id='word_1_131' title='bbox 514 2231 691 2318; x_wconf 85' lang='lat' dir='ltr'>lichenes</span> <span class='ocrx_word' id='word_1_132' title='bbox 717 2233 873 2348; x_wconf 78' lang='lat' dir='ltr'>sparsim</span> <span class='ocrx_word' id='word_1_133' title='bbox 904 2259 975 2350; x_wconf 81' lang='lat' dir='ltr'>per</span> <span class='ocrx_word' id='word_1_134' title='bbox 1004 2258 1131 2324; x_wconf 87' lang='lat' dir='ltr'>totam</span> <span class='ocrx_word' id='word_1_135' title='bbox 1159 2235 1341 2346; x_wconf 83' lang='lat' dir='ltr'>corporis</span> <span class='ocrx_word' id='word_1_136' title='bbox 1368 2231 1617 2347; x_wconf 75' lang='lat' dir='ltr'>superficiem</span> <span class='ocrx_word' id='word_1_137' title='bbox 1654 2303 1656 2310; x_wconf 81' lang='grc'>,</span> 
     </span>
     <span class='ocr_line' id='line_1_18' title="bbox 176 2342 1617 2460; baseline 0 -30"><span class='ocrx_word' id='word_1_138' title='bbox 176 2345 407 2431; x_wconf 85' lang='lat' dir='ltr'>effloruisse.</span> <span class='ocrx_word' id='word_1_139' title='bbox 439 2343 626 2460; x_wconf 74' lang='lat' dir='ltr'>Negledli</span> <span class='ocrx_word' id='word_1_140' title='bbox 652 2347 741 2432; x_wconf 91' lang='lat' dir='ltr'>sunt</span> <span class='ocrx_word' id='word_1_141' title='bbox 765 2343 825 2430; x_wconf 92' lang='lat' dir='ltr'>illi</span> <span class='ocrx_word' id='word_1_142' title='bbox 851 2349 892 2430; x_wconf 92' lang='lat' dir='ltr'>in</span> <span class='ocrx_word' id='word_1_143' title='bbox 916 2344 1089 2438; x_wconf 82' lang='lat' dir='ltr'>scholari</span> <span class='ocrx_word' id='word_1_144' title='bbox 1110 2342 1374 2440; x_wconf 79' lang='lat' dir='ltr'>ualentissrmo</span> <span class='ocrx_word' id='word_1_145' title='bbox 1386 2407 1399 2452; x_wconf 89' lang='lat'>,</span> <span class='ocrx_word' id='word_1_146' title='bbox 1426 2350 1617 2441; x_wconf 63' lang='lat' dir='ltr'>exercita</span> 
     </span>
     <span class='ocr_line' id='line_1_19' title="bbox 175 2454 1614 2592; baseline -0.001 -48"><span class='ocrx_word' id='word_1_147' title='bbox 175 2460 350 2566; x_wconf 85' lang='lat' dir='ltr'>tiffrmo,</span> <span class='ocrx_word' id='word_1_148' title='bbox 371 2461 458 2542; x_wconf 85' lang='lat' dir='ltr'>imb</span> <span class='ocrx_word' id='word_1_149' title='bbox 480 2465 522 2570; x_wconf 77' lang='lat' dir='ltr'>dr</span> <span class='ocrx_word' id='word_1_150' title='bbox 544 2488 617 2576; x_wconf 91' lang='lat' dir='ltr'>pro</span> <span class='ocrx_word' id='word_1_151' title='bbox 639 2487 750 2545; x_wconf 80' lang='lat' dir='ltr'>atate</span> <span class='ocrx_word' id='word_1_152' title='bbox 766 2458 918 2544; x_wconf 89' lang='lat' dir='ltr'>toroso.</span> <span class='ocrx_word' id='word_1_153' title='bbox 944 2455 1055 2592; x_wconf 72' lang='lat' dir='ltr'>Saepd</span> <span class='ocrx_word' id='word_1_154' title='bbox 1075 2454 1281 2550; x_wconf 89' lang='lat' dir='ltr'>sudoribus</span> <span class='ocrx_word' id='word_1_155' title='bbox 1297 2456 1502 2556; x_wconf 83' lang='lat' dir='ltr'>diffluebat</span> <span class='ocrx_word' id='word_1_156' title='bbox 1520 2458 1614 2568; x_wconf 75' lang='lat' dir='ltr'>ille,</span> 
     </span>
     <span class='ocr_line' id='line_1_20' title="bbox 180 2567 1616 2707; baseline 0.001 -51"><span class='ocrx_word' id='word_1_157' title='bbox 180 2573 427 2688; x_wconf 87' lang='lat' dir='ltr'>repressaque</span> <span class='ocrx_word' id='word_1_158' title='bbox 440 2572 669 2707; x_wconf 89' lang='lat' dir='ltr'>perspiratio</span> <span class='ocrx_word' id='word_1_159' title='bbox 687 2575 787 2658; x_wconf 89' lang='lat' dir='ltr'>acris</span> <span class='ocrx_word' id='word_1_160' title='bbox 802 2571 911 2660; x_wconf 76' lang='lat' dir='ltr'>nulli</span> <span class='ocrx_word' id='word_1_161' title='bbox 924 2569 1195 2686; x_wconf 84' lang='lat' dir='ltr'>excrpiebatur</span> <span class='ocrx_word' id='word_1_162' title='bbox 1205 2567 1323 2656; x_wconf 76' lang='lat' dir='ltr'>curbi</span> <span class='ocrx_word' id='word_1_163' title='bbox 1340 2570 1455 2680; x_wconf 88' lang='lat' dir='ltr'>Quid</span> <span class='ocrx_word' id='word_1_164' title='bbox 1465 2571 1616 2658; x_wconf 70' lang='lat' dir='ltr'>multas</span> 
     </span>
     <span class='ocr_line' id='line_1_21' title="bbox 179 2679 1616 2800; baseline -0.001 -30"><span class='ocrx_word' id='word_1_165' title='bbox 179 2685 396 2772; x_wconf 82' lang='lat' dir='ltr'>Catharrus</span> <span class='ocrx_word' id='word_1_166' title='bbox 413 2690 582 2800; x_wconf 75' lang='lat' dir='ltr'>ingruit,</span> <span class='ocrx_word' id='word_1_167' title='bbox 603 2685 674 2770; x_wconf 92' lang='lat' dir='ltr'>sed</span> <span class='ocrx_word' id='word_1_168' title='bbox 693 2685 874 2772; x_wconf 77' lang='lat' dir='ltr'>remansit</span> <span class='ocrx_word' id='word_1_169' title='bbox 896 2686 976 2773; x_wconf 79' lang='lat' dir='ltr'>nah</span> <span class='ocrx_word' id='word_1_170' title='bbox 997 2686 1203 2776; x_wconf 87' lang='lat' dir='ltr'>exterioris</span> <span class='ocrx_word' id='word_1_171' title='bbox 1221 2679 1504 2798; x_wconf 84' lang='lat' dir='ltr'>uolumenpro</span> <span class='ocrx_word' id='word_1_172' title='bbox 1526 2713 1616 2784; x_wconf 82' lang='lat' dir='ltr'>cor·-</span> 
     </span>
     <span class='ocr_line' id='line_1_22' title="bbox 208 2797 1612 2915; baseline -0.001 -30"><span class='ocrx_word' id='word_1_173' title='bbox 208 2829 281 2886; x_wconf 90' lang='lat' dir='ltr'>ore</span> <span class='ocrx_word' id='word_1_174' title='bbox 301 2801 565 2907; x_wconf 88' lang='lat' dir='ltr'>immensum,</span> <span class='ocrx_word' id='word_1_175' title='bbox 586 2797 698 2911; x_wconf 92' lang='lat' dir='ltr'>quod</span> <span class='ocrx_word' id='word_1_176' title='bbox 717 2797 796 2906; x_wconf 84' lang='lat' dir='ltr'>jam</span> <span class='ocrx_word' id='word_1_177' title='bbox 811 2801 1131 2915; x_wconf 88' lang='lat' dir='ltr'>propinquorum</span> <span class='ocrx_word' id='word_1_178' title='bbox 1150 2797 1420 2914; x_wconf 73' lang='lat' dir='ltr'>attentionem</span> <span class='ocrx_word' id='word_1_179' title='bbox 1440 2799 1612 2890; x_wconf 83' lang='lat' dir='ltr'>extorsrt.</span> 
     </span>
     <span class='ocr_line' id='line_1_23' title="bbox 175 2831 1614 3028; baseline -0.002 -31"><span class='ocrx_word' id='word_1_180' title='bbox 175 2831 443 3028; x_wconf 48' lang='lat' dir='ltr'>iurgantibus</span> <span class='ocrx_word' id='word_1_181' title='bbox 465 2905 530 2997; x_wconf 82' lang='lat' dir='ltr'>diu</span> <span class='ocrx_word' id='word_1_182' title='bbox 554 2911 827 3024; x_wconf 81' lang='lat' dir='ltr'>incasshmque</span> <span class='ocrx_word' id='word_1_183' title='bbox 843 2911 1076 2998; x_wconf 89' lang='lat' dir='ltr'>dimicatum</span> <span class='ocrx_word' id='word_1_184' title='bbox 1090 2911 1171 3016; x_wconf 86' lang='lat' dir='ltr'>est,</span> <span class='ocrx_word' id='word_1_185' title='bbox 1199 2908 1331 2994; x_wconf 89' lang='lat' dir='ltr'>donec</span> <span class='ocrx_word' id='word_1_186' title='bbox 1349 2907 1493 3024; x_wconf 72' lang='lat' dir='ltr'>magni</span> <span class='ocrx_word' id='word_1_187' title='bbox 1510 2909 1614 3026; x_wconf 52' lang='lat' dir='ltr'>pilu,-</span> 
     </span>
     <span class='ocr_line' id='line_1_24' title="bbox 175 3021 1614 3128; baseline 0 -16"><span class='ocrx_word' id='word_1_188' title='bbox 175 3023 307 3112; x_wconf 84' lang='lat' dir='ltr'>larum</span> <span class='ocrx_word' id='word_1_189' title='bbox 326 3023 622 3112; x_wconf 84' lang='lat' dir='ltr'>mercurialium</span> <span class='ocrx_word' id='word_1_190' title='bbox 640 3025 724 3114; x_wconf 86' lang='lat' dir='ltr'>dofi</span> <span class='ocrx_word' id='word_1_191' title='bbox 741 3025 903 3114; x_wconf 76' lang='lat' dir='ltr'>tandm</span> <span class='ocrx_word' id='word_1_192' title='bbox 920 3025 1075 3113; x_wconf 81' lang='lat' dir='ltr'>fanatm</span> <span class='ocrx_word' id='word_1_193' title='bbox 1090 3021 1210 3110; x_wconf 80' lang='lat' dir='ltr'>fiterit</span> <span class='ocrx_word' id='word_1_194' title='bbox 1223 3021 1363 3128; x_wconf 87' lang='lat' dir='ltr'>nasus,</span> <span class='ocrx_word' id='word_1_195' title='bbox 1385 3021 1497 3108; x_wconf 76' lang='lat' dir='ltr'>simul</span> <span class='ocrx_word' id='word_1_196' title='bbox 1515 3023 1614 3111; x_wconf 87' lang='lat' dir='ltr'>deli-</span> 
     </span>
     <span class='ocr_line' id='line_1_25' title="bbox 177 3131 1614 3252; baseline -0.004 -24"><span class='ocrx_word' id='word_1_197' title='bbox 177 3138 422 3228; x_wconf 79' lang='lat' dir='ltr'>tescentibus</span> <span class='ocrx_word' id='word_1_198' title='bbox 445 3138 683 3228; x_wconf 86' lang='lat' dir='ltr'>lichenibus.</span> <span class='ocrx_word' id='word_1_199' title='bbox 724 3139 854 3252; x_wconf 87' lang='lat' dir='ltr'>Quod</span> <span class='ocrx_word' id='word_1_200' title='bbox 883 3137 1046 3250; x_wconf 84' lang='lat' dir='ltr'>quidem</span> <span class='ocrx_word' id='word_1_201' title='bbox 1073 3135 1297 3250; x_wconf 81' lang='lat' dir='ltr'>symptoma</span> <span class='ocrx_word' id='word_1_202' title='bbox 1322 3131 1555 3228; x_wconf 78' lang='lat' dir='ltr'>lichenibus,</span> <span class='ocrx_word' id='word_1_203' title='bbox 1569 3142 1614 3226; x_wconf 89' lang='lat' dir='ltr'>in</span> 
     </span>
     <span class='ocr_line' id='line_1_26' title="bbox 178 3246 1614 3370; baseline 0 -34"><span class='ocrx_word' id='word_1_204' title='bbox 178 3253 324 3370; x_wconf 87' lang='lat' dir='ltr'>puellis</span> <span class='ocrx_word' id='word_1_205' title='bbox 347 3256 514 3340; x_wconf 86' lang='lat' dir='ltr'>mixtum</span> <span class='ocrx_word' id='word_1_206' title='bbox 536 3283 618 3338; x_wconf 90' lang='lat' dir='ltr'>non</span> <span class='ocrx_word' id='word_1_207' title='bbox 640 3251 719 3340; x_wconf 76' lang='lat' dir='ltr'>uns</span> <span class='ocrx_word' id='word_1_208' title='bbox 736 3256 828 3340; x_wconf 91' lang='lat' dir='ltr'>vice</span> <span class='ocrx_word' id='word_1_209' title='bbox 843 3251 952 3364; x_wconf 79' lang='lat' dir='ltr'>vidi,</span> <span class='ocrx_word' id='word_1_210' title='bbox 977 3279 1054 3338; x_wconf 90' lang='lat' dir='ltr'>nec</span> <span class='ocrx_word' id='word_1_211' title='bbox 1071 3249 1249 3335; x_wconf 87' lang='lat' dir='ltr'>sanatum</span> <span class='ocrx_word' id='word_1_212' title='bbox 1270 3246 1389 3336; x_wconf 72' lang='lat' dir='ltr'>facile</span> <span class='ocrx_word' id='word_1_213' title='bbox 1401 3311 1416 3358; x_wconf 92' lang='lat'>,</span> <span class='ocrx_word' id='word_1_214' title='bbox 1442 3252 1526 3336; x_wconf 83' lang='lat' dir='ltr'>imb</span> <span class='ocrx_word' id='word_1_215' title='bbox 1543 3280 1614 3367; x_wconf 92' lang='lat' dir='ltr'>per</span> 
     </span>
     <span class='ocr_line' id='line_1_27' title="bbox 174 3361 1614 3478; baseline -0.003 -24"><span class='ocrx_word' id='word_1_216' title='bbox 174 3395 310 3454; x_wconf 78' lang='lat' dir='ltr'>totam</span> <span class='ocrx_word' id='word_1_217' title='bbox 334 3371 457 3452; x_wconf 80' lang='lat' dir='ltr'>vitam</span> <span class='ocrx_word' id='word_1_218' title='bbox 540 3367 737 3474; x_wconf 69' lang='lat' dir='ltr'>murelle,</span> <span class='ocrx_word' id='word_1_219' title='bbox 772 3395 855 3456; x_wconf 82' lang='lat' dir='ltr'>non</span> <span class='ocrx_word' id='word_1_220' title='bbox 883 3367 965 3452; x_wconf 85' lang='lat' dir='ltr'>sine</span> <span class='ocrx_word' id='word_1_221' title='bbox 999 3361 1169 3478; x_wconf 79' lang='lat' dir='ltr'>negleni</span> <span class='ocrx_word' id='word_1_222' title='bbox 1203 3365 1320 3448; x_wconf 91' lang='lat' dir='ltr'>initio</span> <span class='ocrx_word' id='word_1_223' title='bbox 1351 3361 1445 3448; x_wconf 89' lang='lat' dir='ltr'>mali</span> <span class='ocrx_word' id='word_1_224' title='bbox 1477 3363 1614 3450; x_wconf 74' lang='lat' dir='ltr'>moeste</span> 
     </span>
     <span class='ocr_line' id='line_1_28' title="bbox 180 3397 1616 3594; baseline 0.001 -27"><span class='ocrx_word' id='word_1_225' title='bbox 180 3479 473 3568; x_wconf 74' lang='lat' dir='ltr'>recordatione</span> <span class='ocrx_word' id='word_1_226' title='bbox 487 3397 716 3568; x_wconf 60' lang='lat' dir='ltr'>lleiderurnb</span> <span class='ocrx_word' id='word_1_227' title='bbox 729 3481 840 3568; x_wconf 86' lang='lat' dir='ltr'>hisce</span> <span class='ocrx_word' id='word_1_228' title='bbox 852 3475 1045 3594; x_wconf 81' lang='lat' dir='ltr'>exemplis</span> <span class='ocrx_word' id='word_1_229' title='bbox 1061 3477 1365 3570; x_wconf 78' lang='lat' dir='ltr'>demonstratum</span> <span class='ocrx_word' id='word_1_230' title='bbox 1379 3505 1463 3560; x_wconf 88' lang='lat' dir='ltr'>non</span> <span class='ocrx_word' id='word_1_231' title='bbox 1474 3475 1616 3590; x_wconf 79' lang='lat' dir='ltr'>leviter</span> 
     </span>
     <span class='ocr_line' id='line_1_29' title="bbox 179 3586 1616 3711; baseline -0.008 -29"><span class='ocrx_word' id='word_1_232' title='bbox 179 3595 260 3682; x_wconf 83' lang='lat' dir='ltr'>elle</span> <span class='ocrx_word' id='word_1_233' title='bbox 283 3595 652 3711; x_wconf 78' lang='lat' dir='ltr'>praetermittendam</span> <span class='ocrx_word' id='word_1_234' title='bbox 678 3593 886 3680; x_wconf 89' lang='lat' dir='ltr'>lichenum</span> <span class='ocrx_word' id='word_1_235' title='bbox 900 3587 1163 3683; x_wconf 60' lang='lat' dir='ltr'>*curationem</span> <span class='ocrx_word' id='word_1_236' title='bbox 1175 3652 1190 3702; x_wconf 92' lang='lat'>,</span> <span class='ocrx_word' id='word_1_237' title='bbox 1222 3586 1328 3682; x_wconf 74' lang='lat' dir='ltr'>circi</span> <span class='ocrx_word' id='word_1_238' title='bbox 1360 3619 1478 3702; x_wconf 92' lang='lat' dir='ltr'>quam</span> <span class='ocrx_word' id='word_1_239' title='bbox 1505 3593 1616 3688; x_wconf 80' lang='lat' dir='ltr'>insti-</span> 
     </span>
     <span class='ocr_line' id='line_1_30' title="bbox 177 3703 1618 3820; baseline -0.004 -26"><span class='ocrx_word' id='word_1_240' title='bbox 177 3709 374 3796; x_wconf 71' lang='lat' dir='ltr'>‘tuendam</span> <span class='ocrx_word' id='word_1_241' title='bbox 398 3709 660 3792; x_wconf 71' lang='lat' dir='ltr'>variae&#39;etiam</span> <span class='ocrx_word' id='word_1_242' title='bbox 692 3706 898 3798; x_wconf 83' lang='lat' dir='ltr'>lichenum</span> <span class='ocrx_word' id='word_1_243' title='bbox 927 3704 1077 3820; x_wconf 86' lang='lat' dir='ltr'>species</span> <span class='ocrx_word' id='word_1_244' title='bbox 1107 3705 1355 3792; x_wconf 87' lang='lat' dir='ltr'>inanimum</span> <span class='ocrx_word' id='word_1_245' title='bbox 1385 3703 1618 3800; x_wconf 81' lang='lat' dir='ltr'>revocandae</span> 
     </span>
     <span class='ocr_line' id='line_1_31' title="bbox 176 3815 1707 3937; baseline -0.003 -31"><span class='ocrx_word' id='word_1_246' title='bbox 176 3823 302 3924; x_wconf 74' lang='lat' dir='ltr'>sunt,</span> <span class='ocrx_word' id='word_1_247' title='bbox 326 3825 460 3933; x_wconf 89' lang='lat' dir='ltr'>itaque</span> <span class='ocrx_word' id='word_1_248' title='bbox 480 3819 607 3906; x_wconf 78' lang='lat' dir='ltr'>tribus</span> <span class='ocrx_word' id='word_1_249' title='bbox 631 3820 740 3906; x_wconf 87' lang='lat' dir='ltr'>hisce</span> <span class='ocrx_word' id='word_1_250' title='bbox 761 3815 965 3937; x_wconf 87' lang='lat' dir='ltr'>speciebus</span> <span class='ocrx_word' id='word_1_251' title='bbox 983 3821 1089 3906; x_wconf 87' lang='lat' dir='ltr'>varia</span> <span class='ocrx_word' id='word_1_252' title='bbox 1106 3815 1323 3912; x_wconf 83' lang='lat' dir='ltr'>admodlun</span> <span class='ocrx_word' id='word_1_253' title='bbox 1341 3819 1494 3907; x_wconf 86' lang='lat' dir='ltr'>curatio</span> <span class='ocrx_word' id='word_1_254' title='bbox 1512 3847 1621 3902; x_wconf 89' lang='lat' dir='ltr'>com·</span> <span class='ocrx_word' id='word_1_255' title='bbox 1704 3843 1707 3848; x_wconf 87' lang='lat'>·</span> 
     </span>
     <span class='ocr_line' id='line_1_32' title="bbox 229 3963 292 4023; baseline 0.016 -1"><span class='ocrx_word' id='word_1_256' title='bbox 229 3963 292 4023; x_wconf 74' lang='lat' dir='ltr'>m</span> 
     </span>
     <span class='ocr_line' id='line_1_33' title="bbox 177 3966 1616 4165; baseline -0.003 -31"><span class='ocrx_word' id='word_1_257' title='bbox 177 3966 544 4165; x_wconf 77' lang='lat' dir='ltr'>peSimplicislimre</span> <span class='ocrx_word' id='word_1_258' title='bbox 560 4051 694 4155; x_wconf 87' lang='lat' dir='ltr'>enim,</span> <span class='ocrx_word' id='word_1_259' title='bbox 721 4052 762 4134; x_wconf 80' lang='lat' dir='ltr'>dt</span> <span class='ocrx_word' id='word_1_260' title='bbox 782 4073 833 4132; x_wconf 85' lang='lat' dir='ltr'>ex</span> <span class='ocrx_word' id='word_1_261' title='bbox 850 4044 1049 4138; x_wconf 78' lang='lat' dir='ltr'>accidenti</span> <span class='ocrx_word' id='word_1_262' title='bbox 1062 4069 1364 4148; x_wconf 83' lang='lat' dir='ltr'>externonatae,</span> <span class='ocrx_word' id='word_1_263' title='bbox 1384 4069 1430 4128; x_wconf 93' lang='lat' dir='ltr'>ut</span> <span class='ocrx_word' id='word_1_264' title='bbox 1448 4041 1616 4140; x_wconf 74' lang='lat' dir='ltr'>climatis</span> 
     </span>
     <span class='ocr_line' id='line_1_34' title="bbox 182 4155 1617 4288; baseline 0 -40"><span class='ocrx_word' id='word_1_265' title='bbox 182 4165 353 4248; x_wconf 88' lang='lat' dir='ltr'>ariditati</span> <span class='ocrx_word' id='word_1_266' title='bbox 375 4161 717 4270; x_wconf 77' lang='lat' dir='ltr'>debita„affiduo</span> <span class='ocrx_word' id='word_1_267' title='bbox 742 4160 791 4246; x_wconf 90' lang='lat' dir='ltr'>ad</span> <span class='ocrx_word' id='word_1_268' title='bbox 813 4160 954 4252; x_wconf 83' lang='lat' dir='ltr'>focum</span> <span class='ocrx_word' id='word_1_269' title='bbox 979 4159 1155 4264; x_wconf 76' lang='lat' dir='ltr'>uffeffui,</span> <span class='ocrx_word' id='word_1_270' title='bbox 1183 4159 1211 4239; x_wconf 87' lang='lat' dir='ltr'>fi</span> <span class='ocrx_word' id='word_1_271' title='bbox 1235 4155 1441 4288; x_wconf 76' lang='lat' dir='ltr'>presertim</span> <span class='ocrx_word' id='word_1_272' title='bbox 1469 4157 1492 4242; x_wconf 83' lang='grc' dir='ltr'>ὲ</span> <span class='ocrx_word' id='word_1_273' title='bbox 1519 4157 1617 4249; x_wconf 74' lang='lat' dir='ltr'>cali·</span> 
     </span>
     <span class='ocr_line' id='line_1_35' title="bbox 186 4266 1614 4392; baseline -0.006 -28"><span class='ocrx_word' id='word_1_274' title='bbox 186 4278 291 4364; x_wconf 89' lang='lat' dir='ltr'>diori</span> <span class='ocrx_word' id='word_1_275' title='bbox 309 4275 407 4363; x_wconf 91' lang='lat' dir='ltr'>loco</span> <span class='ocrx_word' id='word_1_276' title='bbox 432 4281 472 4360; x_wconf 90' lang='lat' dir='ltr'>in</span> <span class='ocrx_word' id='word_1_277' title='bbox 492 4277 738 4392; x_wconf 84' lang='lat' dir='ltr'>frigidiorem</span> <span class='ocrx_word' id='word_1_278' title='bbox 748 4279 861 4360; x_wconf 85' lang='lat' dir='ltr'>¹cutis</span> <span class='ocrx_word' id='word_1_279' title='bbox 879 4277 1038 4362; x_wconf 86' lang='lat' dir='ltr'>tenuior</span> <span class='ocrx_word' id='word_1_280' title='bbox 1057 4301 1105 4358; x_wconf 90' lang='lat' dir='ltr'>ac</span> <span class='ocrx_word' id='word_1_281' title='bbox 1125 4266 1296 4366; x_wconf 69' lang='lat' dir='ltr'>debitor</span> <span class='ocrx_word' id='word_1_282' title='bbox 1314 4269 1396 4354; x_wconf 91' lang='lat' dir='ltr'>sese</span> <span class='ocrx_word' id='word_1_283' title='bbox 1415 4297 1614 4388; x_wconf 79' lang='lat' dir='ltr'>exponat,</span> 
     </span>
     <span class='ocr_line' id='line_1_36' title="bbox 186 4381 1666 4504; baseline -0.004 -30"><span class='ocrx_word' id='word_1_284' title='bbox 186 4391 283 4504; x_wconf 91' lang='lat' dir='ltr'>quid</span> <span class='ocrx_word' id='word_1_285' title='bbox 307 4389 413 4478; x_wconf 84' lang='lat' dir='ltr'>aliud</span> <span class='ocrx_word' id='word_1_286' title='bbox 438 4419 680 4502; x_wconf 79' lang='lat' dir='ltr'>quatemus,</span> <span class='ocrx_word' id='word_1_287' title='bbox 706 4414 842 4502; x_wconf 84' lang='lat' dir='ltr'>praeter</span> <span class='ocrx_word' id='word_1_288' title='bbox 862 4381 1313 4472; x_wconf 84' lang='lat' dir='ltr'>affiduumcutisfotum</span> <span class='ocrx_word' id='word_1_289' title='bbox 1335 4385 1616 4476; x_wconf 84' lang='lat' dir='ltr'>itainstitutum</span> <span class='ocrx_word' id='word_1_290' title='bbox 1664 4387 1666 4395; x_wconf 81' lang='grc'><strong>’</strong></span> 
     </span>
     <span class='ocr_line' id='line_1_37' title="bbox 185 4487 1616 4631; baseline -0.006 -41"><span class='ocrx_word' id='word_1_291' title='bbox 185 4531 231 4590; x_wconf 93' lang='lat' dir='ltr'>ut</span> <span class='ocrx_word' id='word_1_292' title='bbox 255 4503 460 4614; x_wconf 87' lang='lat' dir='ltr'>molliatur</span> <span class='ocrx_word' id='word_1_293' title='bbox 483 4499 653 4614; x_wconf 73' lang='lat' dir='ltr'>subjecta</span> <span class='ocrx_word' id='word_1_294' title='bbox 675 4500 910 4618; x_wconf 87' lang='lat' dir='ltr'>epidermidi</span> <span class='ocrx_word' id='word_1_295' title='bbox 938 4499 1040 4584; x_wconf 88' lang='lat' dir='ltr'>cutis</span> <span class='ocrx_word' id='word_1_296' title='bbox 1067 4495 1226 4631; x_wconf 80' lang='lat' dir='ltr'>ipsaque</span> <span class='ocrx_word' id='word_1_297' title='bbox 1254 4487 1464 4611; x_wconf 83' lang='lat' dir='ltr'>epidermis</span> <span class='ocrx_word' id='word_1_298' title='bbox 1487 4497 1616 4588; x_wconf 89' lang='lat' dir='ltr'>emol-</span> 
     </span>
     <span class='ocr_line' id='line_1_38' title="bbox 183 4609 1616 4727; baseline -0.001 -25"><span class='ocrx_word' id='word_1_299' title='bbox 183 4617 253 4704; x_wconf 89' lang='lat' dir='ltr'>lita</span> <span class='ocrx_word' id='word_1_300' title='bbox 276 4615 596 4710; x_wconf 70' lang='lat' dir='ltr'>servedvincula.</span> <span class='ocrx_word' id='word_1_301' title='bbox 623 4617 734 4701; x_wconf 90' lang='lat' dir='ltr'>Huic</span> <span class='ocrx_word' id='word_1_302' title='bbox 755 4613 1056 4727; x_wconf 85' lang='lat' dir='ltr'>officioparirm</span> <span class='ocrx_word' id='word_1_303' title='bbox 1077 4609 1260 4699; x_wconf 81' lang='lat' dir='ltr'>inserviat</span> <span class='ocrx_word' id='word_1_304' title='bbox 1280 4639 1380 4722; x_wconf 89' lang='lat' dir='ltr'>aqua</span> <span class='ocrx_word' id='word_1_305' title='bbox 1398 4641 1493 4727; x_wconf 88' lang='lat' dir='ltr'>pura</span> <span class='ocrx_word' id='word_1_306' title='bbox 1505 4676 1520 4720; x_wconf 93' lang='lat'>,</span> <span class='ocrx_word' id='word_1_307' title='bbox 1545 4611 1616 4701; x_wconf 87' lang='lat' dir='ltr'>secl</span> 
     </span>
     <span class='ocr_line' id='line_1_39' title="bbox 174 4723 1621 4844; baseline -0.006 -28"><span class='ocrx_word' id='word_1_308' title='bbox 174 4732 249 4816; x_wconf 84' lang='lat' dir='ltr'>illa</span> <span class='ocrx_word' id='word_1_309' title='bbox 266 4731 451 4844; x_wconf 67' lang='lat' dir='ltr'>qua&#39;arte</span> <span class='ocrx_word' id='word_1_310' title='bbox 466 4735 517 4815; x_wconf 77' lang='lat' dir='ltr'>ita</span> <span class='ocrx_word' id='word_1_311' title='bbox 537 4759 667 4844; x_wconf 87' lang='lat' dir='ltr'>parata</span> <span class='ocrx_word' id='word_1_312' title='bbox 683 4725 1058 4838; x_wconf 75' lang='lat' dir='ltr'>srt,.utundluosum</span> <span class='ocrx_word' id='word_1_313' title='bbox 1073 4723 1199 4812; x_wconf 90' lang='lat' dir='ltr'>molle</span> <span class='ocrx_word' id='word_1_314' title='bbox 1214 4727 1439 4833; x_wconf 88' lang='lat' dir='ltr'>contineat,</span> <span class='ocrx_word' id='word_1_315' title='bbox 1464 4755 1621 4836; x_wconf 75' lang='lat' dir='ltr'>aquam</span> 
     </span>
     <span class='ocr_line' id='line_1_40' title="bbox 170 4837 1616 4967; baseline -0.006 -33"><span class='ocrx_word' id='word_1_316' title='bbox 170 4877 261 4967; x_wconf 48' lang='lat' dir='ltr'>‘que</span> <span class='ocrx_word' id='word_1_317' title='bbox 275 4847 449 4967; x_wconf 90' lang='lat' dir='ltr'>applicet</span> <span class='ocrx_word' id='word_1_318' title='bbox 464 4844 756 4962; x_wconf 76' lang='lat' dir='ltr'>&amp;applicatam</span> <span class='ocrx_word' id='word_1_319' title='bbox 768 4840 908 4952; x_wconf 78' lang='lat' dir='ltr'>servet.</span> <span class='ocrx_word' id='word_1_320' title='bbox 927 4837 1253 4958; x_wconf 72' lang='lat' dir='ltr'>Talesubsrdirun</span> <span class='ocrx_word' id='word_1_321' title='bbox 1265 4837 1439 4960; x_wconf 79' lang='lat' dir='ltr'>prebent</span> <span class='ocrx_word' id='word_1_322' title='bbox 1450 4839 1616 4928; x_wconf 68' lang='lat' dir='ltr'>decodia</span> 
     </span>
    </p>
   </div>
   <div class='ocr_carea' id='block_1_3' title="bbox 0 0 2103 5908">
    <p class='ocr_par' dir='ltr' id='par_1_3' title="bbox 0 0 2103 5908">
     <span class='ocr_line' id='line_1_41' title="bbox 0 0 2103 5908; baseline 0 0"><span class='ocrx_word' id='word_1_323' title='bbox 0 0 2103 5908; x_wconf 95' lang='lat' dir='ltr'> </span> 
     </span>
    </p>
   </div>
  </div>
 </body>
</html>
