4226 5916
481 454 568 540 4„
695 471 697 476 ι
925 414 1034 508 nn
1099 413 1463 507 mornas

485 623 1931 708 m

853 811 1320 920 CAPUT
1413 811 1576 918 III.
1744 901 1762 918 .

470 1116 480 1134 ·
562 1057 648 1172 De
674 1053 956 1166 Tumoribus
971 1053 1685 1203 Lympburicisfirppuraruibus
1708 1051 1860 1170 alicui

784 1223 790 1234 “
837 1249 839 1255 ’
936 1220 1071 1360 parri
1098 1218 1221 1324 cutis
1242 1217 1470 1364 propriis.

720 1409 1694 1561 nurrcuuusauruue

725 1685 793 1771 De
818 1681 1040 1770 Meliceride
1051 1742 1067 1790 ,
1097 1682 1234 1780 Cede,
1259 1681 1295 1768 ἃ
1320 1680 1533 1798 Melitugrri'
1553 1673 1714 1770 Galerii

464 2003 468 2012 Ι
495 1821 859 2006 Maerentem,
875 1923 1045 2008 μιλοιηρις
1060 1894 1213 2009 &unpbr
1226 1925 1308 2012 quo
1317 1895 1928 1994 uomineintellexeruntveterer

493 2016 723 2106 ulcerosum
749 2016 933 2098 affeflum
965 2017 1123 2124 prorsus
1152 2010 1325 2096 alienum
1352 2009 1400 2095 ab
1425 2009 1499 2096 illo
1527 2011 1636 2096 malo
1665 2016 1777 2126 quod
1808 2019 1929 2108 hodie

492 2159 517 2216 a
546 2131 600 2216 ud
616 2129 837 2240 Chirurgus
855 2115 1004 2243 nomen
1016 2122 1117 2209 illud
1134 2124 1364 2210 circumfert
1376 2127 1461 2238 post
1477 2125 1640 2210 Celsum
1656 2135 1731 2234 (a),
1749 2135 1819 2235 s&
1832 2129 1927 2220 nihil

417 2325 419 2330 .
537 2244 603 2330 'ud
623 2245 676 2326 est
695 2242 812 2354 quim
829 2268 963 2327 tumor
981 2239 1146 2350 cysticus
1164 2241 1375 2323 humorem
1389 2235 1500 2321 melli
1513 2237 1679 2324 similem
1694 2246 1927 2354 continens,

496 2355 549 2442 de
577 2379 659 2469 quo
694 2358 760 2441 hic
798 2381 915 2469 agere
947 2354 1111 2436 nonest
1139 2379 1189 2435 ex
1219 2354 1337 2434 nostri
1354 2353 1495 2488 ¹operis
1525 2353 1732 2458 instituto)
1771 2355 1925 2442 Galeno

496 2471 617 2556 etlam
633 2467 836 2578 retbsldypre
855 2466 979 2552 dlblus
995 2468 1069 2571 est,
1089 2471 1131 2547 &
1149 2463 1381 2574 poreuplolrt
1396 2461 1518 2565 ἕλκος,
1534 2462 1603 2548 sed
1617 2465 1815 2580 vulgatilrs
1831 2473 1926 2582 reapse!

490 2611 580 2780 ¹(ppo
600 2585 765 2666 nomine
787 2578 929 2666 Celsue
949 2567 1280 2691 illuddescripsrt.
1304 2576 1454 2662 Forsan
1475 2577 1527 2664 ad
1549 2580 1651 2663 cutis
1673 2579 1842 2666 morbos
1860 2611 1927 2668 cur

494 2697 506 2716 '
543 2695 596 2781 ud
610 2693 723 2782 ulcus
738 2693 951 2780 referamus
966 2695 1110 2778 mirum
1124 2689 1507 2776 videbitur.Verl1m
1525 2696 1566 2772 ὃ(
1587 2690 1636 2776 ad
1651 2689 1750 2778 allos
1764 2693 1927 2784 morbos

390 2825 395 2831 '
467 2901 469 2905 ,
496 2831 689 2894 curaneos
712 2808 830 2892 susrbs
850 2806 1111 2922 exponendos
1132 2834 1180 2890 ae
1204 2801 1342 2890 melios
1365 2801 1647 2916 intelligendos
1670 2808 1831 2894 confert
1848 2806 1929 2915 ejup'

496 2924 703 3028 mastatio,
718 2949 801 3005 nec
823 2919 917 3005 alibi
934 2918 1052 3030 qulam
1070 2921 1114 3005 in
1132 2943 1225 3004 cute
1244 2916 1530 3032 cognoscitur,
1552 2917 1697 3034 quippe
1719 2922 1763 3005 in
1783 2951 1928 3038 organa

495 3039 650 3120 rantum
671 3058 836 3119 cutanea
855 3030 1070 3118 decumbit.

508 3211 513 3220 .
556 3142 651 3250 Ejus
689 3143 998 3260 descriptionem
1007 3208 1029 3252 ,‚
1056 3141 1377 3256 quandoquidem
1406 3141 1473 3230 alii
1504 3147 1680 3232 auoores
1704 3145 1872 3256 desunt,
1903 3147 1925 3236 ὲ

424 3283 428 3302 ’
497 3254 622 3343 Cesso
640 3284 877 3343 mutuamur.
909 3254 1004 3365 Ejus
1031 3258 1127 3342 duas
1152 3255 1301 3370 species
1327 3257 1539 3372 distinguit.
1564 3257 1747 3344 Altemm
1768 3267 1825 3346 est
1845 3261 1927 3346 sub

494 3368 674 3456 albidum
699 3379 740 3456 bt
759 3367 975 3456 furunculo
1003 3365 1154 3473 sumile,
1181 3369 1249 3474 sed
1272 3365 1394 3478 majus
1417 3379 1458 3456 bt
1479 3399 1574 3455 cum
1594 3401 1742 3486 magno
1761 3375 1925 3478 dolorm

376 3481 380 3490 ’
496 3484 608 3595 quod
626 3481 696 3568 ubi
714 3485 964 3592 maturescit,
986 3480 1107 3570 habet
1122 3479 1318 3566 foramina
1336 3512 1406 3598 per
1426 3513 1510 3595 quae
1531 3483 1654 3569 fertur
1674 3488 1824 3572 humor
1840 3488 1928 3602 glu-

494 3598 647 3683 tinosus
663 3605 704 3682 br
719 3595 977 3712 purulentus,
998 3626 1074 3684 nec
1088 3621 1219 3682 tamen
1238 3594 1290 3697 ad
1304 3592 1439 3702 justam
1458 3601 1720 3682 maturitatem
1735 3606 1927 3733 pervenit.

439 3727 444 3734 '
494 3710 541 3794 Si

493 3743 592 3910 culb
615 3850 798 3942 apparet,
825 3822 1018 3936 altibsque
1043 3820 1277 3909 descendit:
1312 3826 1398 3906 rarb
1423 3825 1490 3907 nisr
1514 3827 1556 3908 in
1578 3821 1732 3941 capillis
1755 3859 1778 3912 a
1806 3853 1929 3942 paret.

491 3937 678 4026 'Alterum
709 3939 762 4024 est
790 3939 947 4045 minus,
980 3943 1023 4020 bt
1050 3937 1165 4048 super
1191 3961 1310 4050 caput
1337 3939 1543 4043 eminens,
1573 3935 1743 4048 durum,
1772 3859 1929 4048 Erum,

494 4051 715 4158 subviride,
736 4047 1028 4168 subpallidum,
1057 4050 1181 4162 magis
1204 4047 1499 4136 exulceratum:
1521 4049 1711 4162 srquidem
1732 4051 1784 4139 ad
1802 4055 1857 4138 sur
1912 4101 1931 4120 ·

494 4162 628 4250 lorum
646 4163 820 4278 pilorum
845 4163 996 4249 radices
1017 4161 1209 4246 foramina
1229 4159 1318 4244 sunt
1338 4190 1408 4275 per
1432 4193 1516 4272 qua:
1531 4163 1655 4248 fertur
1674 4166 1822 4250 humor
1857 4085 1930 4250 lll-

494 4277 664 4381 tinofus,
681 4275 942 4392 subpallidus,
960 4276 1165 4361 craffitiem
1181 4271 1310 4358 mellis
1326 4302 1394 4359 aut
1405 4275 1502 4359 visci
1516 4276 1713 4384 referens,
1729 4199 1931 4362 interdbm

494 4385 601 4493 olei,
627 4395 691 4495 δι,
710 4389 738 4472 fi
755 4389 962 4496 inciditur,
985 4389 1119 4476 viridis
1134 4383 1234 4470 intrb
1249 4384 1366 4472 color
1387 4415 1557 4504 apparet.
1584 4387 1721 4473 Dolor
1736 4419 1870 4476 autem
1886 4399 1931 4476 bt

494 4502 753 4696 inflasmmatio
783 4504 923 4616 iugens
946 4505 1019 4612 est,
1040 4501 1142 4590 adeb
1162 4525 1208 4586 ut
1224 4527 1381 4588 acutam
1403 4529 1566 4616 quoque
1585 4501 1739 4590 febrem
1762 4530 1934 4590 movere

494 4643 575 4702 con
597 4638 708 4698 uerrt.

549 4723 673 4812 Certe
689 4727 729 4808 in
743 4725 818 4811 hle
837 4725 1036 4835 utriusque
1050 4725 1182 4842 specie
1201 4727 1346 4818 ulceris
1366 4731 1460 4840 euple
1477 4727 1590 4844 quod
1605 4732 1647 4818 in
1661 4755 1757 4817 cute
1770 4753 1936 4848 apparet

528 4903 589 4980 (a)
611 4895 675 4961 Lib.
694 4897 776 4982 3„de
786 4895 870 4962 Locis
887 4901 1009 4981 Galeri,
1023 4925 1082 4991 cap.
1099 4927 1130 4990 r,

582 3735 759 3796 erartem
774 3709 940 3796 divisum
954 3713 1007 3794 est
1017 3774 1032 3819 ,
1050 3706 1179 3794 multb
1193 3705 1282 3824 plus
1294 3709 1397 3794 intbs
1415 3713 1590 3825 corrupti
1603 3709 1720 3822 quim
1735 3745 1778 3798 rn
1792 3715 1928 3800 furun-

1634 4989 1937 5108 descriptione,
