<?xml version="1.0" encoding="UTF-8"?>
<!DOCTYPE html PUBLIC "-//W3C//DTD XHTML 1.0 Transitional//EN"
    "http://www.w3.org/TR/xhtml1/DTD/xhtml1-transitional.dtd">
<html xmlns="http://www.w3.org/1999/xhtml" xml:lang="en" lang="en">
 <head>
  <title>
</title>
<meta http-equiv="Content-Type" content="text/html;charset=utf-8" />
  <meta name='ocr-system' content='tesseract 3.04.00' />
  <meta name='ocr-capabilities' content='ocr_page ocr_carea ocr_par ocr_line ocrx_word'/>
</head>
<body>
  <div class='ocr_page' id='page_1' title='image "./tractatusdemorb00cavegoog_0202.png"; bbox 0 0 4228 5898; ppageno 0'>
   <div class='ocr_carea' id='block_1_1' title="bbox 626 453 1619 572">
    <p class='ocr_par' dir='ltr' id='par_1_1' title="bbox 626 453 1619 572">
     <span class='ocr_line' id='line_1_1' title="bbox 626 453 1619 572; baseline 0.004 -24"><span class='ocrx_word' id='word_1_1' title='bbox 626 453 1172 551; x_wconf 65' lang='lat' dir='ltr'><strong>QUTnNssls</strong></span> <span class='ocrx_word' id='word_1_2' title='bbox 1541 497 1619 572; x_wconf 69' lang='lat' dir='ltr'><strong>tw</strong></span> 
     </span>
    </p>
   </div>
   <div class='ocr_carea' id='block_1_2' title="bbox 177 611 1734 5090">
    <p class='ocr_par' dir='ltr' id='par_1_2' title="bbox 177 611 1625 3098">
     <span class='ocr_line' id='line_1_2' title="bbox 179 611 1618 737; baseline 0.009 -36"><span class='ocrx_word' id='word_1_3' title='bbox 179 611 335 701; x_wconf 85' lang='lat' dir='ltr'><strong>vicibus</strong></span> <span class='ocrx_word' id='word_1_4' title='bbox 353 615 411 701; x_wconf 86' lang='lat' dir='ltr'><strong>ad</strong></span> <span class='ocrx_word' id='word_1_5' title='bbox 449 639 582 702; x_wconf 89' lang='lat' dir='ltr'><strong>cutem</strong></span> <span class='ocrx_word' id='word_1_6' title='bbox 614 617 822 727; x_wconf 80' lang='lat' dir='ltr'><strong>feruntur,</strong></span> <span class='ocrx_word' id='word_1_7' title='bbox 860 618 1055 732; x_wconf 74' lang='lat' dir='ltr'><strong>sepeque·</strong></span> <span class='ocrx_word' id='word_1_8' title='bbox 1072 625 1324 737; x_wconf 85' lang='lat' dir='ltr'>eruptionum</span> <span class='ocrx_word' id='word_1_9' title='bbox 1343 641 1486 736; x_wconf 44' lang='lat' dir='ltr'><strong>*genus</strong></span> <span class='ocrx_word' id='word_1_10' title='bbox 1517 625 1618 714; x_wconf 91' lang='lat' dir='ltr'><strong>illud</strong></span> 
     </span>
     <span class='ocr_line' id='line_1_3' title="bbox 179 728 1619 851; baseline 0.008 -39"><span class='ocrx_word' id='word_1_11' title='bbox 179 731 308 812; x_wconf 87' lang='lat' dir='ltr'><strong>cuivis</strong></span> <span class='ocrx_word' id='word_1_12' title='bbox 327 728 564 844; x_wconf 88' lang='lat' dir='ltr'><strong>paroxysmo</strong></span> <span class='ocrx_word' id='word_1_13' title='bbox 589 733 693 816; x_wconf 87' lang='lat' dir='ltr'><strong>crisis</strong></span> <span class='ocrx_word' id='word_1_14' title='bbox 711 736 786 841; x_wconf 88' lang='lat' dir='ltr'><strong>est,</strong></span> <span class='ocrx_word' id='word_1_15' title='bbox 807 740 850 820; x_wconf 78' lang='lat' dir='ltr'><strong>bt</strong></span> <span class='ocrx_word' id='word_1_16' title='bbox 872 732 1036 820; x_wconf 83' lang='lat' dir='ltr'><strong>morbus</strong></span> <span class='ocrx_word' id='word_1_17' title='bbox 1054 734 1252 819; x_wconf 88' lang='lat' dir='ltr'><strong>universus</strong></span> <span class='ocrx_word' id='word_1_18' title='bbox 1273 763 1341 850; x_wconf 91' lang='lat' dir='ltr'><strong>per</strong></span> <span class='ocrx_word' id='word_1_19' title='bbox 1360 739 1619 851; x_wconf 82' lang='lat' dir='ltr'><strong>paroxysmor</strong></span> 
     </span>
     <span class='ocr_line' id='line_1_4' title="bbox 178 839 1617 964; baseline 0.008 -40"><span class='ocrx_word' id='word_1_20' title='bbox 178 839 399 950; x_wconf 84' lang='lat' dir='ltr'><strong>judicatur,</strong></span> <span class='ocrx_word' id='word_1_21' title='bbox 420 869 496 928; x_wconf 92' lang='lat' dir='ltr'><strong>nec</strong></span> <span class='ocrx_word' id='word_1_22' title='bbox 519 843 588 926; x_wconf 90' lang='lat' dir='ltr'><strong>nisi</strong></span> <span class='ocrx_word' id='word_1_23' title='bbox 605 846 726 930; x_wconf 81' lang='lat' dir='ltr'><strong>-finito</strong></span> <span class='ocrx_word' id='word_1_24' title='bbox 750 844 895 930; x_wconf 92' lang='lat' dir='ltr'><strong>inorbo</strong></span> <span class='ocrx_word' id='word_1_25' title='bbox 919 853 961 930; x_wconf 79' lang='lat' dir='ltr'><strong>dt</strong></span> <span class='ocrx_word' id='word_1_26' title='bbox 985 850 1137 960; x_wconf 79' lang='lat' dir='ltr'><strong>penitiis</strong></span> <span class='ocrx_word' id='word_1_27' title='bbox 1158 845 1365 954; x_wconf 89' lang='lat' dir='ltr'><strong>absoluto,</strong></span> <span class='ocrx_word' id='word_1_28' title='bbox 1391 854 1508 934; x_wconf 80' lang='lat' dir='ltr'><strong>urina</strong></span> <span class='ocrx_word' id='word_1_29' title='bbox 1532 883 1617 964; x_wconf 79' lang='lat' dir='ltr'><strong>qua:</strong></span> 
     </span>
     <span class='ocr_line' id='line_1_5' title="bbox 178 953 1618 1076; baseline 0.007 -36"><span class='ocrx_word' id='word_1_30' title='bbox 178 984 250 1072; x_wconf 86' lang='lat' dir='ltr'><strong>pei</strong></span> <span class='ocrx_word' id='word_1_31' title='bbox 269 982 403 1041; x_wconf 92' lang='lat' dir='ltr'><strong>totuin</strong></span> <span class='ocrx_word' id='word_1_32' title='bbox 419 953 605 1040; x_wconf 86' lang='lat' dir='ltr'><strong>morbum</strong></span> <span class='ocrx_word' id='word_1_33' title='bbox 620 979 759 1047; x_wconf 85' lang='lat' dir='ltr'><strong>tenues·</strong></span> <span class='ocrx_word' id='word_1_34' title='bbox 774 959 950 1064; x_wconf 79' lang='lat' dir='ltr'><strong>fueraut,</strong></span> <span class='ocrx_word' id='word_1_35' title='bbox 967 961 1218 1075; x_wconf 81' lang='lat' dir='ltr'><strong>incipiunt&amp;</strong></span> <span class='ocrx_word' id='word_1_36' title='bbox 1232 959 1373 1046; x_wconf 90' lang='lat' dir='ltr'><strong>rubere</strong></span> <span class='ocrx_word' id='word_1_37' title='bbox 1390 971 1431 1048; x_wconf 77' lang='lat' dir='ltr'><strong>bt</strong></span> <span class='ocrx_word' id='word_1_38' title='bbox 1444 961 1618 1076; x_wconf 80' lang='lat' dir='ltr'><strong>aliquam</strong></span> 
     </span>
     <span class='ocr_line' id='line_1_6' title="bbox 179 1069 1607 1158; baseline -0.005 -2"><span class='ocrx_word' id='word_1_39' title='bbox 179 1071 363 1158; x_wconf 69' lang='lat' dir='ltr'><strong>affectare</strong></span> <span class='ocrx_word' id='word_1_40' title='bbox 383 1069 603 1154; x_wconf 85' lang='lat' dir='ltr'><strong>crassitiem.</strong></span> <span class='ocrx_word' id='word_1_41' title='bbox 1132 1148 1134 1156; x_wconf 85' lang='grc'><em>,</em></span> <span class='ocrx_word' id='word_1_42' title='bbox 1602 1138 1607 1149; x_wconf 86' lang='grc'><strong><em>,</em></strong></span> 
     </span>
     <span class='ocr_line' id='line_1_7' title="bbox 237 1171 1617 1299; baseline 0.009 -33"><span class='ocrx_word' id='word_1_43' title='bbox 237 1185 335 1296; x_wconf 88' lang='lat' dir='ltr'><strong>Sym</strong></span> <span class='ocrx_word' id='word_1_44' title='bbox 366 1210 516 1266; x_wconf 87' lang='lat' dir='ltr'><strong>tomata</strong></span> <span class='ocrx_word' id='word_1_45' title='bbox 550 1208 681 1266; x_wconf 87' lang='lat' dir='ltr'><strong>autern</strong></span> <span class='ocrx_word' id='word_1_46' title='bbox 716 1185 856 1296; x_wconf 81' lang='lat' dir='ltr'><strong>p&#39;iaevia</strong></span> <span class='ocrx_word' id='word_1_47' title='bbox 891 1184 1000 1268; x_wconf 90' lang='lat' dir='ltr'><strong>hisce</strong></span> <span class='ocrx_word' id='word_1_48' title='bbox 1034 1182 1336 1299; x_wconf 90' lang='lat' dir='ltr'><strong>eruptionibus,</strong></span> <span class='ocrx_word' id='word_1_49' title='bbox 1372 1171 1411 1270; x_wconf 79' lang='lat' dir='ltr'><strong>i&#39;ii</strong></span> <span class='ocrx_word' id='word_1_50' title='bbox 1448 1191 1617 1278; x_wconf 89' lang='lat' dir='ltr'><strong>humore</strong></span> 
     </span>
     <span class='ocr_line' id='line_1_8' title="bbox 179 1293 1617 1411; baseline 0.006 -31"><span class='ocrx_word' id='word_1_51' title='bbox 179 1297 293 1381; x_wconf 83' lang='lat' dir='ltr'><strong>adeb-</strong></span> <span class='ocrx_word' id='word_1_52' title='bbox 332 1301 432 1380; x_wconf 77' lang='lat' dir='ltr'><strong>‘uto</strong></span> <span class='ocrx_word' id='word_1_53' title='bbox 451 1321 496 1380; x_wconf 96' lang='lat' dir='ltr'><strong>ut</strong></span> <span class='ocrx_word' id='word_1_54' title='bbox 509 1294 706 1381; x_wconf 86' lang='lat' dir='ltr'><strong>universas</strong></span> <span class='ocrx_word' id='word_1_55' title='bbox 722 1293 836 1380; x_wconf 91' lang='lat' dir='ltr'><strong>simul</strong></span> <span class='ocrx_word' id='word_1_56' title='bbox 854 1322 980 1409; x_wconf 86' lang='lat' dir='ltr'><strong>partes</strong></span> <span class='ocrx_word' id='word_1_57' title='bbox 994 1323 1193 1411; x_wconf 89' lang='lat' dir='ltr'><strong>occupet,</strong></span> <span class='ocrx_word' id='word_1_58' title='bbox 1209 1298 1320 1405; x_wconf 91' lang='lat' dir='ltr'><strong>sunt,</strong></span> <span class='ocrx_word' id='word_1_59' title='bbox 1342 1301 1383 1381; x_wconf 93' lang='lat' dir='ltr'><strong>in</strong></span> <span class='ocrx_word' id='word_1_60' title='bbox 1400 1298 1617 1406; x_wconf 86' lang='lat' dir='ltr'><strong>junioribus</strong></span> 
     </span>
     <span class='ocr_line' id='line_1_9' title="bbox 208 1405 1616 1527; baseline 0.004 -35"><span class='ocrx_word' id='word_1_61' title='bbox 208 1409 416 1515; x_wconf 85' lang='lat' dir='ltr'><strong>raesertim,</strong></span> <span class='ocrx_word' id='word_1_62' title='bbox 433 1409 586 1494; x_wconf 77' lang='lat' dir='ltr'><strong>atilium</strong></span> <span class='ocrx_word' id='word_1_63' title='bbox 601 1405 849 1516; x_wconf 74' lang='lat' dir='ltr'><strong>jactationes,</strong></span> <span class='ocrx_word' id='word_1_64' title='bbox 872 1408 1178 1517; x_wconf 86' lang='lat' dir='ltr'><strong>suffocationes,</strong></span> <span class='ocrx_word' id='word_1_65' title='bbox 1195 1415 1431 1520; x_wconf 90' lang='lat' dir='ltr'><strong>anxietates,</strong></span> <span class='ocrx_word' id='word_1_66' title='bbox 1447 1414 1616 1527; x_wconf 57' lang='lat' dir='ltr'><strong>glandua</strong></span> 
     </span>
     <span class='ocr_line' id='line_1_10' title="bbox 177 1439 1616 1637; baseline 0.001 -29"><span class='ocrx_word' id='word_1_67' title='bbox 177 1439 307 1608; x_wconf 71' lang='lat' dir='ltr'><strong>larum</strong></span> <span class='ocrx_word' id='word_1_68' title='bbox 321 1522 643 1627; x_wconf 67' lang='lat' dir='ltr'><strong>tumefasiiones,</strong></span> <span class='ocrx_word' id='word_1_69' title='bbox 663 1522 1018 1628; x_wconf 76' lang='lat' dir='ltr'><strong>tusles&#39;mordaces,</strong></span> <span class='ocrx_word' id='word_1_70' title='bbox 1039 1523 1243 1637; x_wconf 91' lang='lat' dir='ltr'><strong>sputorum</strong></span> <span class='ocrx_word' id='word_1_71' title='bbox 1265 1528 1393 1610; x_wconf 91' lang='lat' dir='ltr'><strong>exitus</strong></span> <span class='ocrx_word' id='word_1_72' title='bbox 1412 1530 1616 1635; x_wconf 90' lang='lat' dir='ltr'><strong>tenuium,</strong></span> 
     </span>
     <span class='ocr_line' id='line_1_11' title="bbox 180 1631 1616 1753; baseline 0.003 -33"><span class='ocrx_word' id='word_1_73' title='bbox 180 1635 474 1750; x_wconf 85' lang='lat' dir='ltr'><strong>spumantium,</strong></span> <span class='ocrx_word' id='word_1_74' title='bbox 509 1633 751 1719; x_wconf 76' lang='lat' dir='ltr'><strong>tonsillarum</strong></span> <span class='ocrx_word' id='word_1_75' title='bbox 783 1635 927 1741; x_wconf 90' lang='lat' dir='ltr'><strong>ardor,</strong></span> <span class='ocrx_word' id='word_1_76' title='bbox 950 1631 1059 1748; x_wconf 79' lang='lat' dir='ltr'><strong>&#39;gulae</strong></span> <span class='ocrx_word' id='word_1_77' title='bbox 1092 1661 1211 1747; x_wconf 86' lang='lat' dir='ltr'><strong>atque</strong></span> <span class='ocrx_word' id='word_1_78' title='bbox 1240 1635 1410 1751; x_wconf 79' lang='lat' dir='ltr'><strong>lingua,</strong></span> <span class='ocrx_word' id='word_1_79' title='bbox 1445 1637 1616 1753; x_wconf 78' lang='lat' dir='ltr'><strong>vigiliae,</strong></span> 
     </span>
     <span class='ocr_line' id='line_1_12' title="bbox 181 1745 1619 1866; baseline 0.001 -34"><span class='ocrx_word' id='word_1_80' title='bbox 181 1747 397 1832; x_wconf 91' lang='lat' dir='ltr'><strong>oculorum</strong></span> <span class='ocrx_word' id='word_1_81' title='bbox 426 1745 547 1832; x_wconf 88' lang='lat' dir='ltr'><strong>rubor</strong></span> <span class='ocrx_word' id='word_1_82' title='bbox 562 1810 577 1853; x_wconf 91' lang='lat'><strong>,</strong></span> <span class='ocrx_word' id='word_1_83' title='bbox 612 1747 795 1853; x_wconf 87' lang='lat' dir='ltr'><strong>ariditas,</strong></span> <span class='ocrx_word' id='word_1_84' title='bbox 829 1749 1034 1834; x_wconf 79' lang='lat' dir='ltr'><strong>&amp;sensus</strong></span> <span class='ocrx_word' id='word_1_85' title='bbox 1068 1753 1214 1832; x_wconf 89' lang='lat' dir='ltr'><strong>urentis</strong></span> <span class='ocrx_word' id='word_1_86' title='bbox 1248 1751 1441 1866; x_wconf 75' lang='lat' dir='ltr'><strong>acredinis</strong></span> <span class='ocrx_word' id='word_1_87' title='bbox 1456 1814 1470 1858; x_wconf 92' lang='lat'><strong>,</strong></span> <span class='ocrx_word' id='word_1_88' title='bbox 1507 1751 1619 1836; x_wconf 91' lang='lat' dir='ltr'><strong>calor</strong></span> 
     </span>
     <span class='ocr_line' id='line_1_13' title="bbox 179 1859 1618 1975; baseline 0.003 -31"><span class='ocrx_word' id='word_1_89' title='bbox 179 1861 231 1946; x_wconf 88' lang='lat' dir='ltr'><strong>ad</strong></span> <span class='ocrx_word' id='word_1_90' title='bbox 256 1861 427 1974; x_wconf 86' lang='lat' dir='ltr'><strong>digitum</strong></span> <span class='ocrx_word' id='word_1_91' title='bbox 453 1879 682 1974; x_wconf 85' lang='lat' dir='ltr'><strong>tangentem</strong></span> <span class='ocrx_word' id='word_1_92' title='bbox 710 1859 911 1965; x_wconf 82' lang='lat' dir='ltr'><strong>mordax,</strong></span> <span class='ocrx_word' id='word_1_93' title='bbox 945 1864 1063 1944; x_wconf 79' lang='lat' dir='ltr'><strong>urina</strong></span> <span class='ocrx_word' id='word_1_94' title='bbox 1097 1887 1266 1970; x_wconf 89' lang='lat' dir='ltr'><strong>tenues,</strong></span> <span class='ocrx_word' id='word_1_95' title='bbox 1309 1888 1494 1970; x_wconf 87' lang='lat' dir='ltr'><strong>urentes,</strong></span> <span class='ocrx_word' id='word_1_96' title='bbox 1533 1883 1618 1975; x_wconf 70' lang='lat' dir='ltr'><strong>que</strong></span> 
     </span>
     <span class='ocr_line' id='line_1_14' title="bbox 182 1971 1618 2088; baseline 0.003 -30"><span class='ocrx_word' id='word_1_97' title='bbox 182 1977 319 2058; x_wconf 90' lang='lat' dir='ltr'><strong>omnia</strong></span> <span class='ocrx_word' id='word_1_98' title='bbox 353 2003 447 2057; x_wconf 92' lang='lat' dir='ltr'><strong>cum</strong></span> <span class='ocrx_word' id='word_1_99' title='bbox 475 1971 555 2058; x_wconf 93' lang='lat' dir='ltr'><strong>levi</strong></span> <span class='ocrx_word' id='word_1_100' title='bbox 585 1973 756 2056; x_wconf 90' lang='lat' dir='ltr'><strong>madoris</strong></span> <span class='ocrx_word' id='word_1_101' title='bbox 785 1975 900 2057; x_wconf 90' lang='lat' dir='ltr'><strong>initio</strong></span> <span class='ocrx_word' id='word_1_102' title='bbox 936 1981 978 2058; x_wconf 80' lang='lat' dir='ltr'><strong>dt</strong></span> <span class='ocrx_word' id='word_1_103' title='bbox 1011 1971 1239 2088; x_wconf 88' lang='lat' dir='ltr'><strong>papularum</strong></span> <span class='ocrx_word' id='word_1_104' title='bbox 1272 1979 1479 2088; x_wconf 87' lang='lat' dir='ltr'><strong>eruptione</strong></span> <span class='ocrx_word' id='word_1_105' title='bbox 1511 1980 1618 2062; x_wconf 89' lang='lat' dir='ltr'><strong>miti·-</strong></span> 
     </span>
     <span class='ocr_line' id='line_1_15' title="bbox 179 2083 1618 2200; baseline 0.003 -30"><span class='ocrx_word' id='word_1_106' title='bbox 179 2113 334 2200; x_wconf 89' lang='lat' dir='ltr'><strong>gantur.</strong></span> <span class='ocrx_word' id='word_1_107' title='bbox 367 2087 423 2170; x_wconf 85' lang='lat' dir='ltr'><strong>At</strong></span> <span class='ocrx_word' id='word_1_108' title='bbox 455 2089 495 2170; x_wconf 94' lang='lat' dir='ltr'><strong>in</strong></span> <span class='ocrx_word' id='word_1_109' title='bbox 523 2083 637 2168; x_wconf 93' lang='lat' dir='ltr'><strong>nullo</strong></span> <span class='ocrx_word' id='word_1_110' title='bbox 669 2085 749 2169; x_wconf 90' lang='lat' dir='ltr'><strong>alio</strong></span> <span class='ocrx_word' id='word_1_111' title='bbox 783 2083 1015 2169; x_wconf 81' lang='lat' dir='ltr'><strong>morborum</strong></span> <span class='ocrx_word' id='word_1_112' title='bbox 1046 2113 1216 2200; x_wconf 88' lang='lat' dir='ltr'><strong>genere,</strong></span> <span class='ocrx_word' id='word_1_113' title='bbox 1251 2113 1315 2170; x_wconf 92' lang='lat' dir='ltr'><strong>tot</strong></span> <span class='ocrx_word' id='word_1_114' title='bbox 1342 2085 1618 2174; x_wconf 77' lang='lat' dir='ltr'><strong>delitescentia</strong></span> 
     </span>
     <span class='ocr_line' id='line_1_16' title="bbox 181 2197 1618 2313; baseline 0.002 -29"><span class='ocrx_word' id='word_1_115' title='bbox 181 2197 382 2305; x_wconf 89' lang='lat' dir='ltr'><strong>illudunt,</strong></span> <span class='ocrx_word' id='word_1_116' title='bbox 417 2221 479 2284; x_wconf 92' lang='lat' dir='ltr'><strong>tot</strong></span> <span class='ocrx_word' id='word_1_117' title='bbox 504 2198 783 2284; x_wconf 89' lang='lat' dir='ltr'><strong>recrudescunt</strong></span> <span class='ocrx_word' id='word_1_118' title='bbox 809 2200 1047 2313; x_wconf 89' lang='lat' dir='ltr'><strong>eruptiones.</strong></span> <span class='ocrx_word' id='word_1_119' title='bbox 1084 2199 1132 2282; x_wconf 96' lang='lat' dir='ltr'><strong>In</strong></span> <span class='ocrx_word' id='word_1_120' title='bbox 1156 2227 1238 2282; x_wconf 92' lang='lat' dir='ltr'><strong>uno</strong></span> <span class='ocrx_word' id='word_1_121' title='bbox 1267 2203 1618 2288; x_wconf 82' lang='lat' dir='ltr'><strong>instanti-anxietas</strong></span> 
     </span>
     <span class='ocr_line' id='line_1_17' title="bbox 180 2309 1618 2428; baseline 0.001 -32"><span class='ocrx_word' id='word_1_122' title='bbox 180 2312 490 2426; x_wconf 86' lang='lat' dir='ltr'><strong>symptomatum</strong></span> <span class='ocrx_word' id='word_1_123' title='bbox 515 2311 741 2416; x_wconf 90' lang='lat' dir='ltr'><strong>reviviscit,</strong></span> <span class='ocrx_word' id='word_1_124' title='bbox 770 2310 890 2397; x_wconf 80' lang='lat' dir='ltr'><strong>&#39;cessat</strong></span> <span class='ocrx_word' id='word_1_125' title='bbox 913 2315 955 2396; x_wconf 91' lang='lat' dir='ltr'><strong>in</strong></span> <span class='ocrx_word' id='word_1_126' title='bbox 985 2309 1137 2418; x_wconf 86' lang='lat' dir='ltr'><strong>altero,</strong></span> <span class='ocrx_word' id='word_1_127' title='bbox 1166 2312 1270 2402; x_wconf 71' lang='lat' dir='ltr'><strong>unde</strong></span> <span class='ocrx_word' id='word_1_128' title='bbox 1299 2311 1468 2397; x_wconf 89' lang='lat' dir='ltr'><strong>sollicita</strong></span> <span class='ocrx_word' id='word_1_129' title='bbox 1495 2317 1618 2428; x_wconf 81' lang='lat' dir='ltr'><strong>pristi-</strong></span> 
     </span>
     <span class='ocr_line' id='line_1_18' title="bbox 181 2423 1619 2540; baseline 0 -32"><span class='ocrx_word' id='word_1_130' title='bbox 181 2452 325 2508; x_wconf 90' lang='lat' dir='ltr'><strong>norum</strong></span> <span class='ocrx_word' id='word_1_131' title='bbox 362 2453 456 2508; x_wconf 88' lang='lat' dir='ltr'><strong>cura</strong></span> <span class='ocrx_word' id='word_1_132' title='bbox 498 2449 651 2508; x_wconf 90' lang='lat' dir='ltr'><strong>tantuin</strong></span> <span class='ocrx_word' id='word_1_133' title='bbox 683 2423 860 2508; x_wconf 84' lang='lat' dir='ltr'><strong>calorem</strong></span> <span class='ocrx_word' id='word_1_134' title='bbox 889 2424 952 2507; x_wconf 88' lang='lat' dir='ltr'><strong>ad·</strong></span> <span class='ocrx_word' id='word_1_135' title='bbox 974 2427 1195 2529; x_wconf 84' lang='lat' dir='ltr'><strong>exteriora,</strong></span> <span class='ocrx_word' id='word_1_136' title='bbox 1227 2424 1484 2536; x_wconf 84' lang='lat' dir='ltr'><strong>stragulorum</strong></span> <span class='ocrx_word' id='word_1_137' title='bbox 1517 2457 1619 2540; x_wconf 86' lang='lat' dir='ltr'><strong>pon·</strong></span> 
     </span>
     <span class='ocr_line' id='line_1_19' title="bbox 183 2533 1618 2652; baseline -0.005 -30"><span class='ocrx_word' id='word_1_138' title='bbox 183 2539 297 2641; x_wconf 88' lang='lat' dir='ltr'><strong>dere,</strong></span> <span class='ocrx_word' id='word_1_139' title='bbox 320 2539 418 2622; x_wconf 71' lang='lat' dir='ltr'><strong>aeris</strong></span> <span class='ocrx_word' id='word_1_140' title='bbox 441 2537 627 2622; x_wconf 83' lang='lat' dir='ltr'><strong>ferventis</strong></span> <span class='ocrx_word' id='word_1_141' title='bbox 651 2534 876 2640; x_wconf 85' lang='lat' dir='ltr'><strong>beneficio,</strong></span> <span class='ocrx_word' id='word_1_142' title='bbox 898 2533 1118 2620; x_wconf 90' lang='lat' dir='ltr'><strong>calidorum</strong></span> <span class='ocrx_word' id='word_1_143' title='bbox 1134 2540 1236 2621; x_wconf 83' lang='lat' dir='ltr'><strong>intiis</strong></span> <span class='ocrx_word' id='word_1_144' title='bbox 1252 2535 1519 2622; x_wconf 90' lang='lat' dir='ltr'><strong>exhibitorum</strong></span> <span class='ocrx_word' id='word_1_145' title='bbox 1542 2568 1618 2652; x_wconf 60' lang='lat' dir='ltr'><strong>po.</strong></span> 
     </span>
     <span class='ocr_line' id='line_1_20' title="bbox 181 2645 1621 2759; baseline -0.003 -23"><span class='ocrx_word' id='word_1_146' title='bbox 181 2647 303 2736; x_wconf 66' lang='lat' dir='ltr'><strong>tentis</strong></span> <span class='ocrx_word' id='word_1_147' title='bbox 324 2648 520 2759; x_wconf 86' lang='lat' dir='ltr'><strong>quaerebat</strong></span> <span class='ocrx_word' id='word_1_148' title='bbox 538 2649 742 2734; x_wconf 89' lang='lat' dir='ltr'><strong>intendere</strong></span> <span class='ocrx_word' id='word_1_149' title='bbox 761 2667 782 2748; x_wconf 70' lang='grc' dir='ltr'><strong>ς·</strong></span> <span class='ocrx_word' id='word_1_150' title='bbox 799 2655 891 2732; x_wconf 84' lang='lat' dir='ltr'><strong>cum</strong></span> <span class='ocrx_word' id='word_1_151' title='bbox 920 2656 1058 2733; x_wconf 74' lang='lat' dir='ltr'><strong>contra</strong></span> <span class='ocrx_word' id='word_1_152' title='bbox 1080 2647 1228 2734; x_wconf 88' lang='lat' dir='ltr'><strong>laxatio</strong></span> <span class='ocrx_word' id='word_1_153' title='bbox 1248 2645 1495 2755; x_wconf 90' lang='lat' dir='ltr'><strong>solidorum,</strong></span> <span class='ocrx_word' id='word_1_154' title='bbox 1520 2649 1621 2732; x_wconf 92' lang='lat' dir='ltr'><strong>dilu-</strong></span> 
     </span>
     <span class='ocr_line' id='line_1_21' title="bbox 182 2758 1621 2875; baseline 0 -27"><span class='ocrx_word' id='word_1_155' title='bbox 182 2766 238 2848; x_wconf 91' lang='lat' dir='ltr'><strong>tio</strong></span> <span class='ocrx_word' id='word_1_156' title='bbox 265 2760 496 2875; x_wconf 86' lang='lat' dir='ltr'><strong>ampliffima</strong></span> <span class='ocrx_word' id='word_1_157' title='bbox 527 2763 601 2846; x_wconf 91' lang='lat' dir='ltr'><strong>seri</strong></span> <span class='ocrx_word' id='word_1_158' title='bbox 614 2824 629 2870; x_wconf 90' lang='lat'><strong>,</strong></span> <span class='ocrx_word' id='word_1_159' title='bbox 666 2758 773 2844; x_wconf 74' lang='lat' dir='ltr'><strong>unde</strong></span> <span class='ocrx_word' id='word_1_160' title='bbox 805 2758 1098 2874; x_wconf 88' lang='lat' dir='ltr'><strong>sejungerentur</strong></span> <span class='ocrx_word' id='word_1_161' title='bbox 1135 2769 1177 2844; x_wconf 75' lang='lat' dir='ltr'><strong>bt</strong></span> <span class='ocrx_word' id='word_1_162' title='bbox 1210 2760 1505 2875; x_wconf 89' lang='lat' dir='ltr'><strong>segregarentur</strong></span> <span class='ocrx_word' id='word_1_163' title='bbox 1534 2758 1621 2848; x_wconf 69' lang='lat' dir='ltr'><strong>*ase</strong></span> 
     </span>
     <span class='ocr_line' id='line_1_22' title="bbox 181 2871 1621 2988; baseline 0.001 -28"><span class='ocrx_word' id='word_1_164' title='bbox 181 2879 357 2960; x_wconf 89' lang='lat' dir='ltr'><strong>invicem</strong></span> <span class='ocrx_word' id='word_1_165' title='bbox 371 2873 463 2957; x_wconf 88' lang='lat' dir='ltr'><strong>salia</strong></span> <span class='ocrx_word' id='word_1_166' title='bbox 480 2877 651 2980; x_wconf 90' lang='lat' dir='ltr'><strong>nociva,</strong></span> <span class='ocrx_word' id='word_1_167' title='bbox 673 2871 1004 2958; x_wconf 66' lang='lat' dir='ltr'><strong>maximenaturae</strong></span> <span class='ocrx_word' id='word_1_168' title='bbox 1024 2872 1241 2958; x_wconf 88' lang='lat' dir='ltr'><strong>consonam</strong></span> <span class='ocrx_word' id='word_1_169' title='bbox 1260 2871 1475 2988; x_wconf 72' lang='lat' dir='ltr'><strong>preberent</strong></span> <span class='ocrx_word' id='word_1_170' title='bbox 1496 2874 1621 2961; x_wconf 87' lang='lat' dir='ltr'><strong>medi-</strong></span> 
     </span>
     <span class='ocr_line' id='line_1_23' title="bbox 184 2983 1618 3098; baseline 0 -26"><span class='ocrx_word' id='word_1_171' title='bbox 184 2990 342 3092; x_wconf 87' lang='lat' dir='ltr'><strong>cinam,</strong></span> <span class='ocrx_word' id='word_1_172' title='bbox 362 2985 439 3097; x_wconf 80' lang='lat' dir='ltr'><strong>quil</strong></span> <span class='ocrx_word' id='word_1_173' title='bbox 459 2985 725 3074; x_wconf 86' lang='lat' dir='ltr'><strong>debellaretur</strong></span> <span class='ocrx_word' id='word_1_174' title='bbox 739 2989 857 3072; x_wconf 88' lang='lat' dir='ltr'><strong>hostis</strong></span> <span class='ocrx_word' id='word_1_175' title='bbox 881 3013 1104 3098; x_wconf 80' lang='lat' dir='ltr'><strong>naturaque</strong></span> <span class='ocrx_word' id='word_1_176' title='bbox 1127 2984 1194 3069; x_wconf 88' lang='lat' dir='ltr'><strong>sua</strong></span> <span class='ocrx_word' id='word_1_177' title='bbox 1215 2989 1500 3070; x_wconf 83' lang='lat' dir='ltr'><strong>restituerentur</strong></span> <span class='ocrx_word' id='word_1_178' title='bbox 1522 2983 1618 3093; x_wconf 85' lang='lat' dir='ltr'><strong>jura.</strong></span> 
     </span>
    </p>

    <p class='ocr_par' dir='ltr' id='par_1_3' title="bbox 182 3095 1734 4564">
     <span class='ocr_line' id='line_1_24' title="bbox 244 3095 1619 3214; baseline 0.001 -32"><span class='ocrx_word' id='word_1_179' title='bbox 244 3098 326 3182; x_wconf 88' lang='lat' dir='ltr'><strong>Sed</strong></span> <span class='ocrx_word' id='word_1_180' title='bbox 341 3130 422 3182; x_wconf 92' lang='lat' dir='ltr'><strong>non</strong></span> <span class='ocrx_word' id='word_1_181' title='bbox 438 3103 552 3184; x_wconf 89' lang='lat' dir='ltr'><strong>unius</strong></span> <span class='ocrx_word' id='word_1_182' title='bbox 571 3101 731 3198; x_wconf 88' lang='lat' dir='ltr'><strong>sorniae,</strong></span> <span class='ocrx_word' id='word_1_183' title='bbox 751 3126 826 3182; x_wconf 87' lang='lat' dir='ltr'><strong>nec</strong></span> <span class='ocrx_word' id='word_1_184' title='bbox 846 3097 1017 3204; x_wconf 86' lang='lat' dir='ltr'><strong>ejusdem</strong></span> <span class='ocrx_word' id='word_1_185' title='bbox 1038 3095 1204 3214; x_wconf 86' lang='lat' dir='ltr'><strong>periculi</strong></span> <span class='ocrx_word' id='word_1_186' title='bbox 1221 3098 1310 3182; x_wconf 90' lang='lat' dir='ltr'><strong>sunt</strong></span> <span class='ocrx_word' id='word_1_187' title='bbox 1325 3125 1464 3184; x_wconf 85' lang='lat' dir='ltr'><strong>omnes</strong></span> <span class='ocrx_word' id='word_1_188' title='bbox 1483 3098 1619 3184; x_wconf 76' lang='lat' dir='ltr'><strong>setosa</strong></span> 
     </span>
     <span class='ocr_line' id='line_1_25' title="bbox 182 3210 1620 3327; baseline -0.001 -29"><span class='ocrx_word' id='word_1_189' title='bbox 182 3215 434 3326; x_wconf 89' lang='lat' dir='ltr'><strong>eruptiones,</strong></span> <span class='ocrx_word' id='word_1_190' title='bbox 466 3239 542 3296; x_wconf 89' lang='lat' dir='ltr'><strong>nec</strong></span> <span class='ocrx_word' id='word_1_191' title='bbox 565 3211 853 3324; x_wconf 85' lang='lat' dir='ltr'><strong>simplicitasin</strong></span> <span class='ocrx_word' id='word_1_192' title='bbox 874 3210 1058 3296; x_wconf 92' lang='lat' dir='ltr'><strong>omnibus</strong></span> <span class='ocrx_word' id='word_1_193' title='bbox 1080 3210 1218 3296; x_wconf 86' lang='lat' dir='ltr'><strong>eadem</strong></span> <span class='ocrx_word' id='word_1_194' title='bbox 1242 3243 1255 3313; x_wconf 68' lang='grc' dir='ltr'>ς</span> <span class='ocrx_word' id='word_1_195' title='bbox 1281 3215 1373 3296; x_wconf 83' lang='lat' dir='ltr'><strong>cliiii</strong></span> <span class='ocrx_word' id='word_1_196' title='bbox 1393 3216 1620 3327; x_wconf 86' lang='lat' dir='ltr'><strong>eruptiones</strong></span> 
     </span>
     <span class='ocr_line' id='line_1_26' title="bbox 183 3321 1619 3439; baseline -0.004 -27"><span class='ocrx_word' id='word_1_197' title='bbox 183 3323 257 3412; x_wconf 83' lang='lat' dir='ltr'><strong>illae</strong></span> <span class='ocrx_word' id='word_1_198' title='bbox 292 3323 426 3438; x_wconf 69' lang='lat' dir='ltr'><strong>sepitis</strong></span> <span class='ocrx_word' id='word_1_199' title='bbox 458 3323 662 3439; x_wconf 78' lang='lat' dir='ltr'><strong>erysipelas</strong></span> <span class='ocrx_word' id='word_1_200' title='bbox 699 3321 770 3407; x_wconf 92' lang='lat' dir='ltr'><strong>sibi</strong></span> <span class='ocrx_word' id='word_1_201' title='bbox 804 3324 995 3408; x_wconf 90' lang='lat' dir='ltr'><strong>adscitum</strong></span> <span class='ocrx_word' id='word_1_202' title='bbox 1027 3321 1219 3431; x_wconf 87' lang='lat' dir='ltr'><strong>habeant,</strong></span> <span class='ocrx_word' id='word_1_203' title='bbox 1257 3322 1469 3436; x_wconf 83' lang='lat' dir='ltr'><strong>aliquando</strong></span> <span class='ocrx_word' id='word_1_204' title='bbox 1499 3329 1619 3409; x_wconf 90' lang='lat' dir='ltr'><strong>etiarn</strong></span> 
     </span>
     <span class='ocr_line' id='line_1_27' title="bbox 184 3435 1618 3552; baseline -0.001 -32"><span class='ocrx_word' id='word_1_205' title='bbox 184 3466 443 3552; x_wconf 71' lang='lat' dir='ltr'><strong>gangrenam.</strong></span> <span class='ocrx_word' id='word_1_206' title='bbox 482 3435 644 3522; x_wconf 81' lang='lat' dir='ltr'><strong>Interest</strong></span> <span class='ocrx_word' id='word_1_207' title='bbox 670 3435 853 3552; x_wconf 75' lang='lat' dir='ltr'><strong>praeterea</strong></span> <span class='ocrx_word' id='word_1_208' title='bbox 885 3435 1055 3522; x_wconf 85' lang='lat' dir='ltr'><strong>multiim</strong></span> <span class='ocrx_word' id='word_1_209' title='bbox 1083 3441 1385 3550; x_wconf 83' lang='lat' dir='ltr'><strong>an&#39;eruptiones</strong></span> <span class='ocrx_word' id='word_1_210' title='bbox 1405 3437 1492 3521; x_wconf 85' lang='lat' dir='ltr'><strong>illae</strong></span> <span class='ocrx_word' id='word_1_211' title='bbox 1524 3438 1618 3518; x_wconf 90' lang='lat' dir='ltr'><strong>sini-</strong></span> 
     </span>
     <span class='ocr_line' id='line_1_28' title="bbox 185 3546 1618 3666; baseline -0.001 -32"><span class='ocrx_word' id='word_1_212' title='bbox 185 3551 311 3666; x_wconf 87' lang='lat' dir='ltr'><strong>plices</strong></span> <span class='ocrx_word' id='word_1_213' title='bbox 328 3551 401 3634; x_wconf 92' lang='lat' dir='ltr'><strong>sint</strong></span> <span class='ocrx_word' id='word_1_214' title='bbox 414 3557 457 3634; x_wconf 77' lang='lat' dir='ltr'><strong>bt</strong></span> <span class='ocrx_word' id='word_1_215' title='bbox 469 3547 568 3636; x_wconf 87' lang='lat' dir='ltr'><strong>milii</strong></span> <span class='ocrx_word' id='word_1_216' title='bbox 582 3579 701 3664; x_wconf 85' lang='lat' dir='ltr'><strong>grana</strong></span> <span class='ocrx_word' id='word_1_217' title='bbox 715 3547 844 3632; x_wconf 70' lang='lat' dir='ltr'><strong>sormi</strong></span> <span class='ocrx_word' id='word_1_218' title='bbox 857 3550 1025 3636; x_wconf 83' lang='lat' dir='ltr'><strong>referant</strong></span> <span class='ocrx_word' id='word_1_219' title='bbox 1032 3613 1047 3657; x_wconf 91' lang='lat'><strong>,</strong></span> <span class='ocrx_word' id='word_1_220' title='bbox 1060 3579 1109 3632; x_wconf 88' lang='lat' dir='ltr'><strong>an</strong></span> <span class='ocrx_word' id='word_1_221' title='bbox 1123 3546 1366 3663; x_wconf 66' lang='lat' dir='ltr'><strong>phlyiloenas</strong></span> <span class='ocrx_word' id='word_1_222' title='bbox 1381 3548 1618 3662; x_wconf 75' lang='lat' dir='ltr'><strong>ampliores?</strong></span> 
     </span>
     <span class='ocr_line' id='line_1_29' title="bbox 183 3658 1734 3776; baseline 0.003 -30"><span class='ocrx_word' id='word_1_223' title='bbox 183 3693 232 3746; x_wconf 86' lang='lat' dir='ltr'><strong>an</strong></span> <span class='ocrx_word' id='word_1_224' title='bbox 259 3661 428 3776; x_wconf 78' lang='lat' dir='ltr'><strong>simplici</strong></span> <span class='ocrx_word' id='word_1_225' title='bbox 451 3661 539 3748; x_wconf 90' lang='lat' dir='ltr'><strong>sero</strong></span> <span class='ocrx_word' id='word_1_226' title='bbox 565 3660 721 3776; x_wconf 78' lang='lat' dir='ltr'><strong>replete·</strong></span> <span class='ocrx_word' id='word_1_227' title='bbox 752 3662 851 3768; x_wconf 91' lang='lat' dir='ltr'><strong>sint,</strong></span> <span class='ocrx_word' id='word_1_228' title='bbox 879 3692 929 3744; x_wconf 89' lang='lat' dir='ltr'><strong>an</strong></span> <span class='ocrx_word' id='word_1_229' title='bbox 959 3659 1115 3772; x_wconf 87' lang='lat' dir='ltr'><strong>liquore</strong></span> <span class='ocrx_word' id='word_1_230' title='bbox 1145 3661 1259 3772; x_wconf 88' lang='lat' dir='ltr'><strong>spisso</strong></span> <span class='ocrx_word' id='word_1_231' title='bbox 1281 3670 1333 3744; x_wconf 79' lang='lat' dir='ltr'><strong>&#39;bt</strong></span> <span class='ocrx_word' id='word_1_232' title='bbox 1359 3658 1535 3746; x_wconf 81' lang='lat' dir='ltr'><strong>albido?</strong></span> <span class='ocrx_word' id='word_1_233' title='bbox 1568 3691 1618 3750; x_wconf 76' lang='lat' dir='ltr'><strong>aa</strong></span> <span class='ocrx_word' id='word_1_234' title='bbox 1725 3659 1734 3672; x_wconf 47' lang='lat'>⁸</span> 
     </span>
     <span class='ocr_line' id='line_1_30' title="bbox 184 3772 1618 3890; baseline -0.002 -32"><span class='ocrx_word' id='word_1_235' title='bbox 184 3774 305 3859; x_wconf 87' lang='lat' dir='ltr'><strong>basim</strong></span> <span class='ocrx_word' id='word_1_236' title='bbox 326 3772 496 3860; x_wconf 83' lang='lat' dir='ltr'><strong>habeant</strong></span> <span class='ocrx_word' id='word_1_237' title='bbox 512 3772 834 3890; x_wconf 87' lang='lat' dir='ltr'><strong>erysipelaceam,</strong></span> <span class='ocrx_word' id='word_1_238' title='bbox 859 3801 908 3856; x_wconf 86' lang='lat' dir='ltr'><strong>an</strong></span> <span class='ocrx_word' id='word_1_239' title='bbox 927 3772 1249 3887; x_wconf 74' lang='lat' dir='ltr'><strong>gangrenosainl</strong></span> <span class='ocrx_word' id='word_1_240' title='bbox 1274 3773 1336 3856; x_wconf 92' lang='lat' dir='ltr'><strong>Ex</strong></span> <span class='ocrx_word' id='word_1_241' title='bbox 1351 3775 1494 3862; x_wconf 89' lang='lat' dir='ltr'><strong>horum</strong></span> <span class='ocrx_word' id='word_1_242' title='bbox 1509 3776 1618 3864; x_wconf 77' lang='lat' dir='ltr'><strong>enini</strong></span> 
     </span>
     <span class='ocr_line' id='line_1_31' title="bbox 185 3883 1667 4002; baseline -0.003 -30"><span class='ocrx_word' id='word_1_243' title='bbox 185 3888 494 4002; x_wconf 89' lang='lat' dir='ltr'><strong>symptomatum</strong></span> <span class='ocrx_word' id='word_1_244' title='bbox 508 3888 750 4001; x_wconf 78' lang='lat' dir='ltr'><strong>inspetlione</strong></span> <span class='ocrx_word' id='word_1_245' title='bbox 769 3883 962 3993; x_wconf 81' lang='lat' dir='ltr'><strong>iudicatur</strong></span> <span class='ocrx_word' id='word_1_246' title='bbox 976 3913 1153 3998; x_wconf 79' lang='lat' dir='ltr'><strong>quanam</strong></span> <span class='ocrx_word' id='word_1_247' title='bbox 1171 3888 1217 3968; x_wconf 92' lang='lat' dir='ltr'><strong>sit</strong></span> <span class='ocrx_word' id='word_1_248' title='bbox 1239 3888 1415 3968; x_wconf 88' lang='lat' dir='ltr'><strong>humoris</strong></span> <span class='ocrx_word' id='word_1_249' title='bbox 1433 3885 1619 3984; x_wconf 85' lang='lat' dir='ltr'><strong>morbum</strong></span> <span class='ocrx_word' id='word_1_250' title='bbox 1650 3903 1667 3986; x_wconf 78' lang='lat' dir='ltr'><em>J</em></span> 
     </span>
     <span class='ocr_line' id='line_1_32' title="bbox 184 3999 1618 4110; baseline -0.003 -22"><span class='ocrx_word' id='word_1_251' title='bbox 184 4003 397 4088; x_wconf 89' lang='lat' dir='ltr'><strong>efficientis</strong></span> <span class='ocrx_word' id='word_1_252' title='bbox 423 4026 583 4107; x_wconf 85' lang='lat' dir='ltr'><strong>natura,</strong></span> <span class='ocrx_word' id='word_1_253' title='bbox 619 4003 719 4084; x_wconf 80' lang='lat' dir='ltr'><strong>clim·</strong></span> <span class='ocrx_word' id='word_1_254' title='bbox 733 4003 878 4083; x_wconf 90' lang='lat' dir='ltr'><strong>humor</strong></span> <span class='ocrx_word' id='word_1_255' title='bbox 905 4002 972 4110; x_wconf 90' lang='lat' dir='ltr'><strong>qui</strong></span> <span class='ocrx_word' id='word_1_256' title='bbox 1001 3999 1099 4084; x_wconf 92' lang='lat' dir='ltr'><strong>milii</strong></span> <span class='ocrx_word' id='word_1_257' title='bbox 1120 3999 1290 4082; x_wconf 89' lang='lat' dir='ltr'><strong>sormam</strong></span> <span class='ocrx_word' id='word_1_258' title='bbox 1314 3999 1467 4080; x_wconf 73' lang='lat' dir='ltr'><strong>affectat</strong></span> <span class='ocrx_word' id='word_1_259' title='bbox 1492 4020 1542 4081; x_wconf 90' lang='lat' dir='ltr'><strong>ex</strong></span> <span class='ocrx_word' id='word_1_260' title='bbox 1571 4001 1618 4084; x_wconf 89' lang='lat' dir='ltr'><strong>iis</strong></span> 
     </span>
     <span class='ocr_line' id='line_1_33' title="bbox 186 4105 1619 4223; baseline -0.002 -24"><span class='ocrx_word' id='word_1_261' title='bbox 186 4113 373 4199; x_wconf 89' lang='lat' dir='ltr'><strong>omnibus</strong></span> <span class='ocrx_word' id='word_1_262' title='bbox 397 4117 464 4223; x_wconf 92' lang='lat' dir='ltr'><strong>qui</strong></span> <span class='ocrx_word' id='word_1_263' title='bbox 485 4112 660 4216; x_wconf 87' lang='lat' dir='ltr'><strong>feruntur</strong></span> <span class='ocrx_word' id='word_1_264' title='bbox 680 4111 729 4196; x_wconf 91' lang='lat' dir='ltr'><strong>ad</strong></span> <span class='ocrx_word' id='word_1_265' title='bbox 751 4115 876 4196; x_wconf 93' lang='lat' dir='ltr'><strong>cutim</strong></span> <span class='ocrx_word' id='word_1_266' title='bbox 900 4120 942 4197; x_wconf 81' lang='lat' dir='ltr'><strong>bt</strong></span> <span class='ocrx_word' id='word_1_267' title='bbox 963 4112 1133 4196; x_wconf 70' lang='lat' dir='ltr'><strong>maxime</strong></span> <span class='ocrx_word' id='word_1_268' title='bbox 1154 4105 1328 4196; x_wconf 88' lang='lat' dir='ltr'><strong>volatilis</strong></span> <span class='ocrx_word' id='word_1_269' title='bbox 1350 4110 1395 4191; x_wconf 93' lang='lat' dir='ltr'><strong>sit</strong></span> <span class='ocrx_word' id='word_1_270' title='bbox 1406 4170 1420 4215; x_wconf 91' lang='lat'><strong>,</strong></span> <span class='ocrx_word' id='word_1_271' title='bbox 1446 4115 1488 4190; x_wconf 81' lang='lat' dir='ltr'><strong>bi</strong></span> <span class='ocrx_word' id='word_1_272' title='bbox 1506 4107 1619 4196; x_wconf 88' lang='lat' dir='ltr'><strong>levis·</strong></span> 
     </span>
     <span class='ocr_line' id='line_1_34' title="bbox 184 4219 1616 4339; baseline -0.004 -27"><span class='ocrx_word' id='word_1_273' title='bbox 184 4229 324 4312; x_wconf 88' lang='lat' dir='ltr'><strong>simam</strong></span> <span class='ocrx_word' id='word_1_274' title='bbox 342 4225 632 4339; x_wconf 86' lang='lat' dir='ltr'><strong>impressionem</strong></span> <span class='ocrx_word' id='word_1_275' title='bbox 652 4223 870 4339; x_wconf 89' lang='lat' dir='ltr'><strong>supponat,</strong></span> <span class='ocrx_word' id='word_1_276' title='bbox 890 4228 1151 4333; x_wconf 90' lang='lat' dir='ltr'><strong>omniumque</strong></span> <span class='ocrx_word' id='word_1_277' title='bbox 1169 4219 1353 4304; x_wconf 73' lang='lat' dir='ltr'><strong>rariffimd</strong></span> <span class='ocrx_word' id='word_1_278' title='bbox 1372 4223 1531 4308; x_wconf 91' lang='lat' dir='ltr'><strong>criticus</strong></span> <span class='ocrx_word' id='word_1_279' title='bbox 1550 4224 1616 4328; x_wconf 90' lang='lat' dir='ltr'><strong>sit,</strong></span> 
     </span>
     <span class='ocr_line' id='line_1_35' title="bbox 185 4330 1617 4451; baseline -0.004 -27"><span class='ocrx_word' id='word_1_280' title='bbox 185 4343 281 4424; x_wconf 83' lang='lat' dir='ltr'><strong>elini</strong></span> <span class='ocrx_word' id='word_1_281' title='bbox 309 4341 536 4422; x_wconf 72' lang='lat' dir='ltr'><strong>coctionem</strong></span> <span class='ocrx_word' id='word_1_282' title='bbox 562 4336 733 4446; x_wconf 88' lang='lat' dir='ltr'><strong>aliquam</strong></span> <span class='ocrx_word' id='word_1_283' title='bbox 756 4341 931 4451; x_wconf 90' lang='lat' dir='ltr'><strong>recipere</strong></span> <span class='ocrx_word' id='word_1_284' title='bbox 952 4342 1020 4423; x_wconf 89' lang='lat' dir='ltr'><strong>vix</strong></span> <span class='ocrx_word' id='word_1_285' title='bbox 1040 4336 1157 4449; x_wconf 82' lang='lat' dir='ltr'><strong>polsit</strong></span> <span class='ocrx_word' id='word_1_286' title='bbox 1175 4330 1295 4420; x_wconf 68' lang='lat' dir='ltr'><strong>facile</strong></span> <span class='ocrx_word' id='word_1_287' title='bbox 1315 4332 1522 4442; x_wconf 82' lang='lat' dir='ltr'><strong>exhalans,</strong></span> <span class='ocrx_word' id='word_1_288' title='bbox 1547 4337 1617 4436; x_wconf 77' lang='lat' dir='ltr'><strong>nisi</strong></span> 
     </span>
     <span class='ocr_line' id='line_1_36' title="bbox 182 4447 1217 4564; baseline -0.009 -25"><span class='ocrx_word' id='word_1_289' title='bbox 182 4450 208 4538; x_wconf 77' lang='grc' dir='ltr'>ὲ</span> <span class='ocrx_word' id='word_1_290' title='bbox 228 4453 374 4538; x_wconf 84' lang='lat' dir='ltr'><strong>fomite</strong></span> <span class='ocrx_word' id='word_1_291' title='bbox 389 4455 500 4535; x_wconf 75' lang='lat' dir='ltr'><strong>intus</strong></span> <span class='ocrx_word' id='word_1_292' title='bbox 521 4453 706 4536; x_wconf 87' lang='lat' dir='ltr'><strong>existente</strong></span> <span class='ocrx_word' id='word_1_293' title='bbox 728 4451 920 4564; x_wconf 84' lang='lat' dir='ltr'><strong>perpetub</strong></span> <span class='ocrx_word' id='word_1_294' title='bbox 940 4447 1217 4561; x_wconf 87' lang='lat' dir='ltr'><strong>suppeditetur.</strong></span> 
     </span>
    </p>

    <p class='ocr_par' dir='ltr' id='par_1_4' title="bbox 183 4556 1617 5090">
     <span class='ocr_line' id='line_1_37' title="bbox 243 4556 1617 4650; baseline -0.003 -2"><span class='ocrx_word' id='word_1_295' title='bbox 243 4565 279 4648; x_wconf 91' lang='lat' dir='ltr'>F</span> <span class='ocrx_word' id='word_1_296' title='bbox 282 4561 491 4650; x_wconf 89' lang='lat' dir='ltr'><strong>atebuntur</strong></span> <span class='ocrx_word' id='word_1_297' title='bbox 521 4561 628 4648; x_wconf 73' lang='lat' dir='ltr'><strong>certe</strong></span> <span class='ocrx_word' id='word_1_298' title='bbox 662 4589 800 4646; x_wconf 85' lang='lat' dir='ltr'><strong>omnes</strong></span> <span class='ocrx_word' id='word_1_299' title='bbox 834 4561 990 4645; x_wconf 90' lang='lat' dir='ltr'><strong>Medici</strong></span> <span class='ocrx_word' id='word_1_300' title='bbox 1015 4557 1183 4643; x_wconf 87' lang='lat' dir='ltr'><strong>febrium</strong></span> <span class='ocrx_word' id='word_1_301' title='bbox 1218 4556 1375 4643; x_wconf 83' lang='lat' dir='ltr'><strong>illarum</strong></span> <span class='ocrx_word' id='word_1_302' title='bbox 1406 4557 1617 4645; x_wconf 90' lang='lat' dir='ltr'><strong>miliarium</strong></span> 
     </span>
     <span class='ocr_line' id='line_1_38' title="bbox 183 4671 1616 4791; baseline -0.003 -32"><span class='ocrx_word' id='word_1_303' title='bbox 183 4677 416 4791; x_wconf 87' lang='lat' dir='ltr'><strong>plerasque,</strong></span> <span class='ocrx_word' id='word_1_304' title='bbox 440 4704 534 4784; x_wconf 91' lang='lat' dir='ltr'><strong>quas</strong></span> <span class='ocrx_word' id='word_1_305' title='bbox 557 4677 747 4762; x_wconf 90' lang='lat' dir='ltr'><strong>Germani</strong></span> <span class='ocrx_word' id='word_1_306' title='bbox 769 4673 924 4758; x_wconf 90' lang='lat' dir='ltr'><strong>Medici</strong></span> <span class='ocrx_word' id='word_1_307' title='bbox 945 4672 1233 4775; x_wconf 87' lang='lat' dir='ltr'><strong>Hoffmannus,</strong></span> <span class='ocrx_word' id='word_1_308' title='bbox 1263 4672 1501 4778; x_wconf 87' lang='lat' dir='ltr'><strong>Seniiertus,</strong></span> <span class='ocrx_word' id='word_1_309' title='bbox 1530 4671 1616 4756; x_wconf 90' lang='lat' dir='ltr'><strong>alii-</strong></span> 
     </span>
     <span class='ocr_line' id='line_1_39' title="bbox 184 4785 1617 4928; baseline -0.001 -57"><span class='ocrx_word' id='word_1_310' title='bbox 184 4817 269 4900; x_wconf 92' lang='lat' dir='ltr'><strong>que</strong></span> <span class='ocrx_word' id='word_1_311' title='bbox 290 4788 574 4928; x_wconf 88' lang='lat' dir='ltr'><strong>desciipserunt</strong></span> <span class='ocrx_word' id='word_1_312' title='bbox 603 4797 644 4874; x_wconf 80' lang='lat' dir='ltr'><strong>bt</strong></span> <span class='ocrx_word' id='word_1_313' title='bbox 669 4785 981 4903; x_wconf 85' lang='lat' dir='ltr'><strong>pestilentlalium</strong></span> <span class='ocrx_word' id='word_1_314' title='bbox 1009 4785 1128 4870; x_wconf 88' lang='lat' dir='ltr'><strong>titulo</strong></span> <span class='ocrx_word' id='word_1_315' title='bbox 1152 4785 1426 4896; x_wconf 89' lang='lat' dir='ltr'><strong>insignierunt,</strong></span> <span class='ocrx_word' id='word_1_316' title='bbox 1454 4788 1617 4870; x_wconf 83' lang='lat' dir='ltr'><strong>nomina</strong></span> 
     </span>
     <span class='ocr_line' id='line_1_40' title="bbox 183 4893 1616 5090; baseline -0.006 -100"><span class='ocrx_word' id='word_1_317' title='bbox 183 4901 383 5022; x_wconf 76' lang='lat' dir='ltr'><strong>accepisic</strong></span> <span class='ocrx_word' id='word_1_318' title='bbox 414 4933 450 4990; x_wconf 87' lang='lat' dir='ltr'><strong>a·</strong></span> <span class='ocrx_word' id='word_1_319' title='bbox 465 4901 727 5030; x_wconf 85' lang='lat' dir='ltr'><strong>symptomate</strong></span> <span class='ocrx_word' id='word_1_320' title='bbox 739 4963 755 5014; x_wconf 86' lang='lat'><strong>,</strong></span> <span class='ocrx_word' id='word_1_321' title='bbox 784 4931 868 4994; x_wconf 90' lang='lat' dir='ltr'><strong>uon</strong></span> <span class='ocrx_word' id='word_1_322' title='bbox 886 4897 921 5000; x_wconf 67' lang='lat' dir='ltr'><strong>,a</strong></span> <span class='ocrx_word' id='word_1_323' title='bbox 956 4899 1074 5014; x_wconf 81' lang='lat' dir='ltr'><strong>crisi,</strong></span> <span class='ocrx_word' id='word_1_324' title='bbox 1110 4923 1178 5030; x_wconf 83' lang='lat' dir='ltr'><strong>aut</strong></span> <span class='ocrx_word' id='word_1_325' title='bbox 1206 4893 1494 5090; x_wconf 57' lang='lat' dir='ltr'><strong>³.s⁰¹{‘³⁰¹¹⁶³</strong></span> <span class='ocrx_word' id='word_1_326' title='bbox 1525 4899 1616 5026; x_wconf 75' lang='lat' dir='ltr'><strong>pitin</strong></span> 
     </span>
    </p>
   </div>
   <div class='ocr_carea' id='block_1_3' title="bbox 0 0 2123 5892">
    <p class='ocr_par' dir='ltr' id='par_1_5' title="bbox 0 0 2123 5892">
     <span class='ocr_line' id='line_1_41' title="bbox 0 0 2123 5892; baseline 0 0"><span class='ocrx_word' id='word_1_327' title='bbox 0 0 2123 5892; x_wconf 95' lang='lat' dir='ltr'><strong> </strong></span> 
     </span>
    </p>
   </div>
  </div>
 </body>
</html>
