4228 5898
488 429 568 530 15⁶
735 407 1185 505 panonnia
1243 393 1648 492 corruere.

479 579 701 690 sinuantia,
722 585 808 698 poll
825 579 1069 666 diluentis&
1086 574 1228 660 balnea
1247 599 1330 688 rem
1345 565 1509 654 ornnem
1527 561 1794 682 confecerint,
1816 561 1911 668 c'hm

481 693 600 779 facist
614 693 669 779 ibi
684 696 911 811 perspiratio
926 689 1176 794 resarciatur,
1191 694 1233 770 dt
1248 679 1450 796 exempla,
1473 687 1558 766 tbm
1577 681 1685 792 aliis,
1707 691 1791 769 nim
1810 699 1910 782 mihi

481 803 585 892 bene
611 811 773 921 cognita
796 803 967 920 probent
989 799 1073 886 sold
1097 798 1265 884 climatis
1291 795 1506 910 frigidioris
1526 797 1567 878 in
1593 795 1767 882 calidum
1784 835 1912 894 muta.

481 921 592 1006 tione
613 917 749 1002 similia
772 915 875 1000 mala
898 919 1055 1029 prorsus
1078 911 1285 998 evanuisse.
1394 985 1398 996 .

537 1033 586 1115 In
600 1028 748 1116 morbis
762 1031 859 1114 vcro
879 1031 1053 1114 cutaneis
1075 1029 1143 1140 qui
1161 1023 1183 1110 l
1201 1021 1282 1108 bile
1306 1017 1479 1136 pendent
1493 1021 1649 1134 vitiati,
1673 1025 1806 1136 quales
1827 1029 1910 1118 sre-

481 1171 647 1255 quenrer
671 1145 1095 1247 commemoravimus,
1125 1165 1170 1224 ut
1190 1136 1346 1222 alteribs
1368 1132 1514 1248 speciei
1535 1145 1735 1224 renuentia
1756 1173 1910 1231 convc-

468 1257 620 1362 niunt,
644 1285 773 1339 amara
799 1251 952 1340 scilicet
965 1316 979 1363 ,
1006 1284 1089 1366 quae
1113 1249 1183 1335 bili
1208 1275 1335 1364 partes
1358 1274 1495 1334 tenues
1519 1256 1561 1333 dt
1587 1250 1772 1368 analogas
1797 1257 1908 1342 suffi-

480 1371 616 1472 ciunt,
640 1393 685 1451 ut
698 1368 935 1482 saponacea,
962 1363 1170 1482 gummosa
1184 1365 1500 1468 ammoniacum,
1521 1359 1736 1473 bdellium,
1754 1396 1909 1485 opopa.

478 1508 579 1586 nax,
593 1489 674 1564 &c
692 1479 857 1595 sapones
875 1507 957 1564 arte
969 1478 1083 1585 fasti,
1104 1505 1171 1562 aut
1182 1478 1274 1583 suti,
1294 1502 1361 1560 aut
1373 1472 1652 1561 semivolatiles
1661 1541 1675 1584 ,
1691 1478 1910 1594 plantaque

477 1617 612 1680 amato
638 1590 784 1708 sapone
805 1595 1048 1709 prestantes,
1072 1590 1261 1696 fumaria,
1291 1615 1546 1694 taraxacum,
1578 1592 1755 1676 cichoria
1766 1655 1781 1700 ,
1812 1593 1909 1680 bor-

476 1705 635 1818 raginea
646 1766 661 1812 ,
690 1731 874 1817 troxyma
901 1702 1083 1790 oleraceo
1095 1764 1110 1811 ,
1139 1703 1355 1786 cathartica
1410 1703 1525 1786 ariter
1552 1697 1704 1787 leniora
1731 1705 1907 1795 adhiberi

464 1817 519 1902 ,in
539 1815 604 1901 vid
632 1845 789 1932 patente
815 1828 857 1903 δι
882 1816 1016 1931 pervid
1042 1847 1195 1928 equum
1222 1817 1286 1898 est.
1317 1813 1358 1896 T
1399 1816 1434 1896 ‘a
1454 1813 1543 1896 sunt
1568 1813 1712 1921 senna,
1739 1821 1905 1930 themu,

475 1957 641 2036 manna,
667 1927 817 2044 jalappa
844 1929 998 2043 aliaque
1016 1961 1100 2042 quae
1124 1928 1145 2012 ὲ
1170 1924 1370 2014 veteribus
1395 1925 1621 2042 cholagoga
1643 1928 1746 2014 diua
1758 1995 1773 2040 ‚
1799 1949 1909 2021 nunc

474 2037 692 2127 laxantium
720 2045 1028 2128 catharticorum
1052 2039 1170 2127 titulo
1193 2040 1377 2154 gaudent.

531 2155 580 2236 In
613 2183 758 2269 genere
787 2158 885 2242 verb
919 2180 1027 2270 patet
1060 2183 1110 2240 ex
1151 2154 1239 2268 ipsrs
1274 2151 1505 2236 universam·
1524 2149 1635 2236 illam
1670 2159 1905 2248 methodum

476 2267 661 2352 medendi
695 2295 764 2383 pet
798 2295 961 2354 omnem
996 2270 1086 2352 artis
1124 2262 1315 2348 ambitu'm
1335 2263 1456 2375 'aequle
1483 2263 1675 2373 diffundi,
1702 2273 1908 2360 causarum

474 2381 661 2466 varietate
689 2381 1046 2495 circumscriptam,
1068 2404 1468 2492 temperamentorum
1492 2407 1598 2463 nuuc
1625 2380 1904 2494 consensione,

476 2519 584 2576 nunc
599 2493 724 2578 disere
752 2493 855 2578 antid
864 2556 877 2601 ,
894 2519 961 2578 aut
972 2495 1270 2596 confirmatam,
1288 2517 1355 2574 aut
1372 2488 1635 2596 debilitatam,
1652 2495 1905 2610 medentique

474 2632 560 2687 non
572 2604 701 2694 deelb
714 2525 971 2692 subsidiorum
987 2606 1212 2710 materiem,
1228 2603 1295 2687 sed
1308 2603 1541 2688 methodum
1552 2603 1811 2692 adhibendam
1825 2613 1906 2698 esse

315 2762 317 2776 ι
388 2741 394 2756 “
467 2743 560 2826 ,qua
575 2747 656 2802 non
674 2718 836 2826 deserit,
856 2717 922 2805 vel
940 2723 981 2802 in
1002 2716 1172 2804 maxime
1193 2718 1352 2831 ancipiti
1367 2719 1522 2801 tramite
1540 2715 1769 2804 titubantem
1775 2785 1790 2828 ,
1807 2750 1903 2808 eum

474 2831 543 2938 qui
561 2829 856 2946 Hippocraticis
870 2830 1042 2917 imbutus
1057 2833 1280 2946 preceptis,
1306 2830 1380 2913 scit
1399 2829 1438 2912 se
1455 2829 1603 2912 mederi
1620 2827 1781 2940 debere,
1810 2841 1902 2924 tirnt
1930 2905 1937 2916 .

472 2949 704 3028 communia
714 3007 729 3049 ,
748 2949 832 3028 tum
852 2948 1009 3060 propria
1026 2949 1258 3028 intuentem.
1273 2939 1419 3025 Nostra
1432 2970 1530 3057 ergo
1542 2941 1767 3030 universalis
1785 2978 1903 3034 cura·

472 3054 533 3136 tio
554 3059 706 3166 peracta
727 3057 844 3164 esset,
871 3059 898 3140 st
926 3086 1008 3141 non
1028 3056 1169 3140 serium
1192 3050 1308 3137 nobis
1332 3081 1619 3168 proponeretur
1644 3083 1734 3141 ante
1759 3061 1904 3150 oculos

472 3191 639 3250 examen
664 3177 704 3254 bt
729 3172 957 3283 topicorum
987 3166 1328 3273 adhibendorum,
1355 3176 1397 3252 dr
1423 3195 1562 3252 eorum
1588 3172 1678 3252 usus
1709 3198 1777 3255 aut
1802 3173 1903 3290 legi-

471 3280 584 3384 timi,
602 3305 668 3364 aut
683 3279 884 3389 rejiciendi
897 3286 1119 3368 accuratior
1130 3307 1291 3365 contem
1321 3278 1431 3366 latio.
1454 3280 1581 3391 Quod
1591 3281 1707 3368 nobis
1719 3283 1904 3374 ultimum

471 3391 665 3502 generalis
681 3397 893 3480 curationis
909 3421 1028 3512 caput
1040 3395 1257 3500 constituit,
1281 3309 1377 3477 dum
1389 3420 1473 3478 rem
1489 3399 1646 3508 prorsus
1661 3402 1903 3512 empyricam

473 3507 761 3592 &temeritate
788 3508 1014 3592 infamatam
1039 3507 1088 3592 ad
1111 3507 1251 3591 severa
1275 3509 1364 3590 artis
1391 3533 1552 3591 eternas
1574 3505 1683 3628 leges
1705 3538 1902 3600 tentamus

472 3642 686 3704 revocare:
706 3648 752 3704 ut
763 3619 896 3736 posted
908 3622 1002 3705 dum
1022 3619 1073 3706 de
1087 3615 1382 3734 particularibus
1398 3617 1546 3703 morbis
1561 3647 1742 3738 agemus,
1762 3627 1901 3712 eadem

471 3726 701 3818 sollicitudo
726 3732 1027 3855 properantibus
1054 3730 1203 3820 nullam
1229 3727 1307 3839 jam
1331 3761 1485 3822 moram
1510 3729 1671 3842 injiciat.

850 4001 1405 4092 ARTICULUS
1473 4001 1525 4088 V.

545 4233 613 4320 De
635 4237 858 4326 Morborum
878 4241 919 4326 iu
941 4265 1026 4326 cute
1048 4235 1276 4354 nascentium
1304 4237 1506 4326 curatione
1530 4240 1566 4324 br
1587 4237 1632 4322 de
1659 4239 1822 4358 Topicis.

526 4475 618 4563 Alia
631 4483 683 4566 est
695 4483 834 4569 ultima
845 4485 1078 4576 morborum
1090 4487 1215 4575 claffis
1231 4487 1298 4602 qui
1313 4489 1355 4572 in
1373 4514 1466 4574 cute
1478 4487 1709 4598 nascuntur,
1729 4517 1898 4604 eamque

469 4589 668 4698 afficiunt,
701 4597 850 4686 intaslis
882 4597 1148 4688 funslionibus
1177 4605 1355 4710 esteris,
1385 4609 1429 4686 bt
1448 4605 1490 4686 in
1509 4599 1592 4716 ipsd
1619 4606 1763 4688 haerent
1774 4663 1789 4708 ‚
1818 4631 1896 4690 nec

469 4703 627 4824 possunt
644 4705 712 4788 nist
734 4737 803 4822 per
828 4710 1036 4819 accidens,
1066 4715 1183 4800 idest
1211 4743 1282 4828 per
1311 4718 1509 4800 incautam
1535 4715 1894 4831 &imprudentem

462 4819 715 4931 ,strationem
728 4820 778 4904 ad
792 4821 884 4910 alias
893 4849 1022 4942 partes
1033 4829 1248 4927 confluere.
1268 4823 1391 4942 Tales
1405 4826 1603 4938 suntuaevi
1610 4891 1627 4943 ‚
1645 4829 1866 4946 asperitates
1873 4889 1893 4948 2
