4228 5898
455 413 515 518 9'6
684 407 783 494 DE
838 403 1161 494 Mouet&
1206 391 1629 494 CUTANEIS.

461 603 544 658 non
558 567 635 660 esse
645 635 661 681 ,
681 574 775 658 steo
794 569 974 658 membro
994 566 1064 654 ubi
1081 571 1274 686 impetigo
1289 574 1343 656 est
1355 570 1465 684 eque
1487 571 1592 658 rede
1605 593 1738 656 utatur
1755 569 1873 686 aegetss

519 687 572 770 Et
587 713 694 770 certe
713 687 841 799 angla
862 684 1077 796 impetigo,
1093 684 1177 766 imb
1194 683 1332 798 &ipsa
1374 714 1508 798 orrtgo
1517 745 1532 790 ,
1550 688 1578 767 st
1593 681 1789 798 srmplices
1800 683 1891 768 fue-

461 803 539 884 rint
560 806 605 911 ,δι
627 803 668 882 in
692 795 759 880 illd
784 798 991 913 eruptione
1019 792 1172 880 lemosa
1202 823 1320 906 atque
1339 714 1560 880 llrfinacea
1577 799 1889 902 contineantur,

461 914 542 994 stne
561 908 643 994 ulle
659 936 725 992 aut
738 908 815 991 basr
835 903 949 990 rubr&
966 933 1033 990 aut
1051 904 1182 989 limbis
1201 906 1480 1020 asperioribus,
1498 911 1565 993 vix
1584 908 1805 991 funffiones
1819 905 1888 990 lae·

463 1021 560 1106 dunt
581 1031 623 1106 dt
638 1026 679 1105 in
696 1022 886 1104 tenuioris
912 1017 1024 1102 sortis
1053 1015 1281 1102 hominibus
1298 1023 1365 1102 vix
1388 1017 1652 1133 *aparentibus
1678 1019 1888 1104 advertun-

460 1161 551 1236 tur,
577 1133 681 1217 unde
700 1163 793 1216 cum
814 1133 881 1216 vix
898 1161 1021 1215 unum
1039 1133 1243 1216 hominem
1264 1136 1330 1215 cui
1346 1132 1505 1216 fortuna
1529 1140 1572 1217 dt
1595 1160 1692 1246 opes
1711 1131 1889 1216 secundat

460 1247 550 1332 sunt
575 1250 635 1332 his
651 1243 761 1330 malis
779 1247 997 1329 constanter
1013 1243 1348 1333 affedumvideas
1358 1306 1373 1351 ,
1390 1241 1531 1346 comsit
1543 1249 1590 1358 iis
1604 1243 1707 1328 male
1722 1242 1889 1330 mulda·

457 1387 521 1447 tur
537 1358 648 1474 plebs
669 1359 816 1442 infima.
1452 1428 1469 1446 .,

514 1475 664 1558 Verium
681 1534 694 1576 ‚
711 1469 807 1554 licet
825 1469 1027 1554 fatendum
1042 1469 1087 1554 stt
1110 1469 1241 1556 causas
1254 1467 1439 1556 omnibus
1457 1468 1565 1581 aequd
1584 1469 1839 1584 impendere,
1859 1467 1891 1554 si

454 1611 593 1670 tamen
612 1583 759 1668 attente
785 1583 962 1680 meditari
979 1584 1166 1666 fuerimus
1188 1612 1272 1693 quae
1294 1583 1515 1697 nuperrime
1535 1585 1576 1664 in
1597 1609 1717 1695 opere
1736 1585 1891 1668 eximio

461 1702 567 1782 circa
589 1723 763 1782 tumores
785 1700 825 1778 in
845 1723 938 1780 cute
957 1695 1157 1780 nascentes
1177 1692 1260 1806 lym
1289 1697 1424 1806 haeque
1443 1691 1647 1808 glandulas
1666 1721 1753 1808 perr
1804 1720 1893 1778 tan·

459 1816 510 1904 tis
531 1836 707 1894 naturam
721 1807 870 1923 scripsit
888 1811 1054 1892 eximius
1074 1805 1229 1922 Anglus
1256 1727 1311 1891 b.
1336 1805 1505 1914 Russ'el‚
1532 1804 1626 1890 illos
1649 1723 1891 1894 certeel'rsce

460 1924 685 2010 infortuniis
706 1919 907 2006 obnoxios
923 1921 1001 2006 elle
1019 1925 1255 2034 reperiemus
1277 1923 1344 2030 qui
1369 1917 1530 2036 lymphi
1553 1917 1710 2002 nutritiai
1723 1922 1893 2008 nmium

459 2034 681 2140 abundant,
695 2032 885 2144 dirutisque
904 2031 1018 2117 simul
1033 2043 1074 2117 dt
1096 2033 1327 2118 crassiori&
1348 2034 1562 2146 eopiosrori
1578 2028 1801 2116 abutunnrr.
1814 2033 1891 2116 Vi·

460 2152 561 2234 tium
578 2143 678 2231 illud
700 2145 854 2230 duobus
902 2146 1065 2261 racipue
1086 2144 1285 2228 causarum
1304 2142 1513 2260 generibus
1534 2145 1661 2256 potest
1679 2169 1891 2260 acceptum

460 2259 597 2346 deberi
613 2292 631 2362 3,
648 2263 776 2375 primb
795 2175 956 2371 quidem
1030 2256 1166 2342 culiari
1184 2262 1365 2372 corporis
1382 2255 1651 2340 mechanismo
1667 2317 1682 2362 ,
1712 2256 1888 2342 secundb

459 2377 557 2458 verb
570 2398 713 2457 naturae
729 2370 916 2457 ciborum
935 2400 956 2453 a
1027 2369 1201 2454 illorum.
1218 2371 1320 2456 Sunt
1333 2373 1440 2456 enim
1454 2369 1784 2480 namtasquaedam
1803 2400 1888 2480 quae

460 2483 643 2570 strudurri
665 2515 748 2568 non
768 2482 899 2570 sarisb
917 2480 1034 2566 nobis
1052 2481 1249 2568 intelleeiai
1273 2512 1538 2597 organorum,
1579 2480 1639 2568 lus
1660 2485 1889 2596 ingenerant
1929 2485 1934 2494 '

461 2602 564 2685 istius
591 2596 787 2714 lymphae,
806 2595 924 2708 qulm
972 2596 1061 2680 offtt
1083 2623 1152 2710 per
1178 2599 1261 2680 vim
1289 2599 1469 2710 corporis
1497 2513 1647 2680 ablumi
1660 2657 1675 2702 ,
1699 2595 1889 2707 nondum

460 2713 591 2797 adhuc
612 2714 755 2828 perviis
774 2737 819 2794 ut
836 2713 878 2794 in
896 2627 1059 2794 inlbntiai
1079 2707 1275 2823 glandulis
1290 2741 1302 2808 ;
1328 2707 1434 2792 unde
1451 2712 1520 2820 qui
1537 2707 1748 2824 perspirare
1764 2703 1888 2792 debe-

459 2823 528 2915 bat
541 2829 685 2910 humor
700 2824 858 2909 craffior
873 2833 915 2908 dt
930 2824 1090 2908 crudior
1107 2821 1156 2907 ad
1169 2826 1269 2906 cutis
1283 2820 1371 2906 vasa
1386 2818 1573 2935 appellit,
1587 2818 1745 2931 ibique,
1768 2847 1811 2910 ut
1823 2848 1891 2902 ar·

458 2935 622 3022 boribus
647 2933 837 3018 familiare
858 2938 910 3020 est
959 2937 1112 3048 gummi
1133 2932 1337 3045 muscique
1365 2938 1461 3018 varii
1477 2937 1629 3048 generis
1648 2931 1697 3016 ad
1724 2931 1889 3046 superli-

463 3050 567 3138 ciem
586 3050 770 3131 emicant.
793 3046 838 3130 Si
857 2997 965 3131 hilde
986 3043 1168 3160 jungatur
1190 3048 1430 3154 acrimonia,
1445 3047 1573 3153 rosto,
1594 3047 1695 3133 fiunt
1715 3043 1888 3150 sursum,

461 3157 601 3266 lemae,
624 3187 800 3243 tumores
815 3161 914 3242 varii
942 3189 1111 3270 quorum
1136 3157 1259 3274 vulgb
1280 3163 1534 3293 prenuntiant
1553 3163 1801 3273 eruptionem
1821 3183 1888 3242 tu-

462 3299 594 3363 mores
617 3268 889 3385 glandularum
903 3306 913 3354 ε
929 3299 983 3358 eae
1006 3274 1113 3357 enim
1134 3273 1311 3357 humoris
1335 3273 1385 3358 ad
1405 3299 1539 3360 cutem
1560 3270 1784 3388 deponendi
1799 3268 1888 3354 sunt

464 3386 568 3498 quast
598 3384 930 3499 conceptaculum
950 3417 963 3486 ;
1002 3388 1122 3470 itaut
1142 3414 1340 3498 nunquam
1361 3383 1465 3472 ullus
1494 3386 1544 3470 ad
1565 3413 1699 3470 cutem
1724 3379 1889 3488 alicujus

463 3497 656 3584 momenti
677 3500 847 3583 emineat
862 3494 1023 3582 morbus
1033 3560 1048 3605 ,
1065 3501 1158 3609 quin
1175 3527 1314 3586 omnes
1327 3498 1376 3583 ad
1389 3502 1576 3584 viciniam
1595 3494 1789 3612 glandula
1805 3522 1888 3580 tut·

463 3638 582 3726 geant
591 3673 605 3718 ,
629 3635 772 3724 totque
791 3607 923 3725 posted
947 3608 1025 3720 illis
1045 3615 1087 3694 in
1111 3609 1300 3696 viscerae
1324 3609 1520 3727 glandulis
1537 3611 1742 3714 efformata
1760 3635 1888 3694 erutu-

463 3750 557 3840 pant
575 3722 734 3831 morbi,
765 3720 907 3835 quibus
940 3727 1041 3808 cutis
1067 3722 1139 3808 suo
1163 3750 1344 3841 ternpore
1370 3724 1572 3840 deturpata
1603 3753 1686 3808 non
1714 3723 1787 3822 est3
1810 3749 1889 3808 nee

463 3839 542 3922 stne
561 3839 713 3922 ratione
729 3833 798 3918 fibi
845 3833 1009 3921 laudunt
1027 3837 1280 3950 praevidentes
1306 3836 1531 3945 nuniculae,
1556 3835 1624 3920 ubi
1640 3838 1889 3919 contamina·

463 3975 526 4036 tur
546 3948 771 4064 puellorum
789 3867 859 4032 fili
876 3949 1173 4033 commissorum
1198 3954 1327 4060 cutis,
1351 3952 1456 4063 quast
1478 3948 1570 4034 inde
1594 3945 1617 4032 ὲ
1640 3945 1888 4034 nascentibus

465 4061 594 4174 posted
615 4060 763 4146 morbis
784 4058 1025 4166 liberentur,
1048 4069 1090 4144 dt
1120 4061 1245 4147 sanius
1271 4064 1312 4150 se
1341 4064 1521 4150 habeant.
1549 4057 1775 4170 Pluriesque
1803 4061 1889 4144 vidi

465 4187 587 4258 muco
609 4172 681 4258 illo
702 4173 840 4260 misere
865 4175 1086 4260 diffluentes
1116 4174 1282 4262 infantes
1305 4176 1577 4274 candidissima
1602 4179 1644 4257 bt
1669 4174 1887 4258 tenerrima:

465 4315 642 4368 mammae
663 4289 861 4396 appositos
880 4287 988 4372 illam
1010 4285 1228 4374 nullatenus
1254 4293 1417 4398 vitiare,
1438 4290 1506 4372 nist
1531 4313 1663 4371 tamen
1689 4284 1730 4368 su
1759 4285 1887 4370 erfluo

463 4394 524 4482 illi
539 4393 798 4509 conjungatur
815 4429 862 4482 ac
878 4398 1139 4516 complicetur
1155 4402 1315 4488 acredo.
1333 4401 1446 4488 Patet
1461 4399 1552 4485 inde
1565 4425 1708 4596 quanta
1727 4316 1772 4480 bt
1788 4426 1890 4510 cog·

466 4513 574 4604 natio
603 4535 720 4620 atque
753 4507 979 4618 conjunctio
1009 4513 1203 4625 furfurum
1228 4547 1321 4604 curn
1344 4521 1392 4606 iis
1420 4515 1470 4604 de
1502 4515 1570 4626 qui
1595 4543 1642 4600 us
1675 4505 1889 4628 agebamus

466 4620 810 4720 mucosrsmorbis.

503 4731 928 4848 Veritmjamdispolito
942 4742 1104 4854 corpori
1114 4741 1288 4854 aerisque
1299 4739 1677 4834 humidiucalentis
1687 4734 1890 4822 effeuibus

370 4877 379 4902 ·
461 4845 644 4974 jungatur
652 4847 763 4940 diaeta
775 4847 912 4961 cruda,
925 4849 1120 4966 glutinosa
1129 4884 1180 4942 ex
1194 4849 1292 4942 cibis
1305 4885 1388 4940 non
1399 4855 1670 4962 fermentatis,
1686 4851 1715 4936 st
1734 4847 1890 4980 preser-

1816 4987 1891 5046 tun
