4226 5916
585 397 1167 540 'curnnnrs
1338 462 1343 474 ¹
1527 467 1632 560 ,n

198 640 280 724 qna
300 610 534 698 effinxerant
552 613 706 700 Medici
726 617 886 728 quidam
901 611 1053 723 seduli,
1075 639 1120 698 ut
1144 614 1253 724 aquis
1270 610 1526 701 tlrermalibus
1543 617 1631 730 sup·
1658 667 1666 674 ·

197 723 359 840 plerent.
386 726 558 811 Memini
577 757 642 814 me
658 730 794 815 vidisse
813 734 1017 815 hominem
1037 730 1103 813 cui
1121 731 1221 810 cu'tis
1241 753 1325 810 tora
1343 755 1427 812 erat
1442 726 1629 842 plumbea
1645 763 1648 776 ·

185 829 237 922 ⁸&
256 841 297 920 in
320 837 501 923 colorem
523 841 624 955 pene
643 842 886 926 metallicum
910 843 1017 928 versa
1025 904 1040 948 ,
1062 836 1174 922 simul
1193 843 1289 924 verb
1314 841 1432 925 crassa
1459 845 1629 954 &quasi

196 949 456 1063 elephantina.
477 952 622 1040 Aiebat
638 955 678 1040 se
694 955 742 1039 ab
760 955 892 1070 agyrtai
906 957 958 1038 src
974 978 1167 1038 mutatum
1182 952 1277 1065 diam
1292 951 1348 1034 lui
1365 960 1539 1039 venereae
1556 963 1628 1070 per

196 1059 336 1146 balnea
352 1065 504 1149 mederi
516 1067 706 1153 suaderet.
725 1067 773 1152 Id
785 1067 906 1153 velim
923 1071 1052 1150 notari
1066 1065 1247 1150 adversus
1261 1068 1367 1150 viros
1388 1065 1629 1156 dosiiffinros

196 1182 239 1258 bc
262 1175 524 1290 sagacissimos
547 1185 615 1292 qui
637 1179 777 1266 balnea
796 1183 995 1266 mercurio
1018 1175 1228 1262 sublimato
1250 1179 1453 1263 corrosrvo
1476 1179 1628 1267 imbuta

195 1287 405 1374 suaserunt.
431 1293 531 1375 Non
561 1296 666 1376 eninr
692 1295 831 1398 eadem
856 1297 909 1377 est
934 1296 1036 1377 aetio
1067 1289 1311 1374 solutionum
1342 1289 1629 1376 metallicamm

194 1401 235 1481 in
260 1427 395 1486 cutem
416 1430 533 1514 atque
557 1409 598 1488 in
622 1406 696 1489 alia
720 1411 870 1498 interna
893 1434 1040 1518 organa
1060 1402 1267 1514 i'rn'quibus
1295 1411 1336 1487 ὅ(
1391 1403 1535 1487 lurimo
1559 1409 1631 1489 hu-

193 1542 310 1597 more
343 1513 570 1625 diluuntur,
595 1525 637 1603 ἃ
668 1523 916 1634 excipiuntur
940 1514 1121 1602 universal
1147 1514 1305 1629 lympha
1319 1580 1334 1622 ,
1359 1435 1462 1600 lbcis
1492 1515 1630 1605 clausis

193 1653 314 1737 atque
337 1626 568 1716 calentibus.
599 1629 796 1715 Caeterirm
822 1634 1060 1745 experientia
1083 1627 1201 1733 judex
1226 1631 1319 1712 esto.

253 1739 360 1824 Cam
376 1771 514 1826 omnes
529 1744 580 1827 de
595 1743 736 1852 quibus
749 1748 900 1858 egimus
914 1743 1033 1826 causa
1047 1745 1088 1823 in
1104 1755 1236 1826 cutem
1253 1769 1453 1826 externam
1468 1735 1629 1830 externe

138 1903 139 1906 κ
194 1880 339 1965 agant,
353 1854 473 1938 facile
488 1859 540 1938 est
558 1883 697 1940 eorum
715 1858 874 1940 essedus
892 1855 1130 1970 ponderare,
1143 1854 1273 1938 forsan
1289 1859 1407 1938 etiam
1424 1863 1464 1936 bt
1480 1857 1629 1941 sanare.

193 1962 330 2049 Altior
349 1970 402 2050 est
423 1966 709 2081 contemplatio
730 1996 864 2051 earum
885 1968 1086 2052 causarum
1105 1997 1189 2077 quae
1210 1965 1258 2048 ab
1279 1970 1439 2052 internis
1456 1967 1629 2082 parribus

194 2075 386 2191 delapsae,
408 2079 531 2174 cutim
552 2081 716 2165 craffitie
734 2082 933 2186 afficiunt,
958 2084 1048 2163 clun
1072 2081 1138 2186 vix
1160 2077 1328 2193 intelligi
1347 2081 1464 2193 poffit
1486 2080 1567 2163 dari
1587 2086 1630 2166 in

194 2219 369 2304 corpore
382 2198 617 2278 mutationes
633 2225 716 2304 quae
730 2193 1054 2278 tam‘norabiliter
1066 2195 1186 2275 cutim
1203 2190 1368 2275 alterent
1376 2253 1390 2297 ,
1404 2190 1525 2275 illaesrs
1543 2191 1630 2279 aliis

193 2301 488 2405 funfflonibus;
505 2309 530 2388 fi
549 2311 670 2420 porro
688 2307 874 2391 laedantur
892 2309 1138 2410 funfflones,
1153 2305 1308 2387 affeslio
1324 2306 1424 2388 cutis
1439 2309 1478 2388 in
1497 2306 1630 2420 symp-

192 2443 310 2498 toma
328 2420 490 2499 vertitur
510 2419 734 2502 universalis
755 2417 908 2524 morbi,
930 2447 1011 2501 non
1030 2413 1106 2521 jam
1127 2418 1207 2530 ipsa
1225 2415 1386 2500 morbus
1404 2419 1468 2500 est.

256 2527 341 2611 Has
359 2532 460 2611 inter
474 2533 621 2640 antiqui
637 2530 730 2612 duas
741 2531 947 2644 prasertim
966 2528 1195 2612 recensuere
1210 2530 1387 2612 craffitiei
1402 2532 1502 2611 cutis
1517 2529 1629 2613 indu-

193 2639 333 2724 cendae
350 2670 370 2722 a
398 2641 554 2724 tillimas
574 2647 647 2744 (a).
673 2641 811 2726 Altera
827 2646 880 2726 est
902 2642 1180 2724 alimentorum
1196 2641 1305 2722 craffr
1320 2641 1426 2723 succi
1444 2639 1630 2725 &farinae

190 2749 303 2834 male
325 2671 486 2836 subadae
513 2753 716 2838 diuturnus
737 2755 826 2838 usus
845 2757 887 2836 in
913 2783 996 2835 non
1020 2756 1237 2836 exercitato
1255 2780 1456 2867 corpore3
1483 2750 1631 2862 altera,

191 2873 407 2949 moeror&
426 2868 582 2951 affectus
600 2869 719 2950 animi
736 2869 868 2952 tristes.
890 2866 935 2950 Si
955 2869 1088 2950 omnir.
1106 2865 1341 2980 pessimaque
1360 2863 1462 2948 mala
1480 2895 1563 2974 quae
1580 2865 1630 2950 ab

192 2975 479 3061 alimentorum
507 2983 701 3072 horumce
723 2984 952 3096 praepostero
979 2979 1048 3063 usu
1101 2979 1246 3062 endere
1266 2979 1423 3093 possunt
1451 2977 1632 3091 seposue-

191 3094 276 3194 ris,
296 3089 403 3174 certe
416 3093 499 3174 sieri
514 3097 659 3206 poterit
673 3121 739 3200 ut,
758 3097 1018 3178 excrementis
1031 3009 1225 3177 essentem
1242 3089 1519 3196 accumulatis,
1531 3091 1631 3176 cras·

120 3287 128 3304 ,
189 3203 324 3290 sescat
342 3201 412 3286 illa
435 3211 475 3288 δε
499 3207 679 3289 densetur
701 3203 723 3289 ὲ
749 3205 1036 3320 perspirationis
1064 3204 1217 3288 defenu
1244 3207 1478 3318 aggestoque
1506 3235 1630 3288 muco

191 3316 327 3400 crudo
359 3344 475 3427 atque
501 3319 703 3431 indigesto,
728 3319 877 3402 Verum
905 3323 998 3401 curn
1017 3315 1130 3424 hujus
1161 3317 1280 3399 causae
1304 3320 1442 3402 unicus
1468 3317 1630 3401 effeetus

190 3430 267 3512 vix
284 3432 445 3622 concipi
469 3431 614 3542 possit,
648 3435 701 3514 ita
728 3435 811 3516 haec
840 3433 953 3516 causa
975 3429 1058 3514 sola
1078 3457 1194 3543 agere
1211 3432 1277 3512 vix
1298 3426 1529 3542 intelligitur
1550 3461 1561 3527 3
1591 3455 1631 3512 at

191 3541 337 3652 jungas
353 3570 403 3624 ve
420 3547 474 3624 im
489 3570 769 3629 concurrentes
786 3546 945 3628 effectus
965 3543 1164 3627 causarum
1180 3539 1292 3622 simul
1308 3540 1603 3647 conjunslarum
1613 3599 1630 3646 ‚

189 3655 380 3766 frigus&
397 3653 530 3738 sordes
547 3657 702 3767 adquas
719 3662 831 3770 cogit
844 3661 1024 3770 penuria,
1039 3654 1173 3765 jungas
1190 3660 1230 3735 δε
1241 3682 1459 3736 moerorem
1469 3715 1482 3757 ,
1496 3652 1632 3764 fugam

190 3770 434 3874 hominum,
460 3765 620 3851 habebis
641 3769 747 3852 certe
769 3768 897 3876 unde,
920 3772 947 3851 sr
968 3771 1154 3852 interiora
1170 3768 1210 3850 vi
1232 3765 1361 3850 innatal
1382 3764 1482 3850 bene
1498 3765 1632 3848 defen-

191 3881 368 3984 dantur,
397 3883 498 3964 cutis
526 3880 740 3964 crassescat.
771 3883 877 3964 Nam
907 3882 1010 3965 deest
1039 3880 1265 3996 perspiratio
1279 3942 1292 3983 ,
1321 3878 1424 3962 deest
1452 3878 1632 3960 difflatio.

190 3989 342 4076 Morbi
364 3995 464 4076 cutis
483 4020 621 4075 omnes
642 3995 807 4078 timendi
822 3993 874 4078 ad
889 4023 989 4104 quos
1011 3996 1115 4104 quast
1138 3989 1314 4106 praeludit
1334 3992 1433 4094 cutis
1454 3989 1631 4095 ariditas,

193 4103 416 4209 crassrties,
443 4102 605 4209 lichen,
633 4105 918 4214 immobilitas,
943 4109 1100 4220 stupor,
1127 4105 1271 4212 aliique
1293 4099 1434 4184 similes
1459 4101 1631 4186 affeblus.
1719 4199 1724 4208 ,
1751 4115 1755 4122 '

190 4217 317 4300 Idem
347 4216 504 4330 precise
526 4218 737 4302 dicendum
760 4224 834 4304 erit
861 4219 910 4304 de
928 4218 1095 4303 tristibus
1120 4219 1238 4300 animi
1261 4209 1544 4328 pathernatibus
1565 4217 1633 4323 qui

191 4354 310 4414 tanta
329 4354 487 4438 tamque
505 4335 636 4442 gravia
658 4331 813 4416 aliunde
835 4332 938 4416 mala
956 4336 1194 4444 important,
1219 4353 1263 4410 ut
1278 4330 1346 4410 vix
1366 4325 1416 4410 de
1435 4353 1574 4408 eorum
1589 4329 1633 4408 in

193 4467 341 4527 cutem
364 4439 564 4527 effefflbus
579 4447 755 4555 cogitare
776 4443 907 4527 liceat.
924 4444 1032 4526 Rem
1052 4467 1185 4525 tamen
1203 4439 1353 4524 viderat
1366 4441 1630 4550 Archigenes:

194 4583 282 4638 nec
305 4554 475 4658 mirum,
499 4561 590 4638 clun
607 4559 699 4639 teste
711 4557 919 4638 Sandorio
937 4552 1036 4638 nihil
1055 4554 1234 4638 direnins
1250 4556 1293 4635 ¹in
1315 4551 1636 4668 perspirationem

193 4693 310 4778 agar.
323 4663 444 4747 Certe
455 4667 710 4751 moerentibus
726 4673 824 4783 perit
836 4669 965 4751 omnis
977 4671 1076 4752 cutis
1092 4669 1218 4764 nitor;
1233 4667 1333 4780 perit
1348 4667 1492 4768 omnis,
1510 4693 1636 4746 occu-

192 4775 298 4898 patai
324 4779 490 4858 nimilrnr
520 4807 672 4888 mente,
695 4781 825 4866 sensus
853 4781 903 4864 ad
933 4777 1019 4904 alia,
1050 4781 1136 4892 Qui
1166 4775 1314 4866 subitus
1341 4781 1492 4862 timoris
1520 4799 1637 4884 atque

244 4939 308 5014 (a)
330 4933 370 5002 V·
387 4933 539 5022 Archigeu.
560 4936 631 5021 apud
647 4939 760 5000 A'etiunr
776 4939 834 5004 loc.
854 4938 900 5002 cir.
1325 5013 1368 5124 Q

1312 5040 1314 5048 '
1382 5041 1446 5123 ‘lq
