<?xml version="1.0" encoding="UTF-8"?>
<!DOCTYPE html PUBLIC "-//W3C//DTD XHTML 1.0 Transitional//EN"
    "http://www.w3.org/TR/xhtml1/DTD/xhtml1-transitional.dtd">
<html xmlns="http://www.w3.org/1999/xhtml" xml:lang="en" lang="en">
 <head>
  <title>
</title>
<meta http-equiv="Content-Type" content="text/html;charset=utf-8" />
  <meta name='ocr-system' content='tesseract 3.04.00' />
  <meta name='ocr-capabilities' content='ocr_page ocr_carea ocr_par ocr_line ocrx_word'/>
</head>
<body>
  <div class='ocr_page' id='page_1' title='image "./tractatusdemorb00cavegoog_0077.png"; bbox 0 0 4246 5900; ppageno 0'>
   <div class='ocr_carea' id='block_1_1' title="bbox 486 419 1649 537">
    <p class='ocr_par' dir='ltr' id='par_1_1' title="bbox 486 419 1649 537">
     <span class='ocr_line' id='line_1_1' title="bbox 486 419 1649 537; baseline 0 -25"><span class='ocrx_word' id='word_1_1' title='bbox 486 452 540 537; x_wconf 72' lang='grc' dir='ltr'><strong>μ</strong></span> <span class='ocrx_word' id='word_1_2' title='bbox 748 423 842 510; x_wconf 80' lang='lat' dir='ltr'>on</span> <span class='ocrx_word' id='word_1_3' title='bbox 903 419 1649 514; x_wconf 74' lang='lat' dir='ltr'>Monars‘curnunrs,</span> 
     </span>
    </p>
   </div>
   <div class='ocr_carea' id='block_1_2' title="bbox 478 585 1975 4091">
    <p class='ocr_par' dir='ltr' id='par_1_2' title="bbox 479 585 1920 1829">
     <span class='ocr_line' id='line_1_2' title="bbox 483 585 1915 706; baseline 0.003 -34"><span class='ocrx_word' id='word_1_4' title='bbox 483 585 733 706; x_wconf 80' lang='lat' dir='ltr'>ampullulas</span> <span class='ocrx_word' id='word_1_5' title='bbox 754 591 794 672; x_wconf 89' lang='lat' dir='ltr'>in</span> <span class='ocrx_word' id='word_1_6' title='bbox 824 587 973 674; x_wconf 70' lang='lat' dir='ltr'>summi</span> <span class='ocrx_word' id='word_1_7' title='bbox 997 615 1089 673; x_wconf 90' lang='lat' dir='ltr'>cute</span> <span class='ocrx_word' id='word_1_8' title='bbox 1115 587 1254 696; x_wconf 88' lang='lat' dir='ltr'>duras,</span> <span class='ocrx_word' id='word_1_9' title='bbox 1287 589 1520 696; x_wconf 87' lang='lat' dir='ltr'>cancrosas‚</span> <span class='ocrx_word' id='word_1_10' title='bbox 1549 587 1915 704; x_wconf 80' lang='lat' dir='ltr'>pruritu&#39;intolera-</span> 
     </span>
     <span class='ocr_line' id='line_1_3' title="bbox 483 700 1916 814; baseline 0.003 -29"><span class='ocrx_word' id='word_1_11' title='bbox 483 701 553 785; x_wconf 93' lang='lat' dir='ltr'>bili</span> <span class='ocrx_word' id='word_1_12' title='bbox 591 702 772 788; x_wconf 90' lang='lat' dir='ltr'>infandos</span> <span class='ocrx_word' id='word_1_13' title='bbox 798 700 964 810; x_wconf 83' lang='lat' dir='ltr'>ejuratus</span> <span class='ocrx_word' id='word_1_14' title='bbox 997 729 1311 812; x_wconf 87' lang='lat' dir='ltr'>extorquentes,</span> <span class='ocrx_word' id='word_1_15' title='bbox 1349 705 1496 814; x_wconf 89' lang='lat' dir='ltr'>vixque</span> <span class='ocrx_word' id='word_1_16' title='bbox 1515 702 1585 786; x_wconf 83' lang='lat' dir='ltr'>nist</span> <span class='ocrx_word' id='word_1_17' title='bbox 1612 701 1661 787; x_wconf 72' lang='grc' dir='ltr'>δι’</span> <span class='ocrx_word' id='word_1_18' title='bbox 1681 702 1838 788; x_wconf 71' lang='lat' dir='ltr'>flammi</span> <span class='ocrx_word' id='word_1_19' title='bbox 1870 713 1916 790; x_wconf 74' lang='lat' dir='ltr'>de</span> 
     </span>
     <span class='ocr_line' id='line_1_4' title="bbox 482 809 1912 930; baseline 0.002 -33"><span class='ocrx_word' id='word_1_20' title='bbox 482 815 589 898; x_wconf 85' lang='lat' dir='ltr'>ferro</span> <span class='ocrx_word' id='word_1_21' title='bbox 614 809 912 915; x_wconf 71' lang='lat' dir='ltr'>rescindendasr</span> <span class='ocrx_word' id='word_1_22' title='bbox 936 814 1148 928; x_wconf 71' lang='lat' dir='ltr'>srpersesia</span> <span class='ocrx_word' id='word_1_23' title='bbox 1169 817 1376 900; x_wconf 88' lang='lat' dir='ltr'>emicuerit</span> <span class='ocrx_word' id='word_1_24' title='bbox 1398 816 1532 921; x_wconf 76' lang='lat' dir='ltr'>crisis,</span> <span class='ocrx_word' id='word_1_25' title='bbox 1553 815 1729 899; x_wconf 80' lang='lat' dir='ltr'>rotunda</span> <span class='ocrx_word' id='word_1_26' title='bbox 1748 813 1823 900; x_wconf 78' lang='lat' dir='ltr'>illa</span> <span class='ocrx_word' id='word_1_27' title='bbox 1843 845 1912 930; x_wconf 88' lang='lat' dir='ltr'>pa-</span> 
     </span>
     <span class='ocr_line' id='line_1_5' title="bbox 482 923 1910 1042; baseline 0.001 -32"><span class='ocrx_word' id='word_1_28' title='bbox 482 926 584 1042; x_wconf 76' lang='lat' dir='ltr'>pula</span> <span class='ocrx_word' id='word_1_29' title='bbox 614 936 655 1012; x_wconf 79' lang='lat' dir='ltr'>dt</span> <span class='ocrx_word' id='word_1_30' title='bbox 687 929 791 1038; x_wconf 83' lang='lat' dir='ltr'>quast</span> <span class='ocrx_word' id='word_1_31' title='bbox 823 929 974 1012; x_wconf 82' lang='lat' dir='ltr'>circino</span> <span class='ocrx_word' id='word_1_32' title='bbox 1000 927 1198 1039; x_wconf 72' lang='lat' dir='ltr'>descriptae</span> <span class='ocrx_word' id='word_1_33' title='bbox 1227 923 1395 1009; x_wconf 87' lang='lat' dir='ltr'>limbum</span> <span class='ocrx_word' id='word_1_34' title='bbox 1423 928 1702 1012; x_wconf 78' lang='lat' dir='ltr'>tanmmmodb</span> <span class='ocrx_word' id='word_1_35' title='bbox 1743 927 1910 1013; x_wconf 91' lang='lat' dir='ltr'>rubeum</span> 
     </span>
     <span class='ocr_line' id='line_1_6' title="bbox 480 1037 1914 1155; baseline 0.001 -31"><span class='ocrx_word' id='word_1_36' title='bbox 480 1048 526 1124; x_wconf 69' lang='grc' dir='ltr'>ὁ(</span> <span class='ocrx_word' id='word_1_37' title='bbox 547 1042 772 1126; x_wconf 83' lang='lat' dir='ltr'>flammeum</span> <span class='ocrx_word' id='word_1_38' title='bbox 793 1039 964 1147; x_wconf 86' lang='lat' dir='ltr'>habent,</span> <span class='ocrx_word' id='word_1_39' title='bbox 985 1065 1024 1122; x_wconf 88' lang='lat' dir='ltr'>at</span> <span class='ocrx_word' id='word_1_40' title='bbox 1043 1042 1083 1120; x_wconf 95' lang='lat' dir='ltr'>in</span> <span class='ocrx_word' id='word_1_41' title='bbox 1103 1040 1189 1122; x_wconf 83' lang='lat' dir='ltr'>crist</span> <span class='ocrx_word' id='word_1_42' title='bbox 1207 1041 1261 1120; x_wconf 89' lang='lat' dir='ltr'>im</span> <span class='ocrx_word' id='word_1_43' title='bbox 1291 1037 1434 1122; x_wconf 69' lang='lat' dir='ltr'>efferte</span> <span class='ocrx_word' id='word_1_44' title='bbox 1447 1039 1727 1124; x_wconf 88' lang='lat' dir='ltr'>circumfusum</span> <span class='ocrx_word' id='word_1_45' title='bbox 1747 1043 1914 1155; x_wconf 83' lang='lat' dir='ltr'>erysrpe-</span> 
     </span>
     <span class='ocr_line' id='line_1_7' title="bbox 480 1149 1913 1267; baseline -0.001 -30"><span class='ocrx_word' id='word_1_46' title='bbox 480 1150 539 1238; x_wconf 89' lang='lat' dir='ltr'>las</span> <span class='ocrx_word' id='word_1_47' title='bbox 550 1214 564 1260; x_wconf 90' lang='lat'><em>‚</em></span> <span class='ocrx_word' id='word_1_48' title='bbox 588 1151 810 1267; x_wconf 72' lang='lat' dir='ltr'>phlyslaenis</span> <span class='ocrx_word' id='word_1_49' title='bbox 835 1149 1115 1266; x_wconf 85' lang='lat' dir='ltr'>nigricantibus</span> <span class='ocrx_word' id='word_1_50' title='bbox 1136 1153 1245 1234; x_wconf 92' lang='lat' dir='ltr'>horri</span> <span class='ocrx_word' id='word_1_51' title='bbox 1274 1179 1369 1250; x_wconf 74' lang='lat' dir='ltr'>um,</span> <span class='ocrx_word' id='word_1_52' title='bbox 1403 1157 1445 1233; x_wconf 77' lang='lat' dir='ltr'>dt</span> <span class='ocrx_word' id='word_1_53' title='bbox 1467 1151 1690 1262; x_wconf 70' lang='lat' dir='ltr'>quanquam</span> <span class='ocrx_word' id='word_1_54' title='bbox 1708 1154 1913 1238; x_wconf 87' lang='lat' dir='ltr'>fatendum</span> 
     </span>
     <span class='ocr_line' id='line_1_8' title="bbox 483 1255 1911 1381; baseline 0.001 -31"><span class='ocrx_word' id='word_1_55' title='bbox 483 1267 669 1350; x_wconf 78' lang='lat' dir='ltr'>literram</span> <span class='ocrx_word' id='word_1_56' title='bbox 688 1263 798 1346; x_wconf 87' lang='lat' dir='ltr'>illam</span> <span class='ocrx_word' id='word_1_57' title='bbox 824 1263 969 1371; x_wconf 88' lang='lat' dir='ltr'>bilem,</span> <span class='ocrx_word' id='word_1_58' title='bbox 999 1261 1022 1346; x_wconf 79' lang='lat' dir='ltr'>it</span> <span class='ocrx_word' id='word_1_59' title='bbox 1054 1261 1134 1348; x_wconf 89' lang='lat' dir='ltr'>bile</span> <span class='ocrx_word' id='word_1_60' title='bbox 1159 1259 1325 1346; x_wconf 86' lang='lat' dir='ltr'>naturali</span> <span class='ocrx_word' id='word_1_61' title='bbox 1351 1261 1560 1370; x_wconf 89' lang='lat' dir='ltr'>abludere,</span> <span class='ocrx_word' id='word_1_62' title='bbox 1585 1267 1670 1350; x_wconf 80' lang='lat' dir='ltr'>imo</span> <span class='ocrx_word' id='word_1_63' title='bbox 1699 1273 1741 1349; x_wconf 77' lang='lat' dir='ltr'>dt</span> <span class='ocrx_word' id='word_1_64' title='bbox 1764 1265 1859 1381; x_wconf 69' lang='lat' dir='ltr'>sape</span> <span class='ocrx_word' id='word_1_65' title='bbox 1888 1255 1911 1352; x_wconf 69' lang='lat' dir='ltr'>*a</span> 
     </span>
     <span class='ocr_line' id='line_1_9' title="bbox 483 1375 1920 1492; baseline 0.001 -29"><span class='ocrx_word' id='word_1_66' title='bbox 483 1380 606 1463; x_wconf 74' lang='lat' dir='ltr'>causis</span> <span class='ocrx_word' id='word_1_67' title='bbox 653 1382 781 1460; x_wconf 81' lang='lat' dir='ltr'>torsias</span> <span class='ocrx_word' id='word_1_68' title='bbox 808 1377 963 1462; x_wconf 85' lang='lat' dir='ltr'>diverfis</span> <span class='ocrx_word' id='word_1_69' title='bbox 985 1375 1185 1492; x_wconf 86' lang='lat' dir='ltr'>pendere,</span> <span class='ocrx_word' id='word_1_70' title='bbox 1206 1381 1445 1461; x_wconf 74' lang='lat' dir='ltr'>tamencum</span> <span class='ocrx_word' id='word_1_71' title='bbox 1461 1376 1644 1463; x_wconf 90' lang='lat' dir='ltr'>acredine</span> <span class='ocrx_word' id='word_1_72' title='bbox 1664 1404 1832 1484; x_wconf 87' lang='lat' dir='ltr'>urente,</span> <span class='ocrx_word' id='word_1_73' title='bbox 1849 1406 1920 1464; x_wconf 74' lang='lat' dir='ltr'>te·-</span> 
     </span>
     <span class='ocr_line' id='line_1_10' title="bbox 482 1407 1910 1606; baseline 0.002 -33"><span class='ocrx_word' id='word_1_74' title='bbox 482 1492 588 1595; x_wconf 88' lang='lat' dir='ltr'>naci,</span> <span class='ocrx_word' id='word_1_75' title='bbox 600 1407 737 1574; x_wconf 75' lang='lat' dir='ltr'>oleosa</span> <span class='ocrx_word' id='word_1_76' title='bbox 750 1490 799 1573; x_wconf 88' lang='lat' dir='ltr'>ad</span> <span class='ocrx_word' id='word_1_77' title='bbox 813 1487 922 1572; x_wconf 88' lang='lat' dir='ltr'>illam</span> <span class='ocrx_word' id='word_1_78' title='bbox 941 1491 1150 1594; x_wconf 86' lang='lat' dir='ltr'>reseratur,</span> <span class='ocrx_word' id='word_1_79' title='bbox 1166 1489 1249 1571; x_wconf 76' lang='lat' dir='ltr'>imo</span> <span class='ocrx_word' id='word_1_80' title='bbox 1272 1496 1315 1572; x_wconf 77' lang='lat' dir='ltr'>dt</span> <span class='ocrx_word' id='word_1_81' title='bbox 1336 1488 1488 1604; x_wconf 89' lang='lat' dir='ltr'>semper</span> <span class='ocrx_word' id='word_1_82' title='bbox 1501 1517 1552 1574; x_wconf 90' lang='lat' dir='ltr'>ex</span> <span class='ocrx_word' id='word_1_83' title='bbox 1568 1491 1682 1605; x_wconf 88' lang='lat' dir='ltr'>ipsrus</span> <span class='ocrx_word' id='word_1_84' title='bbox 1703 1489 1910 1606; x_wconf 90' lang='lat' dir='ltr'>dispendio</span> 
     </span>
     <span class='ocr_line' id='line_1_11' title="bbox 480 1599 1910 1718; baseline 0.003 -34"><span class='ocrx_word' id='word_1_85' title='bbox 480 1601 607 1685; x_wconf 90' lang='lat' dir='ltr'>sumat</span> <span class='ocrx_word' id='word_1_86' title='bbox 627 1603 864 1712; x_wconf 87' lang='lat' dir='ltr'>exordium,</span> <span class='ocrx_word' id='word_1_87' title='bbox 891 1605 993 1686; x_wconf 92' lang='lat' dir='ltr'>inter</span> <span class='ocrx_word' id='word_1_88' title='bbox 1015 1600 1218 1687; x_wconf 88' lang='lat' dir='ltr'>acredines</span> <span class='ocrx_word' id='word_1_89' title='bbox 1244 1599 1402 1688; x_wconf 87' lang='lat' dir='ltr'>biliosas</span> <span class='ocrx_word' id='word_1_90' title='bbox 1421 1604 1591 1718; x_wconf 90' lang='lat' dir='ltr'>primum</span> <span class='ocrx_word' id='word_1_91' title='bbox 1617 1601 1756 1688; x_wconf 90' lang='lat' dir='ltr'>locum</span> <span class='ocrx_word' id='word_1_92' title='bbox 1779 1633 1910 1688; x_wconf 89' lang='lat' dir='ltr'>occu-</span> 
     </span>
     <span class='ocr_line' id='line_1_12' title="bbox 479 1713 724 1829; baseline 0.012 -32"><span class='ocrx_word' id='word_1_93' title='bbox 479 1743 573 1829; x_wconf 89' lang='lat' dir='ltr'>pare</span> <span class='ocrx_word' id='word_1_94' title='bbox 595 1713 724 1800; x_wconf 88' lang='lat' dir='ltr'>debet.</span> 
     </span>
    </p>

    <p class='ocr_par' dir='ltr' id='par_1_3' title="bbox 480 1826 1975 2958">
     <span class='ocr_line' id='line_1_13' title="bbox 549 1826 1907 1944; baseline 0.004 -34"><span class='ocrx_word' id='word_1_95' title='bbox 549 1829 639 1912; x_wconf 78' lang='lat' dir='ltr'>Im&#39;b</span> <span class='ocrx_word' id='word_1_96' title='bbox 661 1837 701 1912; x_wconf 70' lang='grc' dir='ltr'>ὅ(</span> <span class='ocrx_word' id='word_1_97' title='bbox 728 1827 776 1912; x_wconf 90' lang='lat' dir='ltr'>ab</span> <span class='ocrx_word' id='word_1_98' title='bbox 801 1832 883 1914; x_wconf 90' lang='lat' dir='ltr'>hoc</span> <span class='ocrx_word' id='word_1_99' title='bbox 903 1829 1040 1936; x_wconf 86' lang='lat' dir='ltr'>fonte,</span> <span class='ocrx_word' id='word_1_100' title='bbox 1061 1835 1134 1944; x_wconf 90' lang='lat' dir='ltr'>pro</span> <span class='ocrx_word' id='word_1_101' title='bbox 1149 1826 1341 1912; x_wconf 85' lang='lat' dir='ltr'>acredinis</span> <span class='ocrx_word' id='word_1_102' title='bbox 1361 1827 1570 1935; x_wconf 88' lang='lat' dir='ltr'>varietate,</span> <span class='ocrx_word' id='word_1_103' title='bbox 1588 1831 1792 1912; x_wconf 89' lang='lat' dir='ltr'>numerare</span> <span class='ocrx_word' id='word_1_104' title='bbox 1805 1827 1907 1916; x_wconf 92' lang='lat' dir='ltr'>lice-</span> 
     </span>
     <span class='ocr_line' id='line_1_14' title="bbox 481 1937 1909 2055; baseline 0.002 -31"><span class='ocrx_word' id='word_1_105' title='bbox 481 1937 556 2046; x_wconf 87' lang='lat' dir='ltr'>bit,</span> <span class='ocrx_word' id='word_1_106' title='bbox 566 1939 696 2055; x_wconf 88' lang='lat' dir='ltr'>plures</span> <span class='ocrx_word' id='word_1_107' title='bbox 713 1939 886 2049; x_wconf 85' lang='lat' dir='ltr'>ejusdem</span> <span class='ocrx_word' id='word_1_108' title='bbox 902 1949 1044 2026; x_wconf 76' lang='lat' dir='ltr'>natura</span> <span class='ocrx_word' id='word_1_109' title='bbox 1065 1941 1134 2025; x_wconf 91' lang='lat' dir='ltr'>sed</span> <span class='ocrx_word' id='word_1_110' title='bbox 1145 1941 1406 2026; x_wconf 88' lang='lat' dir='ltr'>decrescentis</span> <span class='ocrx_word' id='word_1_111' title='bbox 1422 1939 1569 2024; x_wconf 85' lang='lat' dir='ltr'>ordinis</span> <span class='ocrx_word' id='word_1_112' title='bbox 1585 1939 1774 2054; x_wconf 89' lang='lat' dir='ltr'>pustulas,</span> <span class='ocrx_word' id='word_1_113' title='bbox 1789 1969 1909 2054; x_wconf 88' lang='lat' dir='ltr'>atque</span> 
     </span>
     <span class='ocr_line' id='line_1_15' title="bbox 481 2051 1916 2169; baseline 0.001 -32"><span class='ocrx_word' id='word_1_114' title='bbox 481 2079 684 2161; x_wconf 85' lang='lat' dir='ltr'>tumores,</span> <span class='ocrx_word' id='word_1_115' title='bbox 709 2057 775 2165; x_wconf 91' lang='lat' dir='ltr'>qui</span> <span class='ocrx_word' id='word_1_116' title='bbox 797 2055 939 2140; x_wconf 65' lang='lat' dir='ltr'>sae‘vitie</span> <span class='ocrx_word' id='word_1_117' title='bbox 951 2117 966 2163; x_wconf 90' lang='lat'>,</span> <span class='ocrx_word' id='word_1_118' title='bbox 994 2053 1203 2169; x_wconf 90' lang='lat' dir='ltr'>periculo,</span> <span class='ocrx_word' id='word_1_119' title='bbox 1231 2051 1360 2136; x_wconf 73' lang='lat' dir='ltr'>formd</span> <span class='ocrx_word' id='word_1_120' title='bbox 1379 2051 1563 2161; x_wconf 88' lang='lat' dir='ltr'>diversae,</span> <span class='ocrx_word' id='word_1_121' title='bbox 1589 2052 1712 2166; x_wconf 86' lang='lat' dir='ltr'>gradu</span> <span class='ocrx_word' id='word_1_122' title='bbox 1733 2059 1916 2139; x_wconf 70' lang='lat' dir='ltr'>tantum·</span> 
     </span>
     <span class='ocr_line' id='line_1_16' title="bbox 482 2163 1907 2280; baseline 0.005 -34"><span class='ocrx_word' id='word_1_123' title='bbox 482 2165 608 2250; x_wconf 84' lang='lat' dir='ltr'>modb</span> <span class='ocrx_word' id='word_1_124' title='bbox 627 2167 833 2275; x_wconf 86' lang='lat' dir='ltr'>differunt,</span> <span class='ocrx_word' id='word_1_125' title='bbox 856 2195 901 2252; x_wconf 94' lang='lat' dir='ltr'>ut</span> <span class='ocrx_word' id='word_1_126' title='bbox 918 2167 1007 2251; x_wconf 90' lang='lat' dir='ltr'>sunt</span> <span class='ocrx_word' id='word_1_127' title='bbox 1026 2170 1252 2273; x_wconf 88' lang='lat' dir='ltr'>anthraces,</span> <span class='ocrx_word' id='word_1_128' title='bbox 1270 2164 1441 2280; x_wconf 89' lang='lat' dir='ltr'>sphaceli</span> <span class='ocrx_word' id='word_1_129' title='bbox 1457 2163 1678 2280; x_wconf 88' lang='lat' dir='ltr'>serpentes,</span> <span class='ocrx_word' id='word_1_130' title='bbox 1703 2171 1907 2254; x_wconf 87' lang='lat' dir='ltr'>anthraces</span> 
     </span>
     <span class='ocr_line' id='line_1_17' title="bbox 483 2277 1905 2396; baseline 0.001 -34"><span class='ocrx_word' id='word_1_131' title='bbox 483 2280 790 2396; x_wconf 82' lang='lat' dir='ltr'>circumscripti,</span> <span class='ocrx_word' id='word_1_132' title='bbox 806 2280 967 2366; x_wconf 77' lang='lat' dir='ltr'>macula</span> <span class='ocrx_word' id='word_1_133' title='bbox 981 2277 1261 2394; x_wconf 79' lang='lat' dir='ltr'>gangraenosae,</span> <span class='ocrx_word' id='word_1_134' title='bbox 1279 2305 1345 2362; x_wconf 92' lang='lat' dir='ltr'>aut</span> <span class='ocrx_word' id='word_1_135' title='bbox 1362 2277 1490 2362; x_wconf 85' lang='lat' dir='ltr'>lividae</span> <span class='ocrx_word' id='word_1_136' title='bbox 1509 2283 1661 2362; x_wconf 75' lang='lat' dir='ltr'>tantiam</span> <span class='ocrx_word' id='word_1_137' title='bbox 1674 2277 1905 2392; x_wconf 69' lang='lat' dir='ltr'>phlydenae,</span> 
     </span>
     <span class='ocr_line' id='line_1_18' title="bbox 480 2387 1908 2506; baseline 0.004 -33"><span class='ocrx_word' id='word_1_138' title='bbox 480 2387 710 2506; x_wconf 84' lang='lat' dir='ltr'>sphacelosa</span> <span class='ocrx_word' id='word_1_139' title='bbox 721 2455 736 2500; x_wconf 90' lang='lat'><em>‚</em></span> <span class='ocrx_word' id='word_1_140' title='bbox 756 2391 936 2478; x_wconf 90' lang='lat' dir='ltr'>ulcerosa</span> <span class='ocrx_word' id='word_1_141' title='bbox 964 2391 1170 2480; x_wconf 84' lang='lat' dir='ltr'>tubercula</span> <span class='ocrx_word' id='word_1_142' title='bbox 1202 2389 1373 2498; x_wconf 87' lang='lat' dir='ltr'>ejusdem</span> <span class='ocrx_word' id='word_1_143' title='bbox 1393 2396 1576 2504; x_wconf 86' lang='lat' dir='ltr'>generis,</span> <span class='ocrx_word' id='word_1_144' title='bbox 1596 2389 1766 2477; x_wconf 90' lang='lat' dir='ltr'>totidem</span> <span class='ocrx_word' id='word_1_145' title='bbox 1790 2397 1908 2480; x_wconf 86' lang='lat' dir='ltr'>uariis</span> 
     </span>
     <span class='ocr_line' id='line_1_19' title="bbox 482 2501 1907 2614; baseline 0.003 -28"><span class='ocrx_word' id='word_1_146' title='bbox 482 2503 666 2614; x_wconf 85' lang='lat' dir='ltr'>gradibus</span> <span class='ocrx_word' id='word_1_147' title='bbox 693 2509 872 2592; x_wconf 83' lang='lat' dir='ltr'>etiamin</span> <span class='ocrx_word' id='word_1_148' title='bbox 923 2509 1044 2590; x_wconf 89' lang='lat' dir='ltr'>ruritu</span> <span class='ocrx_word' id='word_1_149' title='bbox 1065 2509 1172 2590; x_wconf 87' lang='lat' dir='ltr'>inter</span> <span class='ocrx_word' id='word_1_150' title='bbox 1195 2503 1236 2588; x_wconf 88' lang='lat' dir='ltr'>se</span> <span class='ocrx_word' id='word_1_151' title='bbox 1260 2501 1497 2588; x_wconf 85' lang='lat' dir='ltr'>abludentia.</span> <span class='ocrx_word' id='word_1_152' title='bbox 1524 2504 1638 2588; x_wconf 88' lang='lat' dir='ltr'>Patet</span> <span class='ocrx_word' id='word_1_153' title='bbox 1665 2533 1715 2588; x_wconf 86' lang='lat' dir='ltr'>ex</span> <span class='ocrx_word' id='word_1_154' title='bbox 1736 2509 1795 2590; x_wconf 89' lang='lat' dir='ltr'>his</span> <span class='ocrx_word' id='word_1_155' title='bbox 1822 2535 1907 2590; x_wconf 90' lang='lat' dir='ltr'>non</span> 
     </span>
     <span class='ocr_line' id='line_1_20' title="bbox 483 2617 1975 2727; baseline 0.004 -29"><span class='ocrx_word' id='word_1_156' title='bbox 483 2621 650 2702; x_wconf 82' lang='lat' dir='ltr'>omnino</span> <span class='ocrx_word' id='word_1_157' title='bbox 680 2619 790 2703; x_wconf 84' lang='lat' dir='ltr'>fuisse</span> <span class='ocrx_word' id='word_1_158' title='bbox 822 2650 862 2702; x_wconf 93' lang='lat' dir='ltr'>m</span> <span class='ocrx_word' id='word_1_159' title='bbox 903 2618 1163 2704; x_wconf 78' lang='lat' dir='ltr'>einstitutam</span> <span class='ocrx_word' id='word_1_160' title='bbox 1193 2619 1444 2727; x_wconf 89' lang='lat' dir='ltr'>antiquorum</span> <span class='ocrx_word' id='word_1_161' title='bbox 1477 2617 1759 2701; x_wconf 71' lang='lat' dir='ltr'>distinsiionem</span> <span class='ocrx_word' id='word_1_162' title='bbox 1798 2619 1908 2719; x_wconf 82' lang='lat' dir='ltr'>circa</span> <span class='ocrx_word' id='word_1_163' title='bbox 1972 2619 1975 2626; x_wconf 68' lang='grc'>’</span> 
     </span>
     <span class='ocr_line' id='line_1_21' title="bbox 480 2727 1907 2847; baseline 0.001 -35"><span class='ocrx_word' id='word_1_164' title='bbox 480 2733 604 2816; x_wconf 89' lang='lat' dir='ltr'>varias</span> <span class='ocrx_word' id='word_1_165' title='bbox 629 2730 718 2817; x_wconf 90' lang='lat' dir='ltr'>bilis</span> <span class='ocrx_word' id='word_1_166' title='bbox 733 2731 903 2847; x_wconf 83' lang='lat' dir='ltr'>species,</span> <span class='ocrx_word' id='word_1_167' title='bbox 932 2736 1024 2816; x_wconf 84' lang='lat' dir='ltr'>clun</span> <span class='ocrx_word' id='word_1_168' title='bbox 1048 2729 1124 2816; x_wconf 84' lang='lat' dir='ltr'>illae</span> <span class='ocrx_word' id='word_1_169' title='bbox 1147 2761 1231 2842; x_wconf 81' lang='lat' dir='ltr'>quae</span> <span class='ocrx_word' id='word_1_170' title='bbox 1251 2732 1293 2812; x_wconf 90' lang='lat' dir='ltr'>in</span> <span class='ocrx_word' id='word_1_171' title='bbox 1314 2727 1596 2834; x_wconf 75' lang='lat' dir='ltr'>dejeeionibus</span> <span class='ocrx_word' id='word_1_172' title='bbox 1623 2728 1760 2814; x_wconf 89' lang='lat' dir='ltr'>alvinis</span> <span class='ocrx_word' id='word_1_173' title='bbox 1785 2731 1907 2814; x_wconf 89' lang='lat' dir='ltr'>cons-</span> 
     </span>
     <span class='ocr_line' id='line_1_22' title="bbox 480 2840 1803 2958; baseline 0.002 -33"><span class='ocrx_word' id='word_1_174' title='bbox 480 2843 679 2956; x_wconf 90' lang='lat' dir='ltr'>piciuntur</span> <span class='ocrx_word' id='word_1_175' title='bbox 698 2849 936 2958; x_wconf 86' lang='lat' dir='ltr'>reperiantur</span> <span class='ocrx_word' id='word_1_176' title='bbox 954 2849 1073 2929; x_wconf 88' lang='lat' dir='ltr'>etiam</span> <span class='ocrx_word' id='word_1_177' title='bbox 1087 2848 1128 2926; x_wconf 92' lang='lat' dir='ltr'>in</span> <span class='ocrx_word' id='word_1_178' title='bbox 1142 2841 1300 2956; x_wconf 86' lang='lat' dir='ltr'>pustulis</span> <span class='ocrx_word' id='word_1_179' title='bbox 1315 2840 1370 2924; x_wconf 56' lang='lat' dir='ltr'>ad*</span> <span class='ocrx_word' id='word_1_180' title='bbox 1384 2844 1507 2925; x_wconf 90' lang='lat' dir='ltr'>cutim</span> <span class='ocrx_word' id='word_1_181' title='bbox 1523 2842 1803 2928; x_wconf 87' lang='lat' dir='ltr'>enascentibus.</span> 
     </span>
    </p>

    <p class='ocr_par' dir='ltr' id='par_1_4' title="bbox 478 2951 1912 4091">
     <span class='ocr_line' id='line_1_23' title="bbox 536 2951 1905 3062; baseline 0.001 -23"><span class='ocrx_word' id='word_1_182' title='bbox 536 2957 579 3039; x_wconf 93' lang='lat' dir='ltr'>N</span> <span class='ocrx_word' id='word_1_183' title='bbox 581 2984 628 3040; x_wconf 91' lang='lat' dir='ltr'>ec</span> <span class='ocrx_word' id='word_1_184' title='bbox 644 2960 772 3042; x_wconf 83' lang='lat' dir='ltr'>minhs</span> <span class='ocrx_word' id='word_1_185' title='bbox 792 2958 942 3041; x_wconf 86' lang='lat' dir='ltr'>summa</span> <span class='ocrx_word' id='word_1_186' title='bbox 964 2955 1161 3040; x_wconf 80' lang='lat' dir='ltr'>diverfitas&#39;</span> <span class='ocrx_word' id='word_1_187' title='bbox 1170 3017 1184 3061; x_wconf 92' lang='lat'>,</span> <span class='ocrx_word' id='word_1_188' title='bbox 1198 2961 1242 3036; x_wconf 78' lang='lat' dir='ltr'>dt</span> <span class='ocrx_word' id='word_1_189' title='bbox 1263 2955 1363 3037; x_wconf 84' lang='lat' dir='ltr'>inter</span> <span class='ocrx_word' id='word_1_190' title='bbox 1379 2953 1444 3062; x_wconf 86' lang='lat' dir='ltr'>se,</span> <span class='ocrx_word' id='word_1_191' title='bbox 1461 2963 1502 3038; x_wconf 76' lang='lat' dir='ltr'>dt</span> <span class='ocrx_word' id='word_1_192' title='bbox 1519 2951 1571 3052; x_wconf 84' lang='lat' dir='ltr'>ab</span> <span class='ocrx_word' id='word_1_193' title='bbox 1588 2953 1670 3038; x_wconf 87' lang='lat' dir='ltr'>aliis</span> <span class='ocrx_word' id='word_1_194' title='bbox 1683 2955 1905 3042; x_wconf 91' lang='lat' dir='ltr'>tumoribus</span> 
     </span>
     <span class='ocr_line' id='line_1_24' title="bbox 481 3064 1905 3182; baseline 0 -30"><span class='ocrx_word' id='word_1_195' title='bbox 481 3067 652 3152; x_wconf 89' lang='lat' dir='ltr'>nascitur</span> <span class='ocrx_word' id='word_1_196' title='bbox 669 3071 710 3150; x_wconf 90' lang='lat' dir='ltr'>in</span> <span class='ocrx_word' id='word_1_197' title='bbox 732 3069 810 3152; x_wconf 90' lang='lat' dir='ltr'>illis</span> <span class='ocrx_word' id='word_1_198' title='bbox 833 3065 974 3180; x_wconf 88' lang='lat' dir='ltr'>quibus</span> <span class='ocrx_word' id='word_1_199' title='bbox 995 3065 1156 3182; x_wconf 86' lang='lat' dir='ltr'>lympha</span> <span class='ocrx_word' id='word_1_200' title='bbox 1177 3064 1324 3181; x_wconf 77' lang='lat' dir='ltr'>prabet</span> <span class='ocrx_word' id='word_1_201' title='bbox 1339 3069 1561 3180; x_wconf 85' lang='lat' dir='ltr'>originem,</span> <span class='ocrx_word' id='word_1_202' title='bbox 1590 3069 1722 3151; x_wconf 85' lang='lat' dir='ltr'>sivein</span> <span class='ocrx_word' id='word_1_203' title='bbox 1738 3075 1905 3152; x_wconf 90' lang='lat' dir='ltr'>tumori-</span> 
     </span>
     <span class='ocr_line' id='line_1_25' title="bbox 480 3177 1904 3295; baseline -0.001 -27"><span class='ocrx_word' id='word_1_204' title='bbox 480 3182 554 3270; x_wconf 86' lang='lat' dir='ltr'>bus</span> <span class='ocrx_word' id='word_1_205' title='bbox 575 3179 725 3266; x_wconf 85' lang='lat' dir='ltr'>albidis.</span> <span class='ocrx_word' id='word_1_206' title='bbox 750 3182 936 3295; x_wconf 87' lang='lat' dir='ltr'>Lympha</span> <span class='ocrx_word' id='word_1_207' title='bbox 957 3184 1062 3263; x_wconf 92' lang='lat' dir='ltr'>enim</span> <span class='ocrx_word' id='word_1_208' title='bbox 1086 3178 1190 3294; x_wconf 87' lang='lat' dir='ltr'>ipsa,</span> <span class='ocrx_word' id='word_1_209' title='bbox 1218 3179 1470 3293; x_wconf 81' lang='lat' dir='ltr'>srve&#39;sanguis</span> <span class='ocrx_word' id='word_1_210' title='bbox 1492 3177 1687 3264; x_wconf 64' lang='lat' dir='ltr'>amareris</span> <span class='ocrx_word' id='word_1_211' title='bbox 1702 3177 1816 3265; x_wconf 72' lang='lat' dir='ltr'>rubrst</span> <span class='ocrx_word' id='word_1_212' title='bbox 1847 3181 1904 3266; x_wconf 88' lang='lat' dir='ltr'>se·</span> 
     </span>
     <span class='ocr_line' id='line_1_26' title="bbox 481 3291 1902 3408; baseline -0.003 -25"><span class='ocrx_word' id='word_1_213' title='bbox 481 3291 612 3383; x_wconf 88' lang='lat' dir='ltr'>clusus</span> <span class='ocrx_word' id='word_1_214' title='bbox 627 3323 737 3402; x_wconf 92' lang='lat' dir='ltr'>,non</span> <span class='ocrx_word' id='word_1_215' title='bbox 755 3323 855 3379; x_wconf 90' lang='lat' dir='ltr'>unus</span> <span class='ocrx_word' id='word_1_216' title='bbox 878 3301 920 3377; x_wconf 75' lang='grc' dir='ltr'>δι</span> <span class='ocrx_word' id='word_1_217' title='bbox 933 3293 1041 3380; x_wconf 88' lang='lat' dir='ltr'>idem</span> <span class='ocrx_word' id='word_1_218' title='bbox 1061 3295 1113 3376; x_wconf 84' lang='lat' dir='ltr'>est</span> <span class='ocrx_word' id='word_1_219' title='bbox 1131 3295 1298 3400; x_wconf 89' lang='lat' dir='ltr'>humor,</span> <span class='ocrx_word' id='word_1_220' title='bbox 1322 3292 1389 3378; x_wconf 88' lang='lat' dir='ltr'>sed</span> <span class='ocrx_word' id='word_1_221' title='bbox 1406 3291 1560 3376; x_wconf 91' lang='lat' dir='ltr'>summo</span> <span class='ocrx_word' id='word_1_222' title='bbox 1589 3292 1655 3375; x_wconf 71' lang='lat' dir='ltr'>ere</span> <span class='ocrx_word' id='word_1_223' title='bbox 1677 3294 1807 3378; x_wconf 86' lang='lat' dir='ltr'>differt</span> <span class='ocrx_word' id='word_1_224' title='bbox 1827 3323 1902 3408; x_wconf 91' lang='lat' dir='ltr'>pro</span> 
     </span>
     <span class='ocr_line' id='line_1_27' title="bbox 479 3322 1903 3522; baseline -0.006 -23"><span class='ocrx_word' id='word_1_225' title='bbox 479 3415 595 3499; x_wconf 89' lang='lat' dir='ltr'>variis</span> <span class='ocrx_word' id='word_1_226' title='bbox 609 3405 807 3514; x_wconf 85' lang='lat' dir='ltr'>aetatibus,</span> <span class='ocrx_word' id='word_1_227' title='bbox 821 3405 916 3513; x_wconf 75' lang='lat' dir='ltr'>vita,</span> <span class='ocrx_word' id='word_1_228' title='bbox 935 3404 1204 3522; x_wconf 89' lang='lat' dir='ltr'>temporibus,</span> <span class='ocrx_word' id='word_1_229' title='bbox 1217 3408 1426 3518; x_wconf 87' lang='lat' dir='ltr'>regionum</span> <span class='ocrx_word' id='word_1_230' title='bbox 1438 3322 1678 3511; x_wconf 64' lang='lat' dir='ltr'>diversum,</span> <span class='ocrx_word' id='word_1_231' title='bbox 1692 3405 1903 3491; x_wconf 86' lang='lat' dir='ltr'>alimento-</span> 
     </span>
     <span class='ocr_line' id='line_1_28' title="bbox 480 3515 1904 3636; baseline -0.003 -26"><span class='ocrx_word' id='word_1_232' title='bbox 480 3556 568 3610; x_wconf 91' lang='lat' dir='ltr'>rum</span> <span class='ocrx_word' id='word_1_233' title='bbox 589 3519 855 3636; x_wconf 71' lang='lat' dir='ltr'>discrepantid.</span> <span class='ocrx_word' id='word_1_234' title='bbox 874 3521 1025 3606; x_wconf 82' lang='lat' dir='ltr'>Verltm</span> <span class='ocrx_word' id='word_1_235' title='bbox 1049 3546 1177 3634; x_wconf 68' lang='lat' dir='ltr'>utres</span> <span class='ocrx_word' id='word_1_236' title='bbox 1206 3546 1256 3602; x_wconf 89' lang='lat' dir='ltr'>ex</span> <span class='ocrx_word' id='word_1_237' title='bbox 1281 3517 1419 3600; x_wconf 89' lang='lat' dir='ltr'>ordine</span> <span class='ocrx_word' id='word_1_238' title='bbox 1441 3515 1632 3631; x_wconf 87' lang='lat' dir='ltr'>procedat</span> <span class='ocrx_word' id='word_1_239' title='bbox 1644 3579 1658 3625; x_wconf 91' lang='lat'><em>‚</em></span> <span class='ocrx_word' id='word_1_240' title='bbox 1694 3518 1856 3604; x_wconf 85' lang='lat' dir='ltr'>morbos</span> <span class='ocrx_word' id='word_1_241' title='bbox 1879 3518 1904 3606; x_wconf 78' lang='lat' dir='ltr'>d</span> 
     </span>
     <span class='ocr_line' id='line_1_29' title="bbox 478 3626 1912 3748; baseline -0.005 -24"><span class='ocrx_word' id='word_1_242' title='bbox 478 3639 567 3724; x_wconf 86' lang='lat' dir='ltr'>sero</span> <span class='ocrx_word' id='word_1_243' title='bbox 586 3639 667 3721; x_wconf 90' lang='lat' dir='ltr'>acri</span> <span class='ocrx_word' id='word_1_244' title='bbox 682 3635 910 3740; x_wconf 83' lang='lat' dir='ltr'>nascentes,</span> <span class='ocrx_word' id='word_1_245' title='bbox 939 3629 1072 3743; x_wconf 90' lang='lat' dir='ltr'>quales</span> <span class='ocrx_word' id='word_1_246' title='bbox 1088 3635 1129 3715; x_wconf 92' lang='lat' dir='ltr'>in</span> <span class='ocrx_word' id='word_1_247' title='bbox 1147 3629 1301 3715; x_wconf 88' lang='lat' dir='ltr'>senibus</span> <span class='ocrx_word' id='word_1_248' title='bbox 1314 3626 1433 3712; x_wconf 89' lang='lat' dir='ltr'>facile</span> <span class='ocrx_word' id='word_1_249' title='bbox 1447 3633 1499 3715; x_wconf 89' lang='lat' dir='ltr'>est</span> <span class='ocrx_word' id='word_1_250' title='bbox 1520 3633 1688 3748; x_wconf 87' lang='lat' dir='ltr'>reperire</span> <span class='ocrx_word' id='word_1_251' title='bbox 1698 3693 1713 3738; x_wconf 92' lang='lat'>,</span> <span class='ocrx_word' id='word_1_252' title='bbox 1741 3629 1912 3717; x_wconf 91' lang='lat' dir='ltr'>morbos·</span> 
     </span>
     <span class='ocr_line' id='line_1_30' title="bbox 479 3739 1903 3859; baseline -0.005 -22"><span class='ocrx_word' id='word_1_253' title='bbox 479 3747 683 3837; x_wconf 58' lang='lat' dir='ltr'>{materiai</span> <span class='ocrx_word' id='word_1_254' title='bbox 706 3745 872 3832; x_wconf 71' lang='lat' dir='ltr'>mucosis</span> <span class='ocrx_word' id='word_1_255' title='bbox 884 3808 900 3852; x_wconf 92' lang='lat'>,</span> <span class='ocrx_word' id='word_1_256' title='bbox 921 3749 1139 3858; x_wconf 86' lang='lat' dir='ltr'>&amp;eosqui</span> <span class='ocrx_word' id='word_1_257' title='bbox 1160 3741 1183 3826; x_wconf 65' lang='lat' dir='ltr'>*a</span> <span class='ocrx_word' id='word_1_258' title='bbox 1202 3739 1476 3828; x_wconf 75' lang='lat' dir='ltr'>muco&#39;lasleo</span> <span class='ocrx_word' id='word_1_259' title='bbox 1499 3743 1672 3859; x_wconf 91' lang='lat' dir='ltr'>pendent</span> <span class='ocrx_word' id='word_1_260' title='bbox 1696 3743 1803 3828; x_wconf 83' lang='lat' dir='ltr'>distin</span> <span class='ocrx_word' id='word_1_261' title='bbox 1858 3773 1903 3830; x_wconf 91' lang='lat' dir='ltr'>e-</span> 
     </span>
     <span class='ocr_line' id='line_1_31' title="bbox 480 3854 1904 3975; baseline -0.007 -25"><span class='ocrx_word' id='word_1_262' title='bbox 480 3895 590 3966; x_wconf 87' lang='lat' dir='ltr'>mus;</span> <span class='ocrx_word' id='word_1_263' title='bbox 604 3893 688 3975; x_wconf 87' lang='lat' dir='ltr'>quae</span> <span class='ocrx_word' id='word_1_264' title='bbox 703 3861 864 3972; x_wconf 90' lang='lat' dir='ltr'>quidem</span> <span class='ocrx_word' id='word_1_265' title='bbox 887 3859 1076 3942; x_wconf 73' lang='lat' dir='ltr'>distinslio</span> <span class='ocrx_word' id='word_1_266' title='bbox 1087 3918 1102 3964; x_wconf 90' lang='lat'>,</span> <span class='ocrx_word' id='word_1_267' title='bbox 1127 3854 1223 3940; x_wconf 69' lang='lat' dir='ltr'>licet</span> <span class='ocrx_word' id='word_1_268' title='bbox 1240 3855 1369 3940; x_wconf 89' lang='lat' dir='ltr'>forsan</span> <span class='ocrx_word' id='word_1_269' title='bbox 1393 3860 1559 3970; x_wconf 85' lang='lat' dir='ltr'>receptis</span> <span class='ocrx_word' id='word_1_270' title='bbox 1578 3860 1617 3939; x_wconf 94' lang='lat' dir='ltr'>in</span> <span class='ocrx_word' id='word_1_271' title='bbox 1641 3856 1787 3942; x_wconf 91' lang='lat' dir='ltr'>scholis</span> <span class='ocrx_word' id='word_1_272' title='bbox 1829 3885 1904 3974; x_wconf 85' lang='lat' dir='ltr'>og·</span> 
     </span>
     <span class='ocr_line' id='line_1_32' title="bbox 480 3970 1905 4091; baseline -0.003 -29"><span class='ocrx_word' id='word_1_273' title='bbox 480 3975 648 4062; x_wconf 89' lang='lat' dir='ltr'>matibus</span> <span class='ocrx_word' id='word_1_274' title='bbox 662 3979 801 4091; x_wconf 75' lang='lat' dir='ltr'>parlim</span> <span class='ocrx_word' id='word_1_275' title='bbox 824 3999 996 4057; x_wconf 90' lang='lat' dir='ltr'>concors</span> <span class='ocrx_word' id='word_1_276' title='bbox 1015 3971 1061 4053; x_wconf 82' lang='lat' dir='ltr'>stt</span> <span class='ocrx_word' id='word_1_277' title='bbox 1070 4029 1084 4075; x_wconf 91' lang='lat'><em>‚</em></span> <span class='ocrx_word' id='word_1_278' title='bbox 1097 3971 1265 4082; x_wconf 76' lang='lat' dir='ltr'>praslica</span> <span class='ocrx_word' id='word_1_279' title='bbox 1283 3995 1414 4052; x_wconf 89' lang='lat' dir='ltr'>tamen</span> <span class='ocrx_word' id='word_1_280' title='bbox 1433 3971 1507 4072; x_wconf 89' lang='lat' dir='ltr'>est,</span> <span class='ocrx_word' id='word_1_281' title='bbox 1525 3975 1566 4050; x_wconf 74' lang='grc' dir='ltr'>ὃ(</span> <span class='ocrx_word' id='word_1_282' title='bbox 1590 3971 1635 4052; x_wconf 94' lang='lat' dir='ltr'>iis</span> <span class='ocrx_word' id='word_1_283' title='bbox 1661 3999 1744 4078; x_wconf 87' lang='lat' dir='ltr'>quae</span> <span class='ocrx_word' id='word_1_284' title='bbox 1767 3970 1905 4058; x_wconf 91' lang='lat' dir='ltr'>vident</span> 
     </span>
    </p>
   </div>
   <div class='ocr_carea' id='block_1_3' title="bbox 482 4081 1903 4275">
    <p class='ocr_par' dir='ltr' id='par_1_5' title="bbox 482 4081 1903 4275">
     <span class='ocr_line' id='line_1_33' title="bbox 482 4081 1903 4275; baseline -0.004 -103"><span class='ocrx_word' id='word_1_285' title='bbox 482 4117 621 4175; x_wconf 84' lang='lat' dir='ltr'>omnes</span> <span class='ocrx_word' id='word_1_286' title='bbox 636 4091 685 4172; x_wconf 89' lang='lat' dir='ltr'>ad</span> <span class='ocrx_word' id='word_1_287' title='bbox 700 4085 869 4200; x_wconf 88' lang='lat' dir='ltr'>aliquem</span> <span class='ocrx_word' id='word_1_288' title='bbox 884 4083 1107 4169; x_wconf 85' lang='lat' dir='ltr'>revocanda</span> <span class='ocrx_word' id='word_1_289' title='bbox 1124 4081 1329 4188; x_wconf 86' lang='lat' dir='ltr'>ordinem,</span> <span class='ocrx_word' id='word_1_290' title='bbox 1349 4083 1650 4275; x_wconf 79' lang='lat' dir='ltr'>phoenomenis,</span> <span class='ocrx_word' id='word_1_291' title='bbox 1675 4111 1903 4167; x_wconf 88' lang='lat' dir='ltr'>accomma-</span> 
     </span>
    </p>
   </div>
   <div class='ocr_carea' id='block_1_4' title="bbox 476 4193 1920 5000">
    <p class='ocr_par' dir='ltr' id='par_1_6' title="bbox 476 4193 1920 5000">
     <span class='ocr_line' id='line_1_34' title="bbox 481 4193 1902 4310; baseline -0.004 -24"><span class='ocrx_word' id='word_1_292' title='bbox 481 4201 582 4286; x_wconf 85' lang='lat' dir='ltr'>data.</span> <span class='ocrx_word' id='word_1_293' title='bbox 604 4201 752 4284; x_wconf 86' lang='lat' dir='ltr'>Mucus</span> <span class='ocrx_word' id='word_1_294' title='bbox 773 4199 842 4285; x_wconf 92' lang='lat' dir='ltr'>ille</span> <span class='ocrx_word' id='word_1_295' title='bbox 863 4195 1026 4310; x_wconf 76' lang='lat' dir='ltr'>simplex</span> <span class='ocrx_word' id='word_1_296' title='bbox 1047 4193 1247 4280; x_wconf 85' lang='lat' dir='ltr'>exundans</span> <span class='ocrx_word' id='word_1_297' title='bbox 1276 4223 1347 4278; x_wconf 89' lang='lat' dir='ltr'>cac</span> <span class='ocrx_word' id='word_1_298' title='bbox 1377 4195 1532 4301; x_wconf 74' lang='lat' dir='ltr'>efficis,</span> <span class='ocrx_word' id='word_1_299' title='bbox 1567 4197 1695 4309; x_wconf 91' lang='lat' dir='ltr'>pueris</span> <span class='ocrx_word' id='word_1_300' title='bbox 1720 4197 1902 4308; x_wconf 85' lang='lat' dir='ltr'>proprius</span> 
     </span>
     <span class='ocr_line' id='line_1_35' title="bbox 480 4303 1920 4502; baseline -0.009 -102"><span class='ocrx_word' id='word_1_301' title='bbox 480 4317 555 4420; x_wconf 85' lang='lat' dir='ltr'>est,</span> <span class='ocrx_word' id='word_1_302' title='bbox 574 4321 617 4396; x_wconf 70' lang='grc' dir='ltr'>δι</span> <span class='ocrx_word' id='word_1_303' title='bbox 630 4339 766 4396; x_wconf 88' lang='lat' dir='ltr'>recens</span> <span class='ocrx_word' id='word_1_304' title='bbox 780 4315 902 4417; x_wconf 89' lang='lat' dir='ltr'>natis,</span> <span class='ocrx_word' id='word_1_305' title='bbox 915 4337 1033 4421; x_wconf 87' lang='lat' dir='ltr'>atque</span> <span class='ocrx_word' id='word_1_306' title='bbox 1044 4307 1223 4393; x_wconf 77' lang='lat' dir='ltr'>nondum</span> <span class='ocrx_word' id='word_1_307' title='bbox 1236 4303 1459 4414; x_wconf 79' lang='lat' dir='ltr'>ablaeatis,</span> <span class='ocrx_word' id='word_1_308' title='bbox 1474 4304 1920 4502; x_wconf 55' lang='lat' dir='ltr'>mulieribuspuepartu.</span> 
     </span>
     <span class='ocr_line' id='line_1_36' title="bbox 480 4419 1902 4530; baseline -0.006 -18"><span class='ocrx_word' id='word_1_309' title='bbox 480 4435 660 4512; x_wconf 85' lang='lat' dir='ltr'>recenter</span> <span class='ocrx_word' id='word_1_310' title='bbox 680 4421 872 4507; x_wconf 72' lang='lat' dir='ltr'>defundis</span> <span class='ocrx_word' id='word_1_311' title='bbox 890 4425 1027 4506; x_wconf 84' lang='lat' dir='ltr'>coniin</span> <span class='ocrx_word' id='word_1_312' title='bbox 1058 4424 1098 4506; x_wconf 92' lang='lat' dir='ltr'>it.</span> <span class='ocrx_word' id='word_1_313' title='bbox 1121 4419 1263 4521; x_wconf 82' lang='lat' dir='ltr'>Senim</span> <span class='ocrx_word' id='word_1_314' title='bbox 1283 4447 1375 4504; x_wconf 87' lang='lat' dir='ltr'>acre</span> <span class='ocrx_word' id='word_1_315' title='bbox 1398 4419 1456 4504; x_wconf 83' lang='lat' dir='ltr'>ad.</span> <span class='ocrx_word' id='word_1_316' title='bbox 1473 4447 1611 4504; x_wconf 87' lang='lat' dir='ltr'>omnes</span> <span class='ocrx_word' id='word_1_317' title='bbox 1638 4421 1703 4530; x_wconf 92' lang='lat' dir='ltr'>qui</span> <span class='ocrx_word' id='word_1_318' title='bbox 1732 4445 1796 4503; x_wconf 89' lang='lat' dir='ltr'>em</span> <span class='ocrx_word' id='word_1_319' title='bbox 1811 4446 1902 4504; x_wconf 83' lang='lat' dir='ltr'>aeta-</span> 
     </span>
     <span class='ocr_line' id='line_1_37' title="bbox 479 4453 1899 4650; baseline -0.003 -26"><span class='ocrx_word' id='word_1_320' title='bbox 479 4567 538 4624; x_wconf 88' lang='lat' dir='ltr'>tes</span> <span class='ocrx_word' id='word_1_321' title='bbox 559 4537 722 4620; x_wconf 87' lang='lat' dir='ltr'>refertur</span> <span class='ocrx_word' id='word_1_322' title='bbox 733 4597 749 4643; x_wconf 89' lang='lat'>,</span> <span class='ocrx_word' id='word_1_323' title='bbox 768 4533 837 4620; x_wconf 68' lang='lat' dir='ltr'>kd</span> <span class='ocrx_word' id='word_1_324' title='bbox 856 4453 1055 4650; x_wconf 54' lang='lat' dir='ltr'>precipe}</span> <span class='ocrx_word' id='word_1_325' title='bbox 1060 4533 1232 4619; x_wconf 84' lang='lat' dir='ltr'>seniores</span> <span class='ocrx_word' id='word_1_326' title='bbox 1255 4537 1428 4647; x_wconf 86' lang='lat' dir='ltr'>occupat&#39;</span> <span class='ocrx_word' id='word_1_327' title='bbox 1453 4531 1595 4644; x_wconf 86' lang='lat' dir='ltr'>quibus</span> <span class='ocrx_word' id='word_1_328' title='bbox 1615 4530 1741 4616; x_wconf 89' lang='lat' dir='ltr'>serum</span> <span class='ocrx_word' id='word_1_329' title='bbox 1769 4536 1899 4620; x_wconf 76' lang='lat' dir='ltr'>minias</span> 
     </span>
     <span class='ocr_line' id='line_1_38' title="bbox 479 4641 1899 4764; baseline -0.004 -26"><span class='ocrx_word' id='word_1_330' title='bbox 479 4647 668 4738; x_wconf 87' lang='lat' dir='ltr'>difflabile</span> <span class='ocrx_word' id='word_1_331' title='bbox 685 4675 814 4764; x_wconf 86' lang='lat' dir='ltr'>partes</span> <span class='ocrx_word' id='word_1_332' title='bbox 825 4673 966 4732; x_wconf 88' lang='lat' dir='ltr'>omnes</span> <span class='ocrx_word' id='word_1_333' title='bbox 982 4671 1110 4731; x_wconf 83' lang='lat' dir='ltr'>vexat.</span> <span class='ocrx_word' id='word_1_334' title='bbox 1130 4647 1298 4732; x_wconf 69' lang='lat' dir='ltr'>Ladeus</span> <span class='ocrx_word' id='word_1_335' title='bbox 1319 4649 1463 4730; x_wconf 90' lang='lat' dir='ltr'>humor</span> <span class='ocrx_word' id='word_1_336' title='bbox 1483 4641 1710 4730; x_wconf 90' lang='lat' dir='ltr'>mulieribus</span> <span class='ocrx_word' id='word_1_337' title='bbox 1730 4647 1899 4760; x_wconf 86' lang='lat' dir='ltr'>gravidis</span> 
     </span>
     <span class='ocr_line' id='line_1_39' title="bbox 479 4757 1900 4880; baseline -0.007 -28"><span class='ocrx_word' id='word_1_338' title='bbox 479 4775 525 4852; x_wconf 71' lang='lat' dir='ltr'>dt</span> <span class='ocrx_word' id='word_1_339' title='bbox 542 4761 689 4880; x_wconf 74' lang='lat' dir='ltr'>ipartu</span> <span class='ocrx_word' id='word_1_340' title='bbox 708 4762 883 4846; x_wconf 80' lang='lat' dir='ltr'>nondlrm</span> <span class='ocrx_word' id='word_1_341' title='bbox 896 4760 1134 4844; x_wconf 85' lang='lat' dir='ltr'>menstruatis</span> <span class='ocrx_word' id='word_1_342' title='bbox 1149 4761 1253 4872; x_wconf 81' lang='lat' dir='ltr'>quast</span> <span class='ocrx_word' id='word_1_343' title='bbox 1271 4761 1473 4874; x_wconf 87' lang='lat' dir='ltr'>proprius,</span> <span class='ocrx_word' id='word_1_344' title='bbox 1494 4757 1542 4842; x_wconf 89' lang='lat' dir='ltr'>ad</span> <span class='ocrx_word' id='word_1_345' title='bbox 1552 4762 1701 4876; x_wconf 89' lang='lat' dir='ltr'>primos</span> <span class='ocrx_word' id='word_1_346' title='bbox 1713 4761 1900 4844; x_wconf 87' lang='lat' dir='ltr'>etiamin·</span> 
     </span>
     <span class='ocr_line' id='line_1_40' title="bbox 476 4871 1594 5000; baseline -0.007 -35"><span class='ocrx_word' id='word_1_347' title='bbox 476 4881 631 4986; x_wconf 69' lang='lat' dir='ltr'>sarnum</span> <span class='ocrx_word' id='word_1_348' title='bbox 651 4875 829 5000; x_wconf 75' lang='lat' dir='ltr'>nondirm</span> <span class='ocrx_word' id='word_1_349' title='bbox 850 4871 1129 4962; x_wconf 73' lang='lat' dir='ltr'>abueratorum</span> <span class='ocrx_word' id='word_1_350' title='bbox 1145 4901 1279 4960; x_wconf 78' lang='lat' dir='ltr'>‚annos</span> <span class='ocrx_word' id='word_1_351' title='bbox 1296 4874 1478 4992; x_wconf 85' lang='lat' dir='ltr'>pertinet.</span> <span class='ocrx_word' id='word_1_352' title='bbox 1588 4981 1594 4994; x_wconf 60' lang='lat'>,</span> 
     </span>
    </p>
   </div>
   <div class='ocr_carea' id='block_1_5' title="bbox 0 0 2128 5895">
    <p class='ocr_par' dir='ltr' id='par_1_7' title="bbox 0 0 2128 5895">
     <span class='ocr_line' id='line_1_41' title="bbox 0 0 2128 5895; baseline 0 0"><span class='ocrx_word' id='word_1_353' title='bbox 0 0 2128 5895; x_wconf 95' lang='lat' dir='ltr'> </span> 
     </span>
    </p>
   </div>
  </div>
 </body>
</html>
