4246 5900
420 411 481 500 ρο
670 384 764 473 os
805 379 1118 472 nonius
1177 377 1588 470 cusanam.

423 552 477 640 ad
512 549 622 636 illam
649 553 847 636 amandari
857 613 873 658 ‚
906 553 998 633 ciam
1022 544 1176 630 nullum
1203 548 1250 634 stt
1273 577 1322 634 ex
1350 550 1508 663 organis
1535 545 1756 635 secretoriis
1786 545 1859 638 cui

426 697 511 750 non
524 666 632 752 idem
651 667 882 778 contingat,
903 659 1156 772 nullumque,
1171 690 1253 745 non
1269 662 1530 778 expurgandis
1544 667 1734 748 vitiorum
1749 666 1853 750 imus

427 807 719 894 conceptorum
731 774 945 892 quisquiliis
959 773 1169 886 aliquando
1184 775 1412 862 destinatum
1424 777 1491 888 stt,
1508 805 1553 862 ut
1567 779 1688 864 docet
1699 778 1855 865 criseon

426 895 609 1000 historia,
627 898 711 978 tiam
730 919 952 994 acutarum,
967 894 1052 972 tiam
1066 891 1357 974 chronicarum.
1953 939 1971 982 χ

483 1007 547 1091 Ei
569 1009 651 1090 hoc
676 1009 776 1090 cutis
804 1007 846 1086 in
873 999 1056 1086 omnibus
1088 1001 1164 1084 suis
1190 1031 1264 1116 pto
1295 1001 1494 1088 rietatibus
1517 1009 1560 1090 dt
1586 1002 1861 1090 lunationibus

426 1119 583 1234 aspersu
596 1181 613 1226 ,
638 1119 793 1202 homini
810 1119 852 1198 in
870 1110 987 1198 rebus
1012 1114 1178 1198 medicis
1194 1033 1348 1201 veriato
1366 1117 1456 1200 satis
1478 1113 1695 1225 elucescit,
1723 1119 1856 1206 causas

426 1237 494 1320 hic
509 1231 742 1318 morborum
762 1225 890 1311 multb
911 1230 1036 1340 magis
1057 1224 1263 1311 variabiles
1284 1229 1362 1312 esse
1386 1238 1428 1314 ὃ(
1444 1259 1612 1314 numero
1628 1231 1757 1314 forsa'n
1770 1232 1858 1346 plu·

427 1375 519 1453 res,
543 1347 660 1458 quim
680 1345 722 1426 in
738 1340 817 1424 alio
833 1343 975 1452 quovis
995 1341 1147 1534 0352110
1166 1337 1454 1454 secretionibus
1468 1341 1678 1451 addicam,
1706 1349 1798 1428 clun
1814 1355 1857 1432 bt

426 1458 606 1546 latiffime
626 1481 778 1570 pateat,
804 1461 847 1536 δι
876 1455 1011 1537 omnia
1049 1449 1115 1536 ere
1138 1455 1287 1534 acrium
1309 1481 1453 1568 genera
1479 1455 1609 1542 valeat
1631 1457 1856 1572 suscipere,

428 1581 473 1662 &
503 1568 857 1659 vehementissimas
887 1569 1030 1680 pariter
1069 1565 1426 1650 inflammationum
1458 1564 1608 1681 species
1641 1574 1858 1686 concipere

406 1685 548 1802 *poffit
566 1693 609 1768 ὅ(
636 1679 850 1786 evolvere,
872 1681 1132 1790 omniumque
1156 1677 1357 1762 causarum
1380 1706 1628 1766 externarum
1651 1681 1858 1770 insultibus

428 1800 512 1886 sese
535 1799 675 1882 offerat
697 1796 850 1909 prima,
871 1797 1084 1914 primaque
1109 1788 1251 1884 labem⁴
1275 1821 1482 1909 acceptam
1520 1795 1543 1878 a
1570 1800 1716 1881 caeteris
1742 1800 1860 1912 parti·

428 1914 503 2000 bus
525 1935 666 1996 arceat.

441 2087 445 2096 ,
486 2028 541 2110 Ut
566 2050 664 2136 ergo
692 2021 825 2106 causas
846 2045 1024 2105 externas
1044 2020 1169 2134 prima
1195 2022 1341 2136 accipit
1368 2023 1501 2126 cutis,
1529 2023 1584 2104 ita
1599 2023 1640 2104 in
1661 2021 1769 2107 nulli
1784 2019 1858 2108 alia

429 2139 661 2227 uastatione
686 2132 842 2220 medici
869 2132 1071 2217 causarum
1106 2159 1354 2217 externarum
1387 2135 1622 2251 ponderatio
1658 2144 1700 2220 δι
1725 2139 1860 2248 inqui-

430 2255 518 2338 srtio
541 2251 637 2333 tanti
667 2251 719 2333 eli
744 2247 950 2333 momenti.
971 2249 1027 2329 At
1050 2249 1091 2328 in
1119 2243 1188 2330 illa
1209 2248 1249 2331 id
1273 2247 1521 2361 summopere
1547 2249 1859 2356 attendendum,

431 2395 483 2452 ne
501 2361 694 2450 sedemur'
715 2389 762 2447 es
775 2391 857 2474 quae
873 2363 987 2444 nimis
1012 2358 1243 2444 universalia
1260 2361 1350 2445 sunt
1359 2424 1373 2468 ,
1392 2368 1433 2443 ὅ(
1452 2357 1599 2444 nullam
1615 2363 1750 2444 idaeam
1764 2363 1862 2446 Me-

431 2478 527 2564 dico
558 2476 609 2560 ad
629 2479 839 2560 hominum
866 2471 1075 2558 utilitatem
1101 2475 1255 2558 intento
1279 2474 1537 2590 suppeditant.
1569 2475 1725 2559 Omnes
1753 2479 1860 2561 enim

429 2590 552 2678 causae
575 2617 712 2675 omnes
727 2587 891 2672 morbos
908 2585 1130 2699 producere
1177 2585 1332 2693 offunt,
1360 2614 1404 2669 ut
1417 2591 1470 2670 ait
1485 2587 1774 2702 Hippocrates,
1789 2587 1858 2673 sed

433 2708 492 2798 hae
514 2701 606 2788 illos
627 2707 760 2816 potius
786 2697 903 2813 quim
932 2695 1045 2782 alios.
1071 2617 1187 2782 Uotis
1221 2697 1372 2783 summe
1391 2698 1647 2784 Medicorum
1674 2703 1857 2808 interest,

433 2844 479 2902 ut
505 2815 614 2929 quod
653 2817 895 3009 experientia
923 2811 1200 2896 demonstravit
1230 2812 1338 2896 hisce
1361 2815 1486 3008 magis
1505 2841 1637 2926 patere
1663 2814 1785 2898 causis
1816 2823 1859 2897 &t

431 2933 558 3014 minias
576 2927 653 3012 illis
673 2957 699 3010 o
727 2931 894 3011 noxium
908 2923 985 3007 elle
1001 2925 1194 3011 noverint.
1214 2923 1343 3035 Quod
1359 2928 1426 3035 qui
1455 2953 1519 3010 em
1539 2925 1693 3011 duobus
1708 2929 1863 3040 punstis

432 3039 571 3126 intime
588 3040 802 3153 spediandis
828 3035 1201 3150 comprehenditur,
1219 3041 1304 3119 tiam
1334 3066 1417 3147 quae
1447 3039 1519 3122 sint
1541 3039 1661 3142 causa
1680 3041 1762 3122 cuti
1779 3040 1863 3122 affi-

435 3152 583 3238 cienda
603 3151 774 3236 maxime
790 3151 940 3235 idoneae
950 3211 967 3257 ,
992 3153 1077 3233 tbm
1090 3153 1187 3244 verb
1205 3177 1288 3262 quae
1304 3152 1377 3235 fint
1389 3155 1491 3235 cutis
1506 3151 1653 3266 species
1669 3182 1752 3262 quae
1767 3152 1862 3236 faci·

436 3265 511 3350 libs
533 3260 963 3379 morbosnconcipiant.
1446 3275 1449 3282 '
1808 3309 1810 3316 ,

490 3377 623 3464 Hasce
649 3407 786 3464 omnes
806 3377 938 3462 causas
956 3381 1077 3461 unico
1098 3403 1339 3462 remotarum
1368 3373 1487 3460 titulo
1504 3374 1663 3460 Schola
1680 3405 1862 3494 compre-

432 3491 636 3598 hendunt,
663 3519 828 3602 quarum
844 3489 925 3574 aliae
947 3519 1030 3602 quae
1051 3488 1235 3573 morbum
1260 3489 1453 3594 inserunt,
1467 3487 1736 3576 occasionales
1751 3493 1877 3598 dieite,

432 3605 550 3712 sunt,
568 3602 649 3688 aliae
671 3602 848 3688 habitum
868 3607 968 3688 cutis
989 3608 1268 3709 immutantes,
1298 3611 1488 3716 &aptam
1508 3603 1557 3686 ad
1572 3605 1861 3720 concipiendos

434 3716 599 3802 morbos
613 3717 846 3825 efficientes,
860 3718 1226 3833 pradisponentinm
1242 3720 1403 3800 nomine
1419 3715 1678 3830 designantur.
1694 3718 1776 3804 Sed
1793 3748 1863 3803 oc·

435 3827 650 3918 casronales
681 3830 802 3914 cause
835 3861 918 3915 non
955 3834 1106 3946 semper
1142 3831 1327 3916 effeeium
1366 3832 1596 3942 attingunt,
1632 3829 1757 3914 leniits
1773 3893 1787 3936 ,
1818 3841 1861 3914 dt

436 3945 542 4054 quast
565 3971 635 4058 per
655 3941 780 4060 longa
798 3941 1210 4059 temporis'intervalla
1235 3943 1462 4046 sevientes,
1487 3941 1674 4025 vitiosum
1696 3947 1778 4025 cuti
1795 3947 1862 4026 ha-

435 4053 563 4140 bitum
589 4059 761 4144 inferunt
804 4066 846 4144 dt
872 4057 1003 4144 causas
1024 4058 1265 4140 constituunt
1289 4052 1627 4170 praedisponentes.
1640 4055 1861 4166 Utrumque

437 4169 640 4252 causarum
670 4121 851 4258 orditibm
884 4171 1004 4256 liceat
1038 4171 1265 4276 confusrm,
1295 4195 1413 4278 atque
1437 4164 1549 4250 simul
1581 4173 1756 4253 tradate.
1780 4169 1863 4252 Pri-

435 4309 548 4364 mum
575 4281 735 4390 quidem
761 4299 967 4370 ninnetum
997 4283 1063 4376 sex
1098 4309 1157 4367 res
1181 4309 1264 4365 non
1290 4279 1482 4364 naturales
1510 4280 1682 4397 explent.
1711 4281 1864 4364 Secun-

437 4391 533 4480 dum
559 4395 656 4476 verb
667 4455 682 4500 ,
715 4394 835 4477 causae
858 4399 958 4480 intra
985 4427 1131 4514 corpus
1154 4422 1336 4510 accepta.
1362 4393 1546 4478 Tertium
1567 4399 1692 4502 verb,
1720 4392 1768 4475 ab
1796 4423 1863 4478 ex-

435 4506 579 4588 traneis
610 4505 814 4590 insultibus
832 4535 1032 4622 accepte,
1056 4541 1151 4626 quas
1170 4509 1329 4594 seorsim
1342 4507 1512 4594 totidem
1531 4508 1704 4596 articulis
1719 4535 1864 4622 expen-

438 4615 533 4712 dere
556 4643 684 4730 operae
701 4624 870 4738 pretium
892 4623 957 4712 esi.
