4186 5908
637 305 1145 474 onruunrs
1535 391 1616 488 an

174 535 304 645 rede,
324 561 371 622 ut
386 517 598 626 'Oribastus
616 532 778 644 docuit,
800 536 844 620 in
864 564 916 623 eo
935 538 1138 643 consistat,
1158 557 1205 621 ut
1220 533 1413 626 mollibus
1432 537 1622 632 adhibitis

175 649 392 770 emplaſtris
411 647 605 762 sumulque
629 648 899 796 andfusidis,
918 649 1146 770 suppuratio
1168 649 1339 766 benigna
1356 652 1398 735 in
1417 651 1619 771 supposrto

173 771 365 884 phymate
390 767 616 850 concitetur
645 791 723 878 qua
750 762 865 850 stmul
896 773 939 852 dt
964 763 1141 875 subjeuae
1170 791 1297 884 partes
1325 764 1545 878 tollantur,
1576 781 1619 858 br

13 963 15 992 k
172 883 467 998 supereminens
492 875 660 995 pusulas·
684 875 797 994 Scpe
824 879 1041 976 acciditur
1066 879 1365 994 superveniente
1391 883 1616 998 gangraend,

13 1039 14 1050 κ
173 991 327 1112 pustula
355 990 528 1078 solvatur
550 996 591 1076 in
616 991 817 1078 oscharam
846 1001 888 1079 br
917 995 1064 1110 phyma
1088 992 1199 1106 quod
1225 991 1370 1079 rubro·
1377 1023 1619 1112 purpureum

175 1105 360 1193 colorem
375 1104 603 1222 prusertbat
612 1169 626 1215 ,
642 1106 849 1304 niffrescat.
867 1109 968 1218 Quo
984 1111 1027 1192 in
1042 1107 1133 1192 casu
1148 1111 1239 1192 artis
1258 1110 1312 1191 est
1330 1113 1500 1194 caustico
1521 1118 1621 1198 anti-

175 1221 337 1340 putrido
361 1218 482 1354 quale
493 1224 677 1355 praeliant
707 1225 790 1338 apis
811 1220 1040 1356 Mortalis,
1057 1219 1254 1332 butyrum
1280 1217 1490 1358 antimonii
1498 1287 1512 1330 ,
1535 1235 1622 1314 bre.-

173 1331 575 1535 nrraslrn
596 1334 1619 1566 rutgerusintitularem

172 1561 250 1648 bos
273 1559 512 1674 universales
534 1565 637 1648 cutis
655 1561 842 1680 spodiant.
1394 1632 1406 1656 .

233 1676 365 1788 Quod
383 1679 482 1762 verb
504 1679 645 1762 attinet
661 1677 711 1761 ad
734 1675 1036 1765 diverstcoloros
1056 1674 1225 1794 pustulas
1251 1677 1303 1762 de
1328 1676 1477 1790 quibus
1493 1678 1618 1764 Dios·-

175 1790 334 1876 corides
347 1787 790 1906 Alexandrausscripfit
799 1852 814 1898 ,
835 1788 931 1876 licet
946 1792 1051 1906 apud
1062 1821 1137 1876 nos
1149 1819 1240 1876 rarat
1251 1792 1346 1899 surr,
1362 1790 1622 1878 observantur-

174 1931 310 1990 tamen
328 1901 567 2016 aliquandi),
590 1911 632 1988 bt
653 1931 718 1990 eas
746 1908 917 2020 reperire
942 1933 1026 1990 non
1043 1905 1270 2015 infrequens
1293 1908 1346 1988 est
1367 1908 1408 1988 in
1427 1903 1621 1992 infelicis-

174 2019 279 2103 fimis
300 2015 379 2102 illis
401 2015 631 2102 hominibus
656 2047 758 2130 quos
781 2015 847 2106 vel
873 2015 965 2125 lex,
995 2015 1062 2106 vel
1086 2014 1181 2216 lego
1202 2019 1339 2102 saevior
1363 2022 1550 2104 autoritas
1575 2024 1619 2108 in

176 2129 402 2217 carceribus
430 2129 721 2218 humidioribus
754 2159 872 2243 atque
902 2129 1125 2232 obscuriori
1153 2161 1199 2216 us
1231 2129 1406 2217 inclusos
1440 2159 1618 2221 coercet.

176 2241 356 2332 Scilicet·
374 2249 517 2351 inertia
541 2249 630 2331 vitae
660 2248 703 2329 in
730 2241 902 2333 vinculis
934 2243 1161 2360 exigenda,
1186 2243 1378 2358 simulque
1403 2248 1619 2332 aerumnosa·

175 2363 297 2446 animi
320 2360 528 2466 conditio,
548 2362 674 2446 vidus
693 2359 856 2444 sorditie
884 2367 927 2444 dt
953 2356 1089 2476 inopis
1113 2357 1299 2465 infamis,
1327 2357 1394 2444 sed
1422 2362 1619 2473 praecipue·

174 2472 351 2586 squallor
376 2473 462 2558 loci
489 2471 539 2558 ab
565 2486 653 2558 aere
678 2499 762 2556 non
787 2499 1011 2580 renovato,
1045 2471 1237 2583 simulque
1268 2469 1495 2557 animalium
1524 2501 1619 2558 cor-

76 2687 80 2696 .
175 2582 299 2704 ruptis
322 2586 509 2674 halitibus
532 2583 611 2694 jam
631 2613 716 2670 non
737 2583 899 2670 elasticis
918 2587 1022 2671 soeto
1034 2647 1048 2693 ‚
1071 2589 1315 2698 vestiumque
1340 2615 1424 2668 non
1448 2613 1618 2671 mutata-

175 2729 263 2788 ntm
294 2700 480 2809 illuvies,
514 2702 569 2785 ita
601 2700 644 2784 in
678 2725 825 2814 corpus
859 2723 1012 2812 agunt,
1043 2723 1089 2790 ut
1122 2697 1283 2814 peffimb
1316 2723 1619 2814 corrumpantur

178 2819 368 2902 humores
375 2817 692 2924 ,exoriaturque
705 2812 918 2898 fetidissrmi
936 2810 1114 2916 scorburi
1120 2875 1136 2920 ,
1157 2841 1206 2895 an
1223 2812 1378 2919 dicam,
1400 2813 1622 2927 putredinis
1684 2889 1688 2896 .

175 2929 355 3037 habitus,
375 2933 548 3041 quinon
562 2955 654 3012 reos
676 2925 806 3018 modb
822 2923 1123 3048 chronicis-labe
1138 2927 1303 3032 infecit,
1319 2925 1390 3012 sed·
1402 2935 1444 3011 dr
1464 2921 1622 3034 judices*

179 3043 285 3160 ipsos
299 3043 416 3129 acuti
432 3039 666 3160 putridaique
680 3038 963 3150 febreaffecit,
986 3065 1032 3123 ut
1051 3066 1199 3124 norunt
1213 3039 1489 3125 Londinenses
1513 3043 1621 3155 apud

178 3187 281 3270 quos
295 3152 1073 3244 &vinculabrsordescarcerumadhirc
1087 3151 1497 3265 saevioressuntqubm
1512 3155 1617 3266 apud

177 3275 379 3357 nostrates.
403 3271 497 3358 Hos
517 3269 601 3356 vidi
631 3268 654 3354 ὲ
680 3267 854 3354 claustris
879 3266 957 3353 illis
985 3270 1123 3373 exire,
1148 3264 1317 3384 pustulis
1332 3265 1621 3355 virescentibus

176 3384 536 3472 &flavescentibus
552 3381 786 3492 horribiles,
800 3379 1015 3468 miserrime
1029 3381 1238 3475 foetentes,
1252 3409 1355 3493 quos
1370 3403 1503 3468 tamen
1520 3386 1625 3466 aeris-

177 3499 268 3586 usus
280 3497 444 3585 liberior
449 3529 464 3607 3
479 3502 604 3584 vidus
619 3500 755 3612 purior
770 3497 794 3583 ὲ
807 3525 859 3584 ve
910 3493 1103 3605 rantibus,
1120 3501 1162 3580 dt
1178 3495 1264 3612 spes
1277 3495 1408 3614 addita
1421 3495 1470 3582 ad
1482 3493 1619 3579 melio

179 3641 262 3700 rem
292 3615 382 3698 vim
412 3612 691 3698 conditionem
721 3639 869 3700 revoca
893 3637 977 3696 ant.
1012 3605 1172 3694 Similes
1205 3607 1373 3725 pustulas
1406 3608 1624 3724 emplastris·

184 3751 395 3813 coercere
426 3723 606 3810 'iaculum
631 3725 737 3810 foret
748 3788 763 3833 ‚
790 3731 883 3810 cum
908 3751 1036 3809 metus
1061 3722 1156 3810 esset
1178 3751 1231 3810 ne
1257 3745 1408 3808 retenta
1435 3726 1618 3808 materies

180 3841 276 3928 rabo
303 3755 548 3956 putidissimo
577 3861 733 3924 textum
755 3837 1012 3954 cellularum,
1036 3837 1212 3950 ind'bque‘
1230 3834 1405 3947 reliquos
1426 3839 1620 3920 humores

180 3953 381 4041 afficerett
409 3951 589 4039 Profecit
611 3951 743 4068 sapius
761 3951 949 4037 has‘sorti
975 3955 1171 4037 kinaekinae
1195 3953 1367 4036 decedo
1395 3948 1529 4034 eluere
1549 3948 1616 4031 sae-

206 4073 268 4154 ius
277 4132 290 4176 ‚
311 4065 506 4179 simulque
522 4069 710 4152 interiora
731 4063 976 4264 antifutridis
990 4071 1167 4172 munire,
1186 4070 1280 4149 cum
1294 4062 1500 4147 notumsrt
1518 4065 1618 4150 a'eris

181 4096 414 4269 lberiotens
433 4184 620 4268 arcadium
645 4183 708 4266 his
731 4207 802 4296 per
820 4179 982 4267 anandis
1007 4179 1098 4264 ante
1126 4179 1261 4262 omnia
1286 4176 1496 4289 proficere.

456 4425 460 4435 '
566 4401 1114 4494 Pnnlzo‘unpus
1172 4399 1224 4487 V.

663 4563 671 4590 s
699 4631 767 4718 De
789 4627 1098 4746 Epicydidibus.

236 4865 401 4954 Novam
415 4855 653 4980 pustularum
665 4858 839 4976 speciem
852 4857 1092 4946 constituunt
1111 4831 1353 4972 ¹epinyslides
1361 4916 1376 4971 ,
1397 4857 1463 4944 seu
1484 4857 1616 4970 potila
