4188 5916
641 426 1152 518 curtum&
1520 455 1616 542 ‘357

176 587 430 702 compositas,
441 591 583 786 lqutius
613 591 731 702 quim
763 593 956 790 smqalicet
993 592 1183 680 recenseri
1201 591 1349 728 'gollim
1375 592 1492 679 multi
1521 595 1611 683 suut<

182 700 292 786 casus
318 704 360 784 in
387 705 451 812 qu'
483 733 528 788 us
554 702 814 817 fimplicitasi
849 737 870 790 a
891 703 1052 792 exulare
1078 707 1243 810 omnino
1264 704 1406 812 debet,
1434 712 1476 790 dt
1497 715 1609 792 nunc

177 813 287 919 hac,
304 845 410 898 nunc
424 814 493 902 illa
505 816 670 902 inustam
681 818 913 904 revocanda
924 817 1011 902 sunt
1024 819 1295 904 medicamina.
1311 817 1432 904 Talea
1446 819 1535 904 sunt
1547 819 1610 906 illi

175 924 293 1012 casua
310 927 357 1010 in
381 925 521 1038 quibua
541 932 764 1016 mivertum
776 939 929 1046 corpui
944 930 1104 1016 ‚ridetur
1122 934 1165 1014 iu
1181 931 1365 1043 stuperet
1376 932 1610 1044 ‘productri-

174 1037 536 1149 doseonoutrere‘,
551 1045 605 1126 ita
618 1071 663 1130 ut
673 1043 784 1130 nulla
797 1075 884 1157 part
896 1047 957 1128 hie
972 1071 1113 1128 careae
1132 1043 1186 1126 Et
1202 1043 1309 1126 certe
1322 1071 1369 1126 ut
1380 1044 1609 1130 ducendum

182 1151 224 1232 in
241 1152 354 1237 hisce
373 1153 522 1239 casibus
540 1159 621 1266 quit
636 1183 770 1240 narrata
784 1161 915 1270 vergit
926 1157 1017 1263 ‚ita
1034 1184 1116 1240 rem
1133 1153 1255 1240 velim
1268 1157 1402 1240 instrui
1424 1185 1473 1240 ex
1493 1159 1611 1244 Sane·

181 1262 336 1354 turiani
357 1266 533 1352 dodrini
552 1270 841 1382 perspirationis
854 1273 972 1354 tices
993 1269 1189 1371 edocente
1210 1275 1251 1350 dt
1274 1295 1419 1352 nature
1439 1273 1518 1354 vias
1535 1272 1611 1354 de-

183 1379 465 1490 prehendente.
481 1382 587 1464 Vere
598 1381 772 1488 scilicet,
788 1387 887 1472 ,curn
907 1379 986 1488 jam
1004 1379 1093 1464 vasa
1109 1379 1366 1465 recluduntur
1385 1389 1427 1464 dt
1444 1382 1492 1466 ad
1508 1383 1612 1496 pers-

182 1492 417 1602 pirationem
435 1493 605 1599 inhiant,
625 1497 712 1606 post
726 1497 890 1608 primam
905 1497 1137 1580 cofflonum
1151 1491 1324 1576 habitam
1335 1505 1494 1600 curant,
1514 1494 1613 1578 cras-

182 1603 270 1686 sum
299 1610 339 1686 dt
366 1603 526 1688 densum
551 1606 661 1716 quod
682 1609 836 1716 hyemis
860 1608 1011 1720 frigora
1034 1603 1266 1690 humoribus
1291 1604 1513 1690 conciliant
1569 1633 1612 1690 er

184 1721 426 1834 saponaceos
444 1717 662 1832 plantarum
687 1719 954 1806 oleraceatum
974 1728 1022 1804 dtx
1037 1717 1355 1831 bortaginearum
1375 1717 1516 1804 succos
1536 1637 1614 1802 sirl-

183 1859 279 1916 vere
302 1829 515 1943 satagerem
532 1865 543 1931 3
564 1832 735 1918 undd'&
755 1829 844 1916 bilia
865 1841 908 1916 dt
928 1834 1116 1916 humores
1136 1831 1185 1913 ad
1204 1833 1372 1914 fluorem
1391 1832 1614 1943 redigeren-

183 1972 248 2029 tur
269 1945 467 2047 nativum‚
495 1953 536 2028 dt
558 1973 648 2030 acre
674 1972 1063 2060 contemperareturr
1087 1943 1266 2026 saviente
1292 1944 1418 2052 syrio,
1444 1943 1616 2028 medica·

184 2081 319 2142 menta
332 2057 494 2140 nimiirm
510 2060 710 2142 moventia
719 2061 908 2143 invocare
919 2054 1190 2170 periculosum
1199 2057 1251 2138 est
1257 2118 1271 2160 ‚
1289 2079 1506 2138 nemorum
1523 2053 1616 2140 inde

182 2172 416 2273 incitatum,
430 2167 568 2254 solutis
588 2168 771 2254 omnibus
780 2233 795 2278 ‚
813 2199 872 2254 ars
887 2199 970 2254 non
986 2169 1103 2286 possit
1118 2168 1373 2282 compescere
1388 2202 1396 2250 :
1412 2168 1482 2252 sed
1494 2172 1617 2254 astate

187 2279 404 2367 inclinante
416 2281 639 2368 sudoriseris
653 2281 792 2367 nteliits
807 2283 970 2366 fiderem
983 2315 996 2381 ς
1011 2280 1099 2366 vasa
1110 2284 1220 2366 enim
1232 2307 1327 2364 tunc
1340 2286 1509 2393 patentia
1525 2284 1616 2367 faci-

186 2397 332 2480 liorem
344 2397 494 2478 exitum
513 2394 683 2508 prebent
700 2429 708 2476 :
725 2399 765 2478 in
782 2398 926 2504 hyeme
939 2396 1151 2478 cathartica
1170 2395 1371 2505 exciperet
1382 2395 1615 2502 memorius,

183 2515 232 2592 dt
255 2508 436 2613 demirm,
458 2511 666 2606 immutato
684 2506 735 2590 stc
757 2535 929 2621 corpore
945 2535 1013 2620 per
1022 2506 1404 2588 medicamentorum
1422 2505 1617 2590 circulum

188 2649 333 2705 nattuae
351 2617 534 2702 amulum
546 2681 561 2726 ‚
583 2619 666 2733 spes
688 2619 794 2702 soret
814 2616 891 2724 jam
911 2618 1081 2731 lympha
1105 2643 1285 2710 tenorem
1311 2619 1453 2730 pariter
1476 2620 1619 2702 immu-
1656 2639 1657 2644 ‘

191 2734 354 2818 tandum
373 2733 481 2838 fore,
503 2729 760 2846 herpetesque
781 2731 972 2816 sanandos
992 2733 1051 2815 iri.
1144 2825 1148 2830 q

208 2927 211 2932 ,
246 2845 330 2930 Sed
341 2870 511 2930 vacuato
527 2843 769 2955 alteramque
786 2847 956 2928 humore
967 2867 1052 2960 pars
1068 2843 1197 2958 operis
1215 2869 1298 2925 non
1309 2839 1473 2925 minima
1489 2838 1622 2955 super-

192 2961 258 3046 est
285 2958 387 3067 Qua
407 2960 513 3042 enim
531 2957 654 3042 semel
667 2955 903 3042 humoribut
921 2959 1164 3070 herpeticam
1178 2954 1333 3039 induxit
1349 2949 1622 3040 alterationem

191 3063 484 3178 rancescentiri,
504 3074 634 3186 potest
657 3068 775 3156 facile
790 3097 850 3154 ex
868 3073 992 3154 reteri
1014 3071 1211 3152 fermento
1233 3065 1494 3172 reviviscere,
1518 3075 1622 3151 daut

193 3183 291 3298 sapi
309 3183 471 3268 occulta
486 3185 581 3270 inest
596 3182 832 3299 corporibus
849 3181 1047 3296 disposttin
1064 3179 1295 3295 quipossint
1311 3179 1353 3262 in
1374 3178 1512 3263 eadem
1527 3183 1623 3264 vitia

192 3327 319 3412 prona
332 3295 484 3403 delabi,
497 3295 643 3408 illaque
655 3293 1096 3382 occasronalibus'causrs
1109 3289 1469 3397 redivivirrenasci,
1484 3319 1625 3376 actur-

191 3417 257 3494 eus
269 3409 516 3508 efflorescere
527 3471 542 3517 ,
555 3408 1058 3496 rmutandtnestvasnmm
1069 3415 1241 3490 tonus&
1253 3404 1624 3518 adpristinamstabi·

195 3521 349 3606 litatem
362 3523 631 3629 restituendus,
648 3522 759 3634 quod
767 3520 944 3606 ultimam
957 3520 1139 3604 methodi
1150 3522 1193 3601 iu
1205 3515 1429 3632 herpetibua
1443 3521 1625 3600 curative

193 3637 383 3748 paginam
401 3633 553 3744 implet.
569 3635 627 3717 Ea
641 3663 771 3720 aurem
784 3635 973 3718 testitudo
989 3635 1036 3716 sit
1052 3661 1121 3746 per
1132 3633 1271 3715 tonica
1286 3663 1298 3731 ;
1313 3632 1391 3712 saie
1408 3656 1455 3713 ea
1473 3627 1626 3714 interne
1729 3707 1736 3722 ,

194 3741 479 3848 adhibeantur,
496 3751 538 3828 dt
558 3749 635 3828 toti
653 3744 1056 3861 corporiroborando
1075 3745 1258 3829 inservire
1275 3769 1422 3853 queant
1430 3771 1447 3842 ,ς
1465 3741 1542 3826 five
1556 3767 1627 3856 pet
1761 3769 1763 3780 ⁴

198 3883 360 3941 externa
377 3852 665 3944 medicamenta
686 3889 769 3970 qua
788 3864 938 3943 tantum
962 3864 1002 3941 in
1021 3885 1146 3973 parter
1164 3861 1319 3944 affeaas
1334 3856 1628 3966 exterioresque
1740 3859 1744 3867 ’

197 3993 325 4085 agant.

254 4078 490 4165 Cavendum
507 4105 641 4164 tamen
653 4081 729 4195 esse
744 4077 791 4164 ab
803 4083 1044 4189 irritatione,
1066 4092 1106 4168 dt
1124 4084 1216 4168 ditm
1231 4075 1352 4162 robur
1367 4071 1513 4158 addere
1529 4073 1630 4161 sata·

199 4196 351 4305 gimua‚
377 4193 594 4278 verendum
616 4195 694 4280 effe
715 4221 778 4300 ne¹
794 4227 940 4280 noxam
960 4198 1196 4296 inseramur,
1227 4217 1277 4271 ex
1302 4213 1384 4272 arte
1412 4189 1476 4270 est.
1508 4189 1630 4302 Signa

202 4305 349 4390 dabunt
372 4309 549 4420 corporis
572 4308 824 4415 constitutio,
852 4309 1049 4392 eretltistni
1079 4303 1278 4418 prasentia
1307 4325 1389 4384 non
1419 4299 1561 4407 dubia,
1587 4311 1632 4388 dt

199 4417 391 4502 srcaetera
416 4417 564 4525 defiat,
589 4422 808 4532 prunorum
838 4419 1103 4504 remediorum
1126 4415 1314 4520 effodiat,
1330 4417 1405 4525 qui
1432 4440 1633 4526 nunquam

199 4533 373 4618 incertus
390 4532 444 4616 est
458 4534 503 4616 in
526 4529 774 4646 sterpetum,
795 4535 890 4614 ciam
908 4527 976 4616 vel
994 4530 1159 4613 mitrima
1172 4531 1342 4613 irritatio
1363 4523 1634 4612 titillationem

201 4647 242 4726 in
277 4648 338 4728 iit'
359 4647 518 4730 excitet.
556 4643 667 4728 Hinc
698 4645 720 4728 i
750 4642 932 4728 remediis
960 4644 1073 4728 ssecis
1084 4704 1100 4750 ‚
1131 4641 1306 4748 acribus,
1340 4644 1563 4726 aromaticis
1590 4647 1636 4722 dt

202 4753 298 4842 oleo
319 4756 487 4870 turgidis
510 4756 699 4842 essentiali
720 4754 987 4842 abstitendum
1012 4759 1088 4863 eli,
1120 4785 1205 4868 qua
1241 4757 1374 4840 omnia
1406 4753 1636 4838 incendium

203 4872 420 4954 concitant.
450 4869 504 4953 Et
524 4897 746 4981 quanquam
772 4873 966 4958 corticem
983 4869 1265 4978 Potavianam,
1280 4871 1420 5064 etianq
1429 4871 1471 4956 in
1488 4859 1638 4947 morbis

1432 5011 1459 5064 v
