4292 5904
688 397 1187 491 CUTANEI&
1572 407 1657 519 by

221 557 482 680 nigricantem
505 563 574 650 fibi
594 593 687 650 com
718 594 850 674 arant,
874 566 927 651 ob
945 566 1127 652 vasorum
1145 565 1449 652 exficcationem
1470 569 1658 660 deletam-

222 705 309 789 que
323 680 666 792 organisationem.
688 597 771 764 bos
798 679 895 794 sape
924 676 1164 762 mulierculae
1192 676 1361 790 diligunt
1387 683 1577 800 qubd‘op
1607 719 1656 771 o-

220 817 362 874 nantur
397 789 531 876 albido
563 790 694 876 vulttis
724 791 882 899 colori,
916 796 984 902 qui
1015 791 1063 875 ab
1092 820 1234 875 eorum
1268 792 1464 902 praesentis
1495 717 1657 884 nitidior

223 907 393 1016 exurgit.
418 902 645 1015 Aliquando
667 906 863 1010 tamen‚sr
884 904 1055 988 maxime
1074 901 1406 1018 multiplicentur,
1424 905 1656 995 deformita-

224 1041 307 1099 tem
320 1018 537 1122 accersunt,
555 1043 598 1102 ut
610 1018 660 1101 de
673 1019 729 1127 Q.
748 1015 920 1100 Servilio
932 1017 1033 1103 ridet
1046 1014 1218 1117 Tullius.
1235 1016 1383 1098 Verdm
1399 1019 1658 1130 turpiffimum

223 1117 299 1212 suit
331 1137 372 1212 bt
404 1133 512 1212 Aetli
535 1136 596 1235 (o)
632 1133 850 1215 attentione
881 1129 1044 1242 dignum
1078 1125 1367 1252 sssfimilibus
1398 1133 1660 1219 minutiffimis

224 1239 448 1324 tumoribus
466 1239 666 1326 scabrities
689 1242 863 1351 quadam
887 1243 966 1325 cuti
993 1241 1110 1324 faciei
1143 1235 1373 1344 inducatur,
1405 1241 1510 1324 unde
1536 1244 1658 1329 facies

222 1353 426 1436 horridula
448 1361 490 1438 br
512 1357 616 1465 quast
643 1355 856 1438 monstrosa
882 1379 1074 1467 appareat.
1102 1353 1297 1461 Quamvis
1321 1356 1426 1435 enim
1449 1357 1537 1436 rarb
1559 1355 1660 1442 illud

224 1463 248 1548 b
272 1460 388 1549 ca'uslt
411 1466 571 1552 externi
590 1470 730 1550 vitium
781 1466 945 1572 endeat,
973 1475 1015 1550 ὅ(
1034 1466 1212 1550 videatur
1233 1494 1317 1547 non
1336 1463 1413 1548 unzi
1435 1469 1586 1551 ratione
1609 1469 1659 1552 ad

225 1604 378 1690 guttam
400 1579 552 1678 roseam
579 1577 730 1663 referen
760 1608 856 1686 um,
879 1581 1004 1691 potest
1028 1603 1160 1661 tamen
1182 1574 1393 1685 aliquandi>
1416 1577 1521 1660 nasci
1544 1577 1565 1659 ὲ
1589 1580 1658 1662 fri·
1750 1605 1754 1612 ’

225 1717 344 1802 gere„
370 1688 392 1772 b
415 1681 535 1794 caufis
558 1689 836 1796 illabentibus,
864 1687 988 1774 bfoci
1010 1692 1155 1774 urentis
1180 1686 1322 1772 afflduai
1345 1692 1510 1773 reione.
1537 1690 1659 1776 Tunc

226 1830 366 1886 omnes
395 1811 437 1884 bt
460 1806 625 1888 universr
652 1807 753 1888 cutis
779 1800 954 1886 folliculi
980 1800 1094 1885 fimul
1118 1801 1374 1906 indurantur,
1397 1826 1515 1910 atque
1542 1804 1663 1908 cons<

192 2013 198 2016 ,
224 1917 473 2028 tringuntur‚
496 1919 550 1998 ita
569 1944 613 2000 ut
634 1919 762 2000 omnis
781 1915 1075 2029 perspiratorius
1098 1915 1242 1996 humor
1265 1911 1378 1994 srmul
1400 1916 1465 1995 hic
1488 1917 1658 2026 perstet,

224 2031 379 2110 aslione
390 2025 570 2134 durabili,
583 2029 650 2113 sed
662 2028 777 2110 fimili
791 2026 850 2110 illi
862 2057 978 2136 quarn
995 2024 1245 2108 observamus
1262 2023 1440 2132 quotidie
1451 2028 1492 2105 in
1508 2027 1660 2138 frigore

225 2166 309 2248 quo
325 2142 425 2222 cutis
442 2165 526 2224 tota
543 2145 644 2253 riget
661 2150 703 2223 bt
718 2139 934 2245 horrescit,
957 2140 1057 2221 cutis
1074 2139 1185 2219 instar
1201 2132 1437 2246 gallinacea.
1452 2137 1534 2221 Sed
1550 2141 1662 2225 Aetii

222 2279 324 2364 pace
337 2252 519 2356 dixerim,
532 2282 616 2335 non
633 2256 729 2336 mihi
743 2252 898 2336 videtur
913 2248 1061 2332 temere
1076 2243 1297 2330 adhibenda
1312 2245 1523 2331 methodus
1539 2269 1664 2357 quam'
1722 2287 1724 2292 ¹

223 2365 284 2447 vir
312 2361 538 2445 clariffimus
565 2362 775 2476 praescribit
788 2423 801 2466 ,
832 2387 877 2443 ut
898 2358 1072 2442 illinatur
1097 2359 1198 2440 cutis
1222 2354 1393 2440 alumine
1417 2387 1510 2474 pum
1538 2362 1664 2446 melle

224 2477 416 2557 contrito.
447 2474 610 2588 Quippe
633 2476 728 2557 huic
758 2469 865 2554 malo
890 2469 1151 2585 producendo
1179 2471 1236 2551 vis
1261 2465 1329 2551 illa
1354 2471 1408 2580 sty
1437 2473 1515 2553 tica
1540 2501 1662 2581 quam

223 2579 444 2670 eminenter
474 2589 515 2668 in
547 2586 719 2670 alumine
753 2583 1033 2690 observamus,
1064 2583 1198 2664 omnia
1225 2501 1447 2693 stringendi
1476 2607 1564 2694 apta
1592 2589 1661 2671 est,

222 2696 375 2790 Balnea
398 2695 536 2782 contri
548 2757 562 2808 ,
582 2701 787 2782 undiones
809 2695 917 2780 lenes
940 2721 1059 2805 atque
1078 2693 1254 2781 laxantes
1275 2723 1367 2776 cum
1389 2691 1488 2776 oleis
1511 2693 1671 2780 mollis'

223 2811 358 2916 simis,
386 2807 534 2893 nullam
551 2810 802 2895 raucedinem
825 2805 1140 2911 admittentibus,
1169 2831 1235 2889 aut
1251 2833 1342 2887 cum
1363 2803 1662 2893 emollientibus

224 2921 568 3032 quibuscumque,
598 2927 767 3038 praestare
788 2921 983 3005 videntur.
1014 2917 1173 3029 Quibus
1200 2920 1299 3000 ratio
1324 2917 1459 3002 suadet
1482 2916 1665 3006 addenda·

175 3065 179 3074 ·
222 3030 415 3118 molliora
433 3034 713 3120 resolventium
733 3025 901 3148 genera,
921 3030 1049 3143 qualia
1064 3034 1236 3146 praestant
1250 3027 1447 3136 sambuci,
1464 3028 1660 3138 meliloti,

225 3145 484 3231 chamoemeli
507 3149 658 3255 flores,
684 3145 892 3253 verbenae,
918 3147 1153 3259 euphrasiae,
1182 3140 1391 3246 foeniculi,
1420 3145 1530 3255 apii,
1556 3147 1660 3256 agri-

221 3261 371 3343 moniae
381 3319 396 3363 ,
418 3258 666 3372 aliorumque
685 3258 867 3342 srmilium
889 3256 1009 3363 folia,
1031 3257 1159 3339 sarinae
1179 3253 1384 3359 fabarum,
1409 3251 1664 3370 lupinorum,

223 3367 405 3456 cicerum
435 3368 678 3479 rubrorum,
714 3369 850 3456 secalis
865 3431 879 3476 ,
912 3368 1054 3453 hordei
1070 3429 1084 3473 ,
1122 3374 1202 3451 &e
1229 3369 1422 3480 patienter
1455 3375 1497 3449 bt
1531 3363 1601 3447 lon
1632 3395 1665 3449 o
1724 3377 1731 3388 '

222 3509 434 3594 tempore,
454 3487 535 3571 stne
554 3485 756 3572 satuminis
765 3547 780 3594 ,
798 3509 864 3569 aut
881 3477 1204 3594 adstringentibus
1226 3477 1408 3560 remediis
1430 3397 1662 3590 usurpanda,

599 3683 1284 3790 nnrrcuuusru
1398 3661 1418 3684 ⁶

509 3915 578 4000 De
598 3914 748 3999 Morbis
772 3893 851 3998 curi
874 3911 1007 4001 vultrls
1035 3915 1071 3996 ἓν
1083 3910 1205 4024 faciei
1218 3886 1393 4025 propriis.

289 4143 395 4226 Cdm
418 4135 549 4224 morbi
574 4137 634 4224 illi
657 4138 853 4254 pendeant
877 4137 900 4226 b
923 4134 1066 4225 vitiosa
1095 4136 1262 4250 partium
1286 4133 1448 4247 proprio
1477 4140 1519 4218 &
1547 4164 1665 4250 pecu-
1762 4143 1768 4154 '

224 4255 319 4340 liari
350 4284 397 4337 or
425 4253 573 4336 anismo
601 4250 833 4335 donatamm
862 4251 1047 4354 ditches,
1083 4248 1133 4330 ad
1161 4251 1229 4328 has
1263 4252 1412 4333 tantitm
1439 4249 1661 4359 pertinent,

226 4377 278 4452 δι
307 4285 449 4448 nullibi
476 4363 569 4448 alibi
595 4367 838 4478 reperiuntur
866 4395 878 4462 ;
911 4359 1007 4446 licet
1041 4357 1173 4442 natural
1204 4355 1271 4440 sus
1299 4383 1416 4468 atque
1445 4356 1580 4443 indole
1611 4361 1663 4446 ad

225 4477 334 4564 alios
351 4473 453 4559 bene
473 4479 680 4590 cognitos,
697 4485 739 4559 ὃ(
758 4476 846 4558 satis
865 4471 1020 4557 abunde
1030 4469 1245 4586 descriptos
1260 4471 1418 4555 affectus
1435 4469 1664 4559 referantur.

225 4589 327 4676 Hos
359 4613 491 4672 autem
518 4585 680 4672 morbos
715 4588 764 4674 ad
794 4613 962 4697 quatuor
996 4584 1204 4699 prasertim
1239 4582 1387 4697 species
1419 4581 1630 4668 referemus
1644 4605 1684 4692 ,¹

226 4725 388 4818 guttam
425 4700 609 4826 roseam,
651 4700 920 4786 deformitates
953 4699 1031 4786 nast
1062 4694 1110 4780 ab
1141 4696 1355 4782 inconditis
1383 4696 1663 4800 excrescentis

274 4859 330 4936 (a)
345 4855 425 4921 Terr.
442 4877 474 4933 r,
494 4855 573 4920 serm.
586 4877 621 4934 a,
637 4875 696 4940 cap.
711 4875 762 4933 49.
