4188 5916
508 409 517 416 ·
645 401 1196 499 curantis
1566 435 1739 549 ,η’

196 576 273 683 esi,
295 595 342 660 ut
365 577 409 660 dt
434 565 477 658 in
499 571 720 690 Norvegii.
750 573 826 686 Ha
853 599 987 660 tamen
1008 600 1085 660 otae
1108 580 1152 660 dt
1178 572 1275 660 atris
1296 573 1578 664 constitutione
1602 588 1646 668 dc

198 692 352 776 ratione
369 687 495 774 visitis
516 687 759 804 magnopere
777 688 915 774 distant
934 687 957 773 e
973 687 1263 774 Palaestinorum
1285 686 1498 776 littoribus.
1520 691 1644 778 Hanc

164 877 168 886 .
197 806 420 919 phocarum
448 801 574 888 crassa
605 810 648 890 dr
677 801 883 917 indigesta
899 806 1027 887 carnis
1053 800 1138 885 usui
1170 801 1273 916 apud
1300 801 1493 888 littorales
1518 808 1641 894 hosce

197 911 769 1116 {inlisisinlisis
788 913 1252 1114 {Zisplllfflnll
1268 913 1422 1117 illi
1437 920 1641 1119 illlis}

197 1131 429 1246 Academia
439 1145 579 1258 Regia
594 1137 821 1234 Holnienfi
844 1143 1094 1258 hypothesim
1116 1145 1323 1258 proposuit
1342 1057 1551 1262 quiglepra
1570 1151 1641 1263 ipsi

197 1256 372 1372 pendere
398 1257 555 1343 videtur
581 1281 632 1344 ex
661 1253 891 1342 vermiculis
927 1253 1068 1368 quibus
1104 1283 1231 1369 partes
1256 1262 1420 1342 'internae
1448 1259 1641 1376 harengi,

198 1368 310 1479 c'uj'us
341 1373 434 1456 usus
460 1371 562 1456 adeo
588 1367 789 1455 familiaris
817 1373 870 1454 est
899 1369 1114 1484 Notvegiae
1126 1431 1142 1476 ‚
1170 1375 1225 1454 ita
1249 1370 1399 1456 scatent
1425 1398 1470 1455 ut
1499 1379 1648 1478 vermi·¹

199 1485 315 1572 culus
350 1483 419 1569 illc
453 1483 606 1573 medius
642 1481 807 1598 gordias
844 1486 946 1568 inter
984 1509 1102 1597 atque
1143 1483 1370 1594 ascarides,
1401 1485 1495 1570 'seta
1526 1491 1641 1573 instar

199 1593 449 1686 crassitudine
468 1595 602 1703 albus,
625 1594 894 1703 convolutus3
919 1598 960 1680 in
982 1600 1147 1711 harengi
1162 1597 1376 1684 visceribus
1396 1600 1570 1712 undique
1589 1601 1642 1710 ja-

200 1709 313 1822 ceat,-
330 1713 481 1814 haustus
493 1739 546 1794 rut
562 1709 717 1795 videtur
735 1712 887 1795 inmari
901 1707 923 1792 b
936 1710 1109 1825 piscibus
1129 1707 1208 1796 illis
1228 1715 1327 1796 &in
1344 1716 1473 1798 fluviis
1491 1713 1513 1798 *a
1528 1715 1640 1806 lucio

192 1842 198 1853 '
227 1831 308 1926 isce
329 1831 471 1936 inquo
497 1826 616 1907 etiam
642 1825 844 1940 reperitur.
872 1821 994 1910 Hanc
1023 1827 1272 1940 hypothesim
1299 1828 1351 1910 ita
1372 1826 1549 1914 defendit
1573 1833 1640 1922 Cl.

198 1863 456 2026 linnansut
482 1963 569 2022 eam
596 1935 667 2020 fibi
696 1939 896 2054 propriam
920 1937 1063 2046 saciat,
1088 1935 1198 2048 qubd
1225 1967 1309 2021 non
1336 1939 1642 2032 demonstratum

199 2050 271 2173 ipsi
296 2053 475 2140 videatur
500 2052 686 2136 coslione
711 2051 873 2135 istorum
896 2049 1063 2166 piscium
1089 2048 1170 2136 levi
1194 2054 1316 2134 vitant
1336 2054 1535 2140 vermibus
1561 2059 1641 2148 illis

199 2165 349 2274 adimi,
382 2169 475 2252 cbm
506 2168 549 2248 in
578 2167 745 2280 cyprino
772 2161 877 2278 pisce
908 2167 1027 2248 cotio
1058 2172 1100 2248 dt
1128 2194 1149 2247 a
1178 2165 1307 2280 posito
1336 2169 1495 2268 inventa
1523 2169 1642 2259 fuerit

198 2281 367 2370 fasciola
390 2281 480 2368 viva
506 2286 546 2362 ὃ(
568 2275 608 2360 se
632 2279 849 2378 motitans3
870 2279 979 2388 qubd
1002 2279 1122 2361 etiam
1143 2193 1252 2392 lepra
1269 2283 1348 2365 oris
1370 2281 1573 2369 maritimis
1599 2295 1642 2374 dt

198 2398 363 2482 lacuum
377 2389 624 2507 piscosorum
644 2387 796 2476 accolis
808 2388 1009 2477 familiaris
1024 2390 1091 2498 stt,
1108 2398 1152 2475 dt
1170 2389 1192 2474 b
1207 2390 1402 2506 plerisque
1417 2395 1642 2486 auctoribus

199 2509 370 2628 piscium
393 2504 478 2588 usui
499 2502 702 2588 tribuatur.

256 2615 523 2736 Respondete
541 2643 674 2700 tamen
692 2613 741 2698 ad
760 2617 844 2700 haec
866 2639 1096 2730 promptum
1118 2618 1170 2698 est
1188 2617 1233 2699 N
1235 2645 1476 2731 orvegorum
1492 2620 1643 2738 lepram

201 2731 294 2826 roto
316 2728 610 2818 coelodiffene
630 2726 678 2812 ab
697 2725 744 2813 eal
767 2757 885 2839 quam
906 2727 1031 2818 Judaei
1049 2725 1295 2843 patiebantur
1316 2755 1361 2812 ut
1379 2761 1486 2846 patet
1505 2763 1555 2820 ex
1575 2737 1643 2828 Cl.

201 2855 277 2940 viri
307 2847 433 2934 deseri
462 2847 605 2951 tione,
642 2871 718 2928 nec
748 2844 874 2958 magis
904 2841 974 2956 ipfi
1006 2844 1251 2950 convenire,
1285 2841 1403 2955 quant
1431 2846 1593 2935 morbus
1621 2847 1644 2936 l

202 2961 396 3050 Diodoro
429 2875 571 3042 biculo
599 2957 814 3069 descriptus
843 2953 1124 3076 cupissemus
1151 2955 1427 3071 superveniens
1442 3023 1456 3068 ,
1485 2969 1527 3046 de
1554 2992 1644 3048 ver·

204 3076 335 3164 mibus
356 3073 487 3160 forsan
507 3068 675 3158 debitus.
694 3072 764 3154 Ait
779 3071 887 3153 enirn
901 3069 1109 3156 Diodorus
1125 3068 1285 3158 Siculus
1300 3075 1377 3159 hos
1393 3073 1483 3160 ante
1497 3105 1644 3164 annum

203 3195 292 3280 vitat
312 3187 649 3302 quadragesimum
678 3181 960 3270 contabescere
990 3189 1032 3266 ὃ(
1055 3181 1255 3268 ulceribus
1288 3186 1438 3272 scatere
1457 3189 1536 3304 'per
1560 3221 1643 3301 qua

205 3311 350 3412 exeant
362 3329 529 3391 vermes.
545 3297 677 3386 Labes
692 3328 810 3410 quarn
824 3295 1037 3411 Notvegiae
1052 3295 1194 3380 incolae
1205 3301 1427 3410 patiuntur,
1443 3331 1488 3388 ut
1500 3332 1549 3387 ex
1563 3304 1646 3388 des-

205 3421 405 3536 ¹eriptione
424 3413 490 3506 cl.
507 3413 665 3506 Linnaei
687 3435 817 3528 paret,
842 3415 973 3523 potius
997 3408 1047 3494 ad
1072 3413 1255 3524 herpetes
1267 3475 1283 3522 ,
1306 3413 1424 3526 quiun
1447 3415 1496 3500 ad
1523 3415 1644 3503 aliurn

207 3535 387 3646 quemvis
397 3525 1648 3640 assedumreferendaest.Verbmtamensrhypothefisillaadmit·

205 3673 376 3750 teretur,
401 3639 586 3753 aliudque
601 3639 879 3768 agnosceretur
892 3639 1083 3724 insertum
1097 3636 1242 3722 morbo
1258 3638 1318 3722 illi
1334 3641 1541 3737 Hebraico
1556 3675 1647 3758 pro-

208 3757 396 3846 ducendo
410 3763 542 3874 aptum
549 3818 564 3863 ,
577 3749 864 3868 intelligeretur
874 3751 1054 3868 profesti>
1060 3813 1074 3858 ,
1092 3751 1202 3860 quod
1212 3755 1291 3838 hirc
1301 3754 1425 3868 usque
1436 3755 1648 3846 insolubile

205 3873 429 3978 visumst,
452 3869 661 3982 quomodo
679 3867 831 3952 scilicet
845 3865 952 3982 lepra
969 3863 1096 3978 posset
1109 3866 1151 3947 in
1162 3870 1417 3976 vesterarq'ue
1433 3867 1648 3956 domorum

207 3987 374 4124 parietes
400 3977 667 4090 decumbere,
692 3978 783 4093 quia
807 3979 961 4066 scilicet
982 3977 1219 4066 insesiorum
1241 3977 1435 4086 nidulatio
1461 3979 1647 4070 omnibus

207 4105 283 4190 istis
306 4094 535 4186 utensilibus
558 4125 651 4184 cum
673 4092 905 4182 animalibus
922 4093 1151 4178 communis
1175 4094 1239 4177 est.
1267 4089 1503 4208 Prodigialis
1526 4101 1648 4208 porrb

207 4212 379 4324 hujusce
423 4205 1048 4306 eneris.animalculorum·multi
1077 4205 1214 4289 licatio
1236 4231 1304 4318 per
1323 4204 1649 4296 Cl..·Bonnetum

209 4244 485 4412 incalculutn
517 4326 813 4408 arithmeticum
845 4320 999 4406 redasla
1039 4237 1127 4402 litis
1160 4316 1268 4402 daret
1306 4321 1650 4435 comprehendere

211 2705 220 2714 ο

210 4441 317 4526 unde
331 4447 376 4522 ’dr
401 4441 591 4552 contagio
614 4438 636 4520 b
653 4432 864 4550 parietibus
880 4439 921 4518 in
935 4434 1119 4516 homines
1134 4433 1390 4544 irrumperet:
1413 4430 1647 4544 nullumque

210 4554 318 4640 aliud
337 4551 599 4641 rescindenda
617 4549 673 4635 lui
696 4549 850 4633 daretur
869 4544 1088 4631 remedium
1103 4569 1239 4658 prater
1254 4544 1398 4642 domos
1415 4543 1646 4654 diruendas,

214 4677 257 4754 dt
280 4671 463 4754 homines
486 4665 643 4750 infestos
670 4663 873 4748 confeffim
896 4658 918 4744 ὲ
938 4660 1145 4743 communi
1166 4659 1376 4744 hominum
1398 4665 1647 4746 commercio

209 4781 490 4898 segregandos.
517 4777 599 4864 Sed
618 4778 668 4863 de
686 4778 902 4891 incognitis
922 4773 1006 4860 haec
1023 4769 1231 4860 sufficiant.
1484 4769 1489 4778 ’
