4188 5916
467 437 552 518 an
911 401 1018 490 uu
1087 399 1452 489 nonurs

527 569 679 654 Verbm
698 596 758 652 res
775 565 897 680 longe
915 565 1027 652 aliter
1043 564 1083 649 se
1100 563 1220 651 habet
1234 569 1274 649 in
1294 565 1407 650 tertii
1426 561 1495 648 illa
1514 593 1630 676 quam
1649 561 1911 650 universalem

472 685 553 771 line
583 683 725 766 erroris
756 707 864 765 metu
897 683 1205 793 nuncupaverim
1238 684 1489 764 materierum
1523 683 1911 764 excremenritiarum

470 797 739 882 abdutrricem
774 793 944 902 semitis,
979 826 1063 906 quae
1096 791 1245 898 bilem,
1280 793 1481 909 lympham
1518 796 1721 878 mucosam
1738 857 1753 900 ,
1781 795 1910 878 serum

472 910 643 1015 salsum,
675 916 717 990 dt
745 907 828 992 sere
862 937 1001 992 omnes
1033 911 1163 991 omnis
1223 912 1348 991 coeris
1381 912 1568 992 humores
1601 909 1624 991 ὲ
1659 937 1832 1020 corpore
1861 905 1911 992 ad

472 1024 630 1110 libitum
655 1021 855 1136 protrudit
877 1023 1051 1105 ca'tharsr.
1079 1021 1153 1104 Per
1178 940 1309 1104 alvum
1331 1018 1431 1104 solvi
1451 1025 1655 1137 herpetes,
1682 1050 1749 1104 aut
1772 1021 1910 1105 saltem

473 1141 516 1221 in
543 1163 630 1220 eam
651 1135 935 1219 indicationem
959 1133 1107 1218 abarce
1132 1138 1308 1218 exerceri
1333 1135 1538 1218 molimina
1567 1166 1649 1219 non
1672 1164 1824 1218 novum
1844 1138 1910 1219 est.

397 1268 403 1284 ’
426 1319 430 1324 .
473 1252 521 1334 Si
537 1249 696 1361 quidem
714 1277 761 1332 ea
776 1274 860 1331 erat
879 1250 1046 1358 antiquis
1065 1251 1225 1362 opinio,
1245 1252 1424 1362 herpetcs
1446 1245 1467 1329 a
1483 1247 1563 1332 bile
1578 1249 1664 1332 sero
1679 1246 1801 1330 mixti
1818 1277 1911 1362 pen-

475 1363 597 1467 dere,
618 1389 662 1444 ut
682 1359 776 1445 alibi
795 1361 964 1446 diximus
982 1393 994 1462 ;
1018 1360 1071 1446 ob
1096 1362 1138 1446 id
1159 1359 1206 1446 ab
1231 1360 1472 1446 Helmontio
1493 1368 1534 1446 ὅ(
1557 1363 1763 1447 Clremicis
1779 1361 1911 1448 durius

347 1575 352 1592 ι
474 1478 649 1590 correpti
668 1476 791 1560 fuste.

531 1592 585 1674 Et
607 1590 715 1674 certe
735 1588 925 1705 licetipsa
944 1587 1068 1704 perse
1084 1589 1285 1692 catharsrs,
1309 1586 1513 1671 srseorsrm
1532 1586 1554 1670 ὲ
1575 1587 1761 1697 qualitate
1783 1587 1911 1672 medi·

475 1697 751 1789 camentorum
771 1701 949 1788 solvente
971 1704 1166 1810 sumatur,
1188 1699 1364 1784 videatur
1379 1707 1521 1816 parum
1540 1705 1580 1784 in
1599 1703 1681 1785 vias
1701 1705 1803 1786 cutis
1822 1702 1910 1786 effi-

478 1844 569 1904 cere
593 1816 795 1930 longeque
824 1815 977 1900 remori
1003 1818 1159 1899 aciione
1189 1815 1409 1899 efficaciam
1438 1842 1598 1928 exerere
1613 1874 1627 1919 ,
1654 1839 1790 1900 tamen
1819 1819 1912 1899 crim

479 1933 581 2016 cutis
602 1931 766 2014 densitas
791 1929 868 2014 alvi
888 1934 1020 2014 raritas
1039 1931 1084 2012 fit
1101 1957 1150 2013 ex
1168 1927 1442 2042 Hippocrate,
1463 1935 1726 2040 pratereaque
1745 1933 1842 2011 cum
1862 1955 1911 2013 ex

477 2043 636 2129 essentia
660 2043 1043 2128 medicamentorum
1077 2073 1158 2152 quae
1183 2040 1318 2125 revera
1345 2041 1424 2127 dici
1446 2042 1604 2160 possunt
1626 2045 1843 2127 cathartica
1868 2046 1911 2130 srt

477 2185 523 2242 ut
550 2160 669 2240 etiam
696 2155 875 2242 solvente
899 2165 941 2240 &
967 2183 1191 2242 attenuante
1213 2156 1410 2240 donentur
1430 2159 1603 2264 virtute,
1627 2153 1706 2262 jam
1726 2155 1910 2242 diresiam

477 2270 661 2355 videntur
679 2268 858 2356 obtinere
875 2269 1096 2354 efficaciam
1114 2270 1162 2352 ad
1181 2266 1408 2354 solvendam
1426 2273 1534 2352 muci
1549 2273 1803 2354 tenacitatem
1819 2270 1912 2377 ejus·

478 2411 556 2494 que
580 2383 886 2471 rancescentiam
910 2381 1264 2496 &impediendam
1284 2391 1326 2465 dt
1347 2381 1634 2497 expellendam.
1660 2384 1705 2466 Si
1726 2387 1826 2468 verb
1847 2387 1910 2468 ista

479 2525 529 2580 ex
553 2525 693 2580 eorum
713 2524 859 2609 genere
878 2495 1088 2610 seligantur
1105 2492 1246 2606 quibus
1266 2493 1333 2578 illa
1348 2499 1471 2579 virtus
1490 2496 1635 2580 eximie
1651 2500 1814 2609 cognita
1836 2501 1909 2606 esi,

479 2609 589 2694 certe
622 2609 708 2724 spes
736 2613 789 2694 est
815 2608 957 2694 illaad
984 2607 1220 2692 morborum
1246 2635 1506 2692 cutaneorum
1534 2609 1774 2695 sanationem
1799 2613 1911 2726 polle

478 2722 675 2807 conferre.
703 2723 819 2808 Adde
841 2724 952 2835 quod
973 2725 1187 2807 cathartica
1219 2719 1442 2836 plethoram
1464 2720 1574 2805 illam
1593 2725 1805 2806 humorum
1824 2755 1910 2810 non

478 2835 773 2920 alsrmilatorum
794 2867 913 2949 quam
932 2836 1094 2920 medico
1115 2839 1276 2919 nomine
1297 2839 1600 2948 cacochymiam
1617 2865 1830 2946 vocamus,
1857 2843 1911 2924 ita

477 2974 661 3062 potenter
681 2945 849 3056 tollant,
871 2976 916 3032 ut
932 2951 1018 3063 poli
1033 2948 1249 3034 adhibitum
1269 2952 1529 3034 catharticum
1546 2947 1757 3064 pallescant
1771 2981 1912 3040 omnes

478 3063 637 3144 cutanei
660 3059 791 3145 morbi
807 3093 819 3162 ;
834 3064 924 3145 imo
937 3061 1072 3175 ‘ipsum
1092 3063 1323 3176 eryfipelas,
1353 3089 1397 3147 ut
1416 3061 1509 3146 alibi
1529 3091 1710 3150 notatum
1734 3067 1812 3172 est,
1840 3097 1909 3182 pto

478 3197 662 3287 ternpore
686 3175 940 3260 conticescat.
967 3177 1060 3259 Nec
1083 3177 1212 3258 sinunt
1234 3175 1303 3260 illa
1328 3175 1524 3261 saburram
1546 3176 1647 3261 intri
1669 3181 1814 3292 primas
1832 3185 1910 3266 vias

478 3285 625 3370 diutius
653 3285 869 3400 hospitari,
899 3319 983 3398 quae
1006 3289 1190 3374 fomitem
1210 3288 1322 3373 malis
1346 3289 1483 3396 darer,
1510 3299 1553 3374 ὅ(
1578 3289 1601 3375 i
1623 3291 1912 3491 peqspuimdonk

478 3401 554 3484 viis
572 3398 772 3484 divertunt
792 3399 924 3485 sordes
945 3432 1029 3514 quae
1048 3406 1089 3485 in
1108 3401 1193 3489 illas
1212 3403 1434 3518 impetuose
1451 3405 1657 3490 ferrentur.
1720 3411 1832 3490 eriam
1855 3435 1912 3492 tot

477 3514 581 3596 inter
601 3511 741 3621 dotes,
757 3511 865 3598 nulla
885 3513 959 3599 alia
972 3516 1184 3602 methodus
1199 3542 1262 3601 tot
1281 3519 1507 3602 exornanda
1520 3518 1704 3626 cautelis,
1721 3525 1814 3604 cbm
1830 3519 1912 3638 plu·

477 3627 576 3710 rima
598 3629 787 3742 importet
802 3627 990 3742 pericula.

537 3738 747 3937 Suidquid
762 3745 869 3824 enim
886 3747 1344 3857 potentercatharticum
1360 3745 1435 3850 est,
1453 3771 1523 3858 pet
1536 3741 1785 3860 amplisfimas
1799 3745 1911 3832 intes·

476 3853 536 3936 tin
577 3880 618 3939 ea
636 3855 718 3939 vias
736 3851 937 3963 delatum,
959 3887 1043 3941 non
1060 3885 1206 3970 organa
1225 3863 1377 3941 tantlnn
1397 3860 1601 3964 concutit,
1622 3888 1705 3941 non
1722 3860 1910 3944 humores

477 3973 630 4052 tantum
660 3966 709 4052 ad
733 3972 1004 4054 excretionem
1032 3963 1262 4083 provocat,
1286 3971 1353 4055 sed
1388 3968 1504 4055 fibras
1537 3975 1655 4055 etiam
1686 3967 1913 4058 vellicando

481 4103 599 4188 atque
630 4081 819 4167 irritando
848 4082 897 4166 ad
921 4086 1273 4168 inflammationem
1301 4083 1499 4197 disponit,
1527 4084 1595 4169 sed
1620 4086 1833 4170 humorem
1860 4091 1911 4170 ita

412 4293 417 4300 Ι
478 4215 622 4274 vacuat
643 4217 687 4276 ut
707 4223 780 4279 cor
808 4227 852 4280 us
873 4193 985 4283 brevi
1007 4195 1131 4312 spatio
1153 4196 1202 4279 ad
1223 4195 1490 4282 macilentiam
1512 4196 1706 4304 deducat,
1730 4205 1773 4282 dt
1790 4200 1912 4308 sitim,

473 4299 533 4382 nc
564 4329 726 4390 notante
801 4312 1035 4424 ippocrate‚
1062 4313 1329 4424 importunam
1359 4311 1507 4396 afferat.
1540 4307 1757 4418 Praeterei,
1786 4337 1833 4395 ut
1862 4317 1915 4398 ait

483 4409 641 4522 Celsus,
658 4421 827 4533 repetito
841 4427 1148 4510 catharticorum
1164 4423 1234 4508 usu
1253 4425 1430 4509 assuescit
1451 4453 1532 4508 non
1552 4421 1604 4506 ali
1623 4450 1695 4508 cor
1722 4457 1782 4510 us.
1797 4425 1915 4511 Unde

479 4527 694 4614 madantur
718 4533 835 4637 vires,
868 4531 1071 4623 labascunt
1094 4537 1340 4646 sunsiiones,
1367 4537 1515 4622 malum
1535 4537 1644 4622 malo
1669 4455 1850 4646 additur,
1873 4547 1916 4624 dt

480 4632 680 4724 debellato
703 4643 798 4756 [πρὸ
821 4648 957 4754 malo,
979 4655 1159 4734 ruunt-ln
1173 4656 1395 4768 perniciem
1418 4650 1619 4768 pessimam
1638 4649 1808 4738 meliora
1826 4653 1917 4768 spe·

480 4773 608 4832 rantes
631 4781 874 4864 egrotantes.

535 4859 671 4949 Facile
699 4867 752 4950 est
781 4869 890 4954 iudd-
907 4857 1152 4959 concluder'e
1186 4860 1269 4960 non
1303 4905 1396 4960 cum
1427 4875 1669 4967 Helmontio
1702 4859 1920 4990 rejicienda

2055 5575 2069 5838 r
