4228 5898
471 412 1249 522 ''rnrnoovcrro
1548 429 1626 548 ης

548 593 1236 741 aaarcuaus1.

191 871 258 962 De
291 869 505 958 morborum
539 875 604 989 qui
638 876 692 960 ad
713 869 837 962 cutem
873 883 997 986 ocuti¹
1012 877 1241 992 judicantur
1273 881 1466 968 curatione
1497 913 1636 998 pauco

696 1085 699 1092 .
772 1015 973 1130 prpefmur.

249 1257 364 1341 Inter
401 1253 471 1340 illa
516 1260 730 1370 vitiaque
768 1257 863 1342 diam
894 1257 1069 1371 liquores
1105 1264 1128 1341 a
1164 1285 1321 1344 veneno
1360 1259 1493 1372 aliquo
1525 1265 1627 1354 intbs

191 1369 379 1486 suscepto
412 1398 481 1483 per
501 1370 651 1455 foedam
676 1375 777 1456 cutis
797 1365 987 1458 ¹illuviem
1010 1371 1179 1456 liberant
1201 1377 1383 1486 &puros
1409 1376 1587 1462 efficiunt
1607 1393 1637 1474 ,'

192 1483 349 1568 summa
370 1483 613 1591 intercedit,
642 1488 726 1569 tiam
744 1483 796 1568 ad
815 1479 1074 1600 periculum}
1092 1490 1176 1568 tum
1197 1485 1248 1568 ad
1269 1485 1431 1569 curandi
1455 1489 1626 1572 formam

194 1595 415 1680 differentia
428 1618 546 1706 atque
559 1595 827 1712 discrepantia.
837 1596 917 1682 Vel
927 1593 1212 1708 enimmorbos
1229 1598 1452 1682 accendunt
1462 1597 1628 1684 lethales

195 1711 236 1790 in
271 1705 414 1816 quibus
446 1707 705 1794 abundantior
731 1711 893 1794 materia
919 1712 1042 1825 ipsam
1074 1709 1372 1824 depurationem
1405 1710 1539 1794 srustri
1566 1715 1630 1795 in-

197 1823 348 1926 choat,
378 1846 418 1903 at
446 1824 631 1937 oppressas
658 1820 806 1908 viribus
836 1821 1027 1938 perficere
1064 1853 1146 1906 non
1176 1825 1301 1935 potest
1324 1822 1424 1908 z'vel
1447 1822 1555 1909 leves
1586 1827 1630 1910 in

198 1929 339 2044 quibus
380 1931 551 2048 benigne
587 1961 722 2021 namra
762 1964 863 2050 opus
904 1933 974 2019 srbi
1014 1935 1258 2050 proposrtum
1297 1939 1485 2049 peragit,
1529 1934 1634 2022 nihil

197 2049 334 2130 nosstae
365 2049 453 2160 opis
483 2048 645 2160 indiga,
675 2075 757 2132 arte
784 2057 826 2132 δι
852 2051 1080 2133 mirante&
1107 2046 1350 2162 plaudente:
1381 2045 1447 2132 vel
1470 2047 1630 2133 dembm

199 2159 298 2244 alios
320 2161 484 2276 ancipiti
507 2187 631 2245 marte
656 2159 917 2246 debellandos
937 2161 1139 2266 extundit,
1165 2161 1207 2240 ln
1238 2158 1378 2270 quibus
1403 2164 1631 2246 vehementi

200 2299 343 2357 natura
364 2297 482 2382 atque
502 2271 633 2361 morbi
659 2273 916 2360 dimicatione
935 2301 997 2360 res
1019 2271 1263 2378 absolvitur,
1290 2302 1429 2384 arsque
1451 2277 1631 2358 certami-

202 2389 259 2470 nis
289 2383 533 2498 speetatrix,
567 2411 761 2500 precepta
791 2383 861 2470 illa
888 2384 1128 2472 immortalia
1158 2382 1207 2468 ab
1236 2385 1484 2502 Hippocrate
1513 2413 1632 2496 atque

202 2499 368 2604 antiquis
405 2498 529 2611 posita
561 2508 604 2581 dt
641 2501 848 2585 constituta
874 2501 929 2584 ita
964 2497 1163 2609 sequitur,
1197 2525 1242 2580 ut
1274 2529 1379 2582 nunc
1409 2526 1632 2584 morantem

204 2613 256 2694 im
285 2606 380 2692 ellat
412 2634 616 2716 naturam,
650 2639 758 2695 nunc
777 2611 930 2696 contri
952 2615 1192 2727 praecipitem
1214 2635 1324 2722 regat
1336 2672 1351 2715 ,
1376 2609 1512 2724 ,saepilas
1533 2614 1632 2696 verb

203 2727 242 2808 in
257 2641 370 2807 bene
394 2729 437 2807 dt
461 2721 510 2806 ad
533 2751 714 2806 normam
749 2749 893 2808 naturae
924 2727 1103 2810 formatis
1132 2719 1366 2833 corporibus
1405 2720 1634 2836 prepollet&

203 2833 409 2922 sedulitate
445 2833 545 2926 nihil
571 2839 793 2946 immutet,
836 2838 906 2924 sed
938 2840 1035 2922 smat
1069 2861 1130 2920 res
1160 2831 1209 2918 ad
1237 2835 1452 2917 institutum
1486 2861 1632 2944 natura¹

203 2952 411 3062 componi.
1630 2999 1635 3008 -

280 3063 328 3144 ln
358 3065 419 3146 his
454 3060 637 3146 omnibus
666 3061 817 3148 morbis
848 3062 943 3149 verb
983 3061 1131 3146 criticis
1176 3087 1268 3142 non·
1293 3059 1448 3172 eruptio
1479 3061 1634 3143 tantum

204 3175 411 3290 spedanda
431 3179 511 3286 est,
541 3175 609 3259 sed
635 3180 768 3262 coslio
792 3174 938 3290 duplex
959 3177 1002 3259 in
1026 3177 1136 3258 hisce
1159 3169 1391 3276 affectibus,
1417 3171 1446 3255 st
1471 3167 1634 3276 alicujus

101 3351 107 3364 .
205 3317 275 3403 per
304 3289 345 3372 se
374 3291 567 3371 momenti
588 3289 766 3396 suerint,
793 3315 977 3374 curaturo
1005 3286 1206 3402 duplicem
1231 3283 1519 3392 indicationum
1540 3283 1635 3368 son-

203 3427 287 3486 tem
316 3405 469 3515 aperit,
494 3400 750 3516 complexum
779 3401 876 3516 sape
903 3409 945 3486 dt
973 3396 1216 3486 variabilem.
1319 3487 1323 3498 ,
1624 3413 1631 3439 “

204 3545 210 3554 ·
260 3513 395 3599 Prima
430 3516 537 3596 enim
576 3519 711 3598 codic
743 3523 785 3598 bc
818 3514 924 3624 quast
961 3513 1171 3596 maturatio
1202 3511 1252 3592 sit
1285 3507 1489 3612 invasis,
1525 3502 1636 3590 febre
1706 3573 1708 3580 .

234 3625 378 3734 ravis,
418 3653 493 3710 nec
521 3627 589 3708 nist
613 3623 691 3732 jam
720 3628 936 3744 praeparatis
965 3651 1084 3734 atque
1112 3622 1315 3706 maturatis
1357 3621 1498 3702 atomis
1529 3645 1637 3700 mor-

205 3657 338 3823 bificis
348 3801 365 3844 ,
389 3735 465 3820 illae
481 3739 640 3822 demitm
661 3740 711 3823 ad
723 3745 848 3824 cutim
872 3739 1094 3851 erumpunt.
1109 3732 1172 3818 Ibi
1186 3732 1367 3847 deposttae
1384 3729 1490 3816 novi
1507 3728 1639 3811 adhuc

205 3852 389 3965 indigent
423 3853 609 3934 coitione
638 3849 715 3961 qud
743 3849 946 3936 deleantur
971 3853 1128 3964 prorsbs
1154 3880 1164 3930 t
1195 3875 1279 3958 quc
1311 3869 1476 3953 utraque
1496 3843 1638 3964 Ιοοξὶίο

209 3995 295 4074 non
326 3965 407 4047 stne
433 3961 657 4054 discrimine
685 3967 742 4048 lit.
779 3965 829 4047 In
856 3965 1016 4079 priore,
1049 3957 1146 4074 sape
1173 3959 1317 4042 veneni
1343 3955 1515 4038 enormis
1539 3951 1639 4034 mul-

209 4075 407 4192 tiplicatio
432 4101 573 4159 naturae
598 4080 680 4160 vim
706 4073 832 4160 eludit
856 4085 897 4159 δι
918 4076 1094 4192 superat,
1120 4072 1356 4186 perimitque
1383 4091 1640 4179 egrotantem

211 4186 465 4275 indomabilis
491 4187 622 4272 morbi
646 4190 821 4289 serocia3
848 4189 926 4272 live
945 4213 992 4272 ea
1014 4181 1129 4291 hujus
1154 4181 1335 4265 efficacia
1357 4176 1404 4260 ab
1429 4179 1543 4294 ipsrbs
1568 4180 1639 4282 vi,

212 4303 290 4388 srve
328 4301 352 4386 *a
388 4299 764 4386 naturadebilitate
797 4299 1009 4416 pendeat:
1043 4321 1140 4378 tunc
1178 4288 1292 4375 nullo
1325 4291 1497 4397 ordine,
1533 4288 1642 4373 nulli

205 4413 354 4500 normi
380 4416 425 4498 sit
457 4417 642 4528 eruptio,
670 4416 737 4496 vix
763 4415 941 4506 constans
967 4401 1251 4520 stragulatis,
1282 4431 1388 4486 nunc
1418 4404 1554 4514 capitis
1582 4406 1644 4484 in-

215 4528 363 4613 cessens
397 4529 606 4630 interiora,
636 4551 741 4608 nunc
763 4525 932 4638 pebloris
954 4547 1089 4604 arcem
1113 4523 1328 4634 occupans.
1358 4515 1404 4596 In
1432 4517 1644 4628 posteriore

215 4645 370 4756 eruptio
392 4635 555 4748 quidem
577 4640 677 4722 saeta
700 4635 882 4722 feliciora
899 4632 1095 4748 spondet,
1115 4631 1183 4719 sed
1204 4635 1232 4714 li
1258 4630 1419 4714 materia
1442 4627 1491 4712 ad
1511 4653 1646 4712 cutem

216 4783 237 4836 a
266 4753 375 4867 pulsa
390 4777 544 4864 torpeat
570 4751 649 4858 ibi,
677 4779 753 4836 nec
774 4752 1002 4838 codionem
1018 4776 1165 4830 novam
1187 4741 1349 4847 subeat,
1382 4741 1647 4851 corrumpitur

217 4783 284 4955 ila
293 4931 309 4982 ,
327 4868 588 4982 depravatur,
611 4891 686 4952 nec
708 4861 787 4978 jam
804 4859 952 4984 expelli
967 4887 1138 4978 compos
1150 4857 1278 4944 refluit
1288 4857 1331 4938 in
1329 4853 1492 5052 lpiscem
1501 4914 1516 4962 ,
1538 4846 1649 4939 tabe,

1389 4993 1414 5071 ¹l
