4226 5916
488 448 575 538 440
938 421 1044 510 na
1108 380 1566 509 nonnrs'

551 590 701 676 Verism
721 588 814 673 ante
837 590 974 672 omnia
996 589 1037 671 id
1057 587 1363 698 inquirendum,
1399 619 1449 671 an
1473 613 1555 671 arte
1581 583 1737 670 medici
1760 615 1861 702 opus
1888 585 1936 672 sit

497 703 711 792 infantibus
735 733 836 815 quos
860 726 1006 786 vexant
1028 703 1222 785 achotes?
1242 733 1292 784 an
1308 729 1438 786 totum
1460 731 1559 816 opus
1581 726 1722 784 natura
1743 705 1934 786 commit·

498 819 663 904 tendum
686 819 757 899 stt?
773 813 910 900 Facile
931 815 1092 924 quidem
1111 815 1351 929 responsum.
1371 817 1477 898 Nam
1494 819 1586 898 ciam
1606 815 1799 898 achorum
1818 841 1931 930 erup-

499 938 559 1018 tio
589 960 639 1016 ex
669 955 811 1012 naturae
844 926 983 1010 ordine
1010 930 1102 1036 fiat,
1137 927 1453 1042 superfluumque
1483 930 1613 1043 potiris
1644 925 1763 1038 quina
1794 926 1931 1012 hostile

500 1073 697 1132 venenum
723 1039 770 1123 ab
798 1044 844 1124 iis
870 1068 1093 1148 vacuetur,
1123 1040 1231 1125 certe
1264 1040 1491 1156 periculosae
1519 1038 1681 1156 plenum
1712 1069 1812 1154 opus
1843 1037 1933 1123 aleae

500 1160 627 1262 foret,
649 1164 690 1240 ὃ(
703 1155 921 1238 necessariae
937 1153 1185 1268 depurationi
1202 1153 1401 1260 obsistere,
1421 1162 1463 1238 bt
1476 1157 1625 1238 acrium
1639 1156 1808 1268 partium
1822 1181 1934 1268 erup-

501 1276 656 1354 tionem
676 1269 728 1350 ita
751 1294 884 1352 vetare
895 1331 908 1373 ,
934 1294 981 1350 ut
1005 1271 1148 1352 refluus
1171 1271 1337 1373 humor,
1355 1267 1422 1352 vel
1441 1272 1483 1351 in
1498 1293 1615 1382 caput
1629 1265 1933 1373 convulsiones,

501 1381 568 1468 vel
591 1385 632 1463 in
658 1383 863 1464 thorac'em
886 1380 1195 1486 suffocationes,
1222 1378 1289 1466 vel
1307 1383 1466 1466 demum
1490 1386 1531 1464 in
1555 1379 1755 1464 abdomen
1774 1380 1932 1463 indura-

501 1499 634 1580 tiones
650 1519 768 1603 atque
784 1493 981 1607 hydropes
996 1495 1149 1577 inferat.
1172 1495 1225 1576 Et
1242 1494 1349 1578 certia
1371 1499 1604 1610 praecipitata
1622 1497 1764 1606 quavis
1780 1496 1932 1578 curatio

502 1607 570 1696 vel
593 1605 849 1691 vacuantibus
874 1605 1112 1690 irritantibus
1139 1633 1312 1712 tentata,
1337 1606 1402 1690 vel
1424 1611 1633 1721 unguentis
1657 1607 1932 1722 suppuratoriis

388 1747 391 1753 ·
504 1729 548 1805 &
564 1718 800 1804 irritantibus
813 1717 1054 1827 accelerata,
1071 1751 1154 1804 non
1166 1722 1244 1804 srne
1258 1720 1391 1830 aliquo
1406 1720 1627 1804 discrimine
1642 1723 1782 1804 temari
1825 1724 1933 1806 otest.

505 1837 752 1924 Attrahentia
772 1837 870 1934 verb
892 1834 1028 1947 topice
1049 1833 1229 1940 admota,
1252 1834 1346 1916 dum
1361 1835 1714 1918 inflammationem
1724 1751 1825 1948 parii
1839 1833 1934 1918 infe-

505 1973 619 2053 runt,
648 1946 888 2030 conturbant
917 1971 1060 2029 naturae
1089 1946 1283 2030 ordinem.
1310 1945 1498 2031 Praeterea
1516 1949 1614 2031 verb
1638 1946 1827 2030 servanda
1851 1945 1933 2030 sunt

504 2063 698 2147 trahentia
723 2057 812 2164 illa,
840 2089 861 2142 a
890 2057 1084 2169 tandaque
1112 2059 1337 2143 infelicibus
1364 2056 1442 2142 illis
1465 2058 1613 2144 cafibus
1636 2064 1678 2143 in
1702 2057 1846 2170 quibus
1865 2057 1933 2144 ali-

505 2173 664 2286 quando
685 2200 820 2256 natura
839 2091 1057 2284 elanguerit
1068 2234 1083 2278 ,
1109 2180 1150 2256 ὅ(
1164 2203 1232 2287 per
1250 2173 1508 2257 infortunium
1525 2170 1633 2257 nulli
1645 2171 1932 2289 previdendum

505 2286 711 2400 prudentii
728 2289 847 2370 trasla
866 2289 967 2369 intus
985 2287 1104 2370 fuerit
1118 2284 1303 2370 morbosa
1317 2284 1423 2393 lues,
1444 2293 1535 2376 cirm
1548 2285 1701 2369 nullum
1714 2290 1756 2368 iu
1770 2284 1932 2371 sinendis

505 2405 581 2486 illis
605 2397 804 2484 ulceribus
824 2395 940 2483 subsit
962 2397 1195 2514 periculum.
1220 2399 1490 2484 Veruntamen
1510 2429 1594 2482 non
1615 2399 1795 2513 neganda
1813 2402 1853 2482 in
1870 2429 1933 2484 cu·

506 2515 637 2598 randis
654 2513 761 2596 hisce
779 2508 1007 2618 ulceribus,
1027 2539 1094 2596 aut
1117 2508 1328 2618 rejicienda
1349 2516 1440 2596 artis
1462 2511 1653 2596 efficacia.
1685 2513 1766 2597 Sed
1781 2511 1933 2596 duobus

506 2628 715 2743 prasertim
737 2625 1003 2710 remediorum
1025 2624 1234 2740 generibus
1250 2623 1368 2709 facile
1390 2625 1497 2709 hisce
1521 2623 1633 2710 malis
1658 2623 1907 2710 succurritur.

563 2739 699 2824 Primo
723 2743 830 2824 enim
856 2736 1034 2823 tollenda
1054 2739 1144 2823 ante
1170 2743 1304 2822 omnia
1330 2741 1371 2820 in
1401 2735 1549 2845 luvies,
1574 2737 1762 2849 quaesere
1786 2737 1935 2852 semper

507 2883 581 2968 pro
613 2849 738 2967 primi
764 2861 807 2935 dt
832 2851 1026 2968 praecipui
1052 2855 1245 2937 achorum
1275 2882 1390 2936 carisa
1415 2849 1499 2959 jure
1525 2850 1701 2936 habetur.
1738 2851 1801 2940 Est
1828 2853 1933 2934 enim

506 2970 632 3050 achor
648 2964 796 3049 malum
811 2964 987 3079 pendens
1004 2965 1025 3048 ὲ
1043 2963 1234 3080 superflui
1252 2963 1422 3081 lympha
1442 2963 1579 3080 copisa,
1599 2962 1720 3049 crudi
1734 2961 1801 3047 illst
1819 2989 1933 3076 atque

506 3077 719 3193 indigesti,
745 3077 950 3190 adeoque,
977 3080 1004 3161 fi
1031 3079 1169 3163 severo
1199 3079 1428 3165 addicantur
1453 3080 1639 3192 regimini
1661 3077 1863 3185 infantes,
1895 3086 1934 3162 bt

506 3191 677 3276 multirm
692 3194 750 3276 de·
763 3193 976 3306 copiosiori
992 3218 1111 3302 quem
1126 3190 1250 3306 vulgo
1267 3191 1464 3307 postulant
1477 3191 1570 3277 cibo
1586 3191 1810 3276 detrahatur
1817 3253 1832 3298 ,
1854 3192 1934 3307 spes

507 3307 562 3390 est
592 3304 680 3388 fore
713 3332 760 3390 ut
789 3303 1008 3390 minoribus
1042 3301 1225 3390 laborent
1250 3303 1474 3390 achoribus.
1510 3303 1703 3397 Etsacile
1726 3307 1770 3388 in
1799 3333 1935 3390 eorum

507 3419 740 3504 sententiam
765 3421 905 3502 iverim
930 3421 998 3529 qui
1025 3418 1191 3503 credunt
1212 3419 1399 3502 sarinosas
1422 3416 1550 3534 pultes
1577 3417 1777 3530 crudaque
1805 3423 1935 3502 omnia

506 3531 669 3646 largiori
695 3531 815 3664 copis
843 3530 1018 3617 exhibita
1044 3535 1138 3616 huic
1169 3530 1277 3640 malo
1303 3530 1508 3617 inserendo
1538 3559 1625 3646 apta
1651 3529 1714 3614 ob.
1731 3533 1935 3618 crassitiem

509 3645 599 3730 esse.
621 3645 738 3728 Unde
755 3643 968 3732 infantibus
982 3649 1023 3728 in
1040 3644 1162 3731 hosce
1178 3645 1336 3731 affeslus
1378 3643 1680 3761 ropensrscibos
1694 3647 1937 3758 euchymos,

508 3756 612 3842 bene
626 3755 878 3842 fermentatos
890 3757 1136 3874 parcdcopii
1155 3763 1282 3874 ingeri
1298 3675 1446 3864 veiim,
1466 3767 1509 3843 bt
1522 3788 1614 3843 cum
1636 3755 1702 3841 Cl.
1723 3757 1866 3844 Hatris
1880 3763 1938 3864 (a)

507 3870 694 3960 senserim
715 3868 891 3980 liquores
919 3899 1058 3955 omnes
1081 3873 1366 3981 fermentatos,
1391 3875 1528 3956 vinum
1539 3935 1554 3979 ,
1579 3872 1808 3956 cerevisiam
1818 3933 1834 3980 ‚
1861 3881 1940 3958 otc.

507 3983 587 4066 elle
605 3985 652 4066 iis
674 3980 966 4082 interdicenda,
983 3985 1128 4096 quippe
1142 4009 1246 4095 qua,
1265 3981 1527 4070 srvalentiora
1548 3986 1620 4068 sint
1627 4048 1641 4090 ,
1664 3989 1875 4070 humorem
1891 3981 1940 4070 ad

510 4121 628 4206 caput
644 4094 925 4202 detemrinent,
943 4094 970 4177 sr
985 4094 1097 4209 oligo
1125 4100 1225 4181 hora
1234 4161 1248 4204 ,
1263 4093 1444 4183 acescant
1460 4095 1661 4182 facillime.
1685 4097 1823 4182 Posteri
1841 4101 1941 4184 verb

509 4207 605 4316 quid
622 4235 730 4291 vetat
748 4207 1039 4293 absorbentium
1060 4128 1170 4294 usiam
1196 4209 1408 4310 adhibere3
1431 4216 1524 4295 ciam
1553 4211 1659 4296 certb
1686 4219 1729 4296 ὁ(
1752 4210 1875 4296 acidis
1900 4215 1943 4296 in

508 4315 635 4512 primi
656 4325 884 4406 coslionum
900 4321 1083 4430 officinis,
1102 4321 1171 4408 ubi
1193 4327 1363 4408 maxima
1385 4325 1438 4408 est
1457 4351 1599 4408 eorum
1618 4329 1763 4442 copia,
1788 4334 1832 4409 bt
1850 4325 1944 4410 inde

440 4452 453 4482 ⁸
527 4433 680 4624 ymphae
714 4435 978 4544 misceantur,
1014 4463 1055 4522 at
1081 4464 1133 4523 ue
1165 4435 1328 4546 alvum,
1367 4435 1567 4523 selenitical
1597 4437 1733 4524 natura
1770 4437 1944 4555 adepti,

510 4541 582 4626 sub
613 4571 730 4627 ucant
757 4551 903 4633 :inter
933 4554 1016 4634 haec
1045 4467 1294 4636 absorbentia
1319 4555 1468 4636 eminet
1495 4552 1535 4636 vi
1565 4548 1722 4638 laxante
1751 4547 1845 4636 alba
1875 4549 1945 4636 illa

509 4655 731 4847 mapncsra,
753 4657 870 4744 salina
895 4663 1007 4747 simul
1035 4672 1077 4748 &
1101 4663 1326 4752 absorbens.

601 4770 753 4963 eptepiei
779 4775 876 4855 vero
903 4774 1033 4863 calces
1058 4777 1311 4866 metallorum
1333 4775 1464 4892 jovis,
1485 4778 1585 4866 stibii
1597 4840 1613 4892 ,
1641 4807 1725 4892 quae
1754 4781 1948 4866 virtutem

548 4901 606 4973 (a)
657 4941 667 4961 .
721 4903 804 4974 arria,
823 4903 877 4966 loc.
897 4910 945 4970 cit.

1629 4997 1949 5116 diaphoreticam
