4730 5892
526 391 700 488 aa
1070 377 1178 464 Da
1237 375 1614 468 mounts-

619 538 801 656 agnoscit
826 540 927 626 adeb
955 539 1168 649 ferocem,
1203 571 1278 627 nec
1304 541 1565 656 glutinosam,
1598 559 1667 620 aut
1694 537 1894 624 mucidam
1919 539 2050 644 adebt

619 657 704 740 irnb
727 663 769 738 bt
786 657 878 737 ciam
895 654 1252 770 maximeperfefla
1272 655 1318 738 stt
1338 655 1586 768 suppuratio,
1605 678 1687 732 non
1707 649 1808 734 adeb
1829 653 2051 762 frequentet

620 768 813 852 recidivas
844 771 1041 874 minatur,
1068 799 1144 854 nec
1173 772 1414 868 revertitur;
1443 795 1535 848 nam
1562 762 1849 958 supppurationis
1875 767 2050 879 perfeetae

619 879 821 966 beneficio
856 880 1049 991 quidquid
1083 886 1264 976 vitiatum
1299 881 1374 964 fint
1402 878 1569 964 tollitur.
1645 875 1800 962 raeteredt
1837 907 1913 962 nec
1949 881 2047 965 adeo

621 1021 756 1078 cutem
782 993 1064 1107 supereminet,
1097 1023 1172 1078 nec
1201 995 1301 1078 adeo
1326 998 1366 1076 in
1385 995 1560 1078 vicinum
1585 989 1739 1102 adipem
1766 991 1805 1075 se
1875 995 2046 1102 offudit,

617 1115 663 1192 dt
686 1106 796 1216 quod
824 1105 1036 1216 ahquando
1064 1105 1152 1221 plus
1177 1105 1295 1216 quim
1323 1133 1389 1190 aut
1417 1100 1688 1218 phygethlon,
1720 1130 1787 1188 aut
1862 1105 2047 1191 mucidus

619 1219 877 1329 extendatur,
904 1220 946 1302 id
962 1221 1109 1332 pendet
1124 1219 1317 1335 precipue
1338 1218 1360 1302 ὲ
1377 1217 1512 1300 naturai
1528 1213 1829 1330 erysipelatosi,
1853 1217 1930 1328 qui
1947 1224 2046 1306 cutia

616 1334 868 1446 superficiem
890 1331 978 1447 plus
1003 1330 1121 1443 quint
1141 1360 1295 1416 textum
1319 1327 1571 1436 cellularent,
1602 1355 1668 1412 aut
1686 1327 1824 1412 saltem
1850 1330 2046 1442 aqualiter

615 1473 803 1560 occupat.

671 1561 764 1642 Nec
792 1556 959 1669 quilibet
980 1585 1148 1646 attentus
1174 1556 1402 1642 observator
1428 1556 1565 1642 credet
1589 1553 1763 1666 unqudm
1785 1558 2045 1646 dihinflionet

614 1678 688 1765 has
703 1699 748 1756 ut
764 1675 955 1786 precarias
976 1674 1129 1758 admitti
1143 1677 1210 1758 vix
1227 1671 1383 1756 debete.
1409 1671 1546 1754 Insunt
1564 1673 1671 1753 enim
1687 1673 1728 1751 in
1748 1699 1878 1754 retunt
1898 1672 2043 1760 natum.

612 1787 776 1876 Itanon
805 1788 893 1868 rarb
923 1789 1122 1892 occurrit,
1151 1784 1249 1870 licet
1276 1789 1404 1868 minus
1434 1782 1684 1868 observatum
1714 1783 1760 1866 stt
1785 1785 2043 1898 phygethlon.

612 1897 694 1984 Ubi
721 1925 854 1982 tamen
884 1897 1006 1981 semel
1040 1898 1159 1982 alicui
1187 1897 1316 1983 instdit
1343 1900 1453 2003 cuti,
1484 1902 1575 1980 clam
1604 1892 1723 1978 facile
1753 1903 1795 1980 bt
1823 1897 2044 2008 frequentet

611 2037 849 2117 revertatur,
873 2008 982 2094 brevi
1001 2011 1235 2094 methodum
1251 2011 1578 2122 preservatoriam
1592 2037 1642 2092 ex
1670 2033 1783 2092 erunt
1800 2039 2040 2123 aegrotantes.

610 2125 766 2235 Phyma
794 2123 954 2234 quidem
983 2124 1099 2235 quod.
1121 2124 1222 2208 adeo
1249 2125 1474 2234 frequenter
1498 2153 1580 2206 non
1603 2039 1825 2206 advertatur
1849 2125 1963 2208 causa
1989 2129 2038 2210 etr
2098 2181 2102 2198 ·

613 2237 722 2346 quod
739 2267 831 2322 cum
845 2235 1058 2320 furunculo
1074 2235 1339 2321 confundatur
1355 2271 1366 2336 ;
1387 2237 1467 2318 atst
1484 2235 1705 2347 Chirurgos
1723 2260 1840 2346 atque
1854 2237 2038 2322 Medicoa

607 2351 861 2464 interroges,
889 2375 990 2458 quot
1013 2349 1168 2440 vicibus
1195 2379 1280 2434 non
1309 2352 1447 2434 exierit
1472 2348 1495 2432 ὲ
1524 2345 1737 2432 furunculo
1769 2349 1887 2432 malfa
1916 2349 2039 2436 albida

610 2493 731 2573 quarn
744 2460 1006 2547 ventriculum
1020 2461 1180 2568 Celsus,
1196 2461 1307 2546 Galli
1322 2461 1547 2546 Bourbt'slon
1558 2485 1727 2567 vocant,
1742 2459 1782 2544 id
1796 2461 1898 2576 saepe
1912 2463 2041 2577 sapida

608 2575 780 2662 evenisse
803 2575 872 2660 res
892 2573 1097 2660 ondebunt
1120 2604 1271 2660 omnes.
1298 2575 1409 2660 Hinc
1428 2579 1573 2689 phyma
1590 2572 1721 2656 differt
1735 2570 1758 2656 a
1772 2573 1999 2662 furunculo.

664 2687 700 2772 F
701 2607 917 2774 uruncusita
937 2691 1041 2772 enim
1063 2687 1168 2781 cited
1188 2719 1305 2772 unam
1326 2685 1476 2772 molem
1497 2686 1657 2772 crudam
1674 2713 1792 2796 atque
1813 2689 2041 2801 indigestam

607 2831 681 2917 pus
710 2801 963 2906 accumulat,
993 2801 1125 2916 sapius
1157 2800 1267 2886 extri
1297 2825 1431 2886 cutem
1464 2829 1611 2914 magno
1640 2825 1798 2886 tumore
1828 2827 1959 2908 extat,
1992 2811 2040 2888 bt

606 2911 733 3000 rubeo
760 2941 879 3023 atque
907 2916 1093 2997 flammeo
1123 2912 1265 2998 colore
1297 2915 1455 3027 insignis
1485 2916 1550 2998 est.
1587 2909 1724 2996 Dolor
1751 2916 1792 2996 in
1821 2916 1903 3000 hoc
1930 2916 2038 3000 malo

605 3027 846 3114 acutishmus
861 3029 935 3134 est,
956 3023 1065 3116 brevi
1088 3027 1295 3116 desaeviens
1316 3028 1474 3132 surore,
1499 3057 1591 3109 cum
1614 3054 1695 3109 non
1716 3029 1847 3110 omnia
1864 3029 1981 3114 malfa
1996 3033 2039 3112 in

606 3169 679 3252 pus
690 3138 878 3224 vertenda
890 3140 957 3242 stt,
971 3139 1141 3252 &vulgo
1154 3142 1196 3222 in
1207 3138 1435 3246 furunculo,
1450 3137 1518 3223 ubi
1532 3136 1653 3224 semel
1667 3143 1764 3222 exiit
1773 3141 2015 3228 ventriculus
2021 3205 2037 3250 ,

604 3254 742 3337 omnia
758 3251 950 3338 sedantur.
978 3254 1034 3336 At
1056 3252 1258 3336 fatendum
1276 3257 1327 3336 est
1343 3253 1383 3336 id
1398 3249 1610 3337 furunculo
1627 3259 1668 3336 dt
1684 3253 1907 3366 phygethlo
1923 3285 2041 3342 com-

604 3365 840 3469 muneesfe,
862 3391 907 3448 ut
930 3367 998 3450 uni
1022 3364 1159 3450 sedato
1179 3364 1364 3450 succedat
1390 3365 1507 3471 alter,
1533 3393 1609 3449 nec
1634 3368 1702 3448 nist
1723 3367 1908 3452 exhausti
1933 3373 2044 3454 exci-

603 3503 714 3565 tante
741 3475 856 3562 cause
880 3475 995 3566 liberi
1023 3476 1071 3562 ab
1104 3478 1180 3562 illis
1206 3480 1349 3594 poffint
1374 3478 1468 3576 dici,
1484 3503 1726 3592 aegrotantes.
1753 3479 1904 3564 V-erlnn
1928 3487 2043 3568 enim

603 3590 783 3684 cessante¹
796 3620 900 3694 uno,
927 3613 1051 3704 pauca
1076 3595 1160 3706 post
1181 3591 1385 3678 intervalla
1409 3592 1510 3698 redit
1531 3591 1632 3692 ,alter
1649 3597 1690 3674 in
1715 3590 1789 3678 alit
1809 3621 1920 3708 parte
1941 3597 2046 3710 sepe

601 3702 754 3790 summe
770 3701 919 3800 dilhtd3
942 3701 1114 3809 ejusdem
1128 3706 1264 3788 forma
1277 3715 1318 3791 bt
1334 3733 1503 3806 naturae;
1522 3708 1576 3788 ita
1600 3731 1645 3790 ut
1665 3705 1805 3792 dentur
1824 3709 2046 3796 hominum

601 3815 811 3931 presertim
843 3813 1041 3920 juniorum
1077 3821 1374 3904 constitutiones
1406 3849 1489 3929 quae
1523 3823 1734 3929 quotannis
1764 3847 1858 3904 vere
1893 3829 1938 3906 dt
1964 3853 2045 3908 ttu-

599 3956 782 4035 tutuno,¹
799 3929 865 4014 sed
889 3957 982 4014 vere
1008 3931 1225 4044 precipue,
1253 3934 1446 4016 horumce
1476 3930 1710 4017 morborum
1741 3933 1928 4018 recidivat
1952 3961 2044 4020 tres

600 4067 819 4152 quatuorve
848 4045 1040 4156 patiantur
1053 4105 1067 4148 ,
1095 4043 1186 4126 dein
1209 4044 1344 4128 iisdem
1369 4041 1523 4152 reliquo
1549 4074 1655 4144 anno
1679 4049 1883 4132 immunes.
1911 4045 2044 4134 Unde

598 4183 664 4236 ma
692 4156 724 4240 it
749 4153 874 4237 nostrai
892 4159 1046 4240 interest
1072 4157 1266 4240 horumce
1287 4158 1328 4239 in
1355 4159 1474 4240 causts
1498 4157 1681 4243 eruendis
1704 4157 1890 4244 insudare.

654 4183 827 4356 lividens
849 4269 901 4366 est
922 4267 943 4350 h
961 4268 1239 4384 supputatione
1258 4269 1427 4382 perfecti
1450 4301 1533 4380 qua
1558 4271 1641 4354 hac
1668 4271 1769 4357 mala
1792 4273 2050 4384 comitatur,

596 4379 680 4462 imo
705 4385 746 4460 dt
770 4406 908 4464 eorum
931 4382 1128 4465 essentiam
1149 4384 1371 4487 constituit,
1398 4379 1474 4488 jam
1501 4390 1542 4467 δι
1566 4415 1711 4470 novam
1737 4383 1866 4471 morbi
1895 4387 2051 4474 sedem

596 4491 842 4602 querendam
866 4493 966 4598 elle,
995 4501 1037 4577 δι
1061 4494 1206 4578 nobam
1215 4499 1426 4692 peccantis
1447 4499 1623 4584 humoris
1641 4497 1832 4590 indolem.
1858 4499 2055 4590 Scilicet

594 4633 684 4716 pars
704 4605 865 4688 mucosa
887 4605 1081 4718 sanguinis
1103 4611 1144 4690 in
1166 4637 1213 4692 ce
1246 4608 1320 4694 ulis
1340 4613 1422 4694 cuti
1444 4608 1643 4716 subjefhs,
1665 4637 1733 4696 aut
1749 4637 1880 4698 cutem
1906 4617 2069 4728 ipsam·
2193 4709 2194 4736 ,

592 4715 878 4820 efficientibus,
893 4720 1025 4804 stslitur
1045 4727 1086 4803 dt
1104 4719 1405 4832 agglomeratur.
1420 4721 1638 4829 Fluxione‚
1657 4753 1701 4810 ut
1718 4753 1810 4810 cum
1826 4729 2057 4820 veteribus

589 4827 730 4945 loquar
741 4889 757 4939 ,
784 4827 908 4918 subiti
931 4833 1273 4928 vehementissima.
1288 4835 1458 4924 nascitur
1477 4837 1762 4951 inflanunatio,
1791 4863 1926 4952 eaque
1953 4847 2058 4934 ciro
