4292 5904
682 437 1174 534 CUTANEIS.
1568 445 1659 542 '621³

216 607 480 716 constituunt,
497 605 618 722 quint
632 607 843 716 acerbum,
861 633 928 696 aut
938 605 1218 718 metuendum,
1233 606 1392 725 possunt
1405 627 1540 696 tamen
1561 641 1658 698 ocu·

217 726 350 812 lorum
375 719 503 837 globo
531 749 650 834 atque
674 724 815 808 vistoni
838 722 970 808 labem
996 721 1142 808 inferre
1155 784 1169 829 ,
1200 727 1293 807 clun
1321 721 1418 838 saepd
1444 721 1492 808 ab
1520 749 1657 810 earum

216 839 387 972 pessimis
410 833 615 950 speciebus
637 838 736 920 acris
759 839 905 920 humor
923 835 1101 922 destillet.
1128 833 1317 932 Percellit
1333 835 1500 922 vividius
1520 834 1541 921 a
1561 838 1657 954 pilis

216 950 297 1036 allis
320 979 403 1034 non
425 947 591 1034 fractum
616 945 748 1057 jubar,
774 950 933 1035 demum
957 948 981 1034 a
1002 951 1192 1034 madarosr
1213 949 1360 1066 pendet
1384 947 1605 1065 symptoma
1630 951 1659 1040 d

217 1061 416 1152 veteribus
442 1060 511 1146 sub
540 1064 704 1148 nomine
731 1059 1034 1176 corybantiasmi
1061 1063 1316 1177 designatum.
1347 1061 1492 1147 Oculis
1518 1091 1658 1198 paten-

219 1175 324 1267 tibus
335 1238 349 1281 ,
370 1178 499 1284 inquit
512 1174 668 1264 'Plinius
688 1183 773 1281 (a),
796 1176 1000 1262 dormiunt
1017 1174 1195 1292 lepores,
1214 1175 1407 1287 multique
1422 1178 1658 1288 homanum,-

222 1289 333 1400 quod
355 1283 565 1396 upsalia
589 1289 721 1372 Graeci
742 1290 891 1375 dicunt.
919 1292 1150 1376 Connivent
1171 1288 1329 1398 oculis,
1352 1289 1546 1374 &album
1565 1319 1658 1376 ocus

176 1428 182 1446 ³
221 1401 355 1498 lorum
375 1403 607 1508 ostendunt,
633 1403 742 1513 quod
763 1433 836 1519 pro
858 1405 1022 1519 pelsrmo
1045 1406 1157 1519 figno
1174 1405 1215 1486 in
1232 1403 1381 1488 morbis
1396 1407 1520 1487 acutis
1538 1400 1662 1490 habet

222 1514 512 1629 Hippocrates,
536 1515 742 1627 additque,
758 1519 827 1600 nist
844 1521 899 1602 ita
921 1517 1094 1602 dormire
1111 1517 1396 1602 consueverint
1416 1515 1531 1600 Unde
1547 1545 1662 1629 cory-

225 1624 463 1715 bantiasmus
493 1627 611 1713 Plinii
643 1630 762 1717 idem.
786 1633 839 1714 est
877 1623 994 1740 atque
1031 1629 1124 1744 lago
1152 1628 1336 1715 htalmus.
1376 1628 1497 1714 Certe
1528 1628 1660 1712 somni

223 1739 316 1824 indi
336 1740 560 1849 turbantur,
585 1739 693 1828 leves
715 1741 832 1843 sunt,
849 1773 994 1858 corpus
1016 1661 1271 1827 macilentum
1295 1745 1342 1826 fir
1354 1807 1369 1849 ,
1392 1741 1545 1852 aliaque
1593 1739 1661 1826 lu*

224 1855 323 1956 rima
338 1851 441 1938 mala
457 1853 722 1940 accersunmrt
740 1857 832 1940 Nec
851 1859 1004 1938 minora
1023 1854 1275 1968 vigilantibus
1295 1854 1398 1940 mala
1416 1773 1663 1970 impendent.

225 1961 293 2052 Ad
312 1964 437 2050 solem
459 1972 565 2051 enim
590 1972 765 2052 niblitare
793 1995 1021 2083 coguntur,
1052 1976 1093 2051 dt
1119 1969 1249 2052 radios
1272 1967 1431 2052 luminis
1455 1969 1664 2054 vividioris

224 2077 390 2190 sugere,
421 2079 526 2164 unde
556 2109 633 2166 nec
664 2079 857 2164 librorum
887 2079 1078 2185 lectioni,
1106 2108 1181 2164 nec
1212 2080 1287 2163 scri
1315 2083 1487 2164 titationi
1520 2105 1665 2166 vacare

226 2189 402 2303 possunt,
421 2189 662 2302 morbosque
678 2191 890 2276 oculorum
906 2196 984 2306 pati
1000 2221 1210 2304 coguntur.
1227 2109 1315 2276 Sed
1320 2193 1487 2306 pruritus
1499 2195 1638 2307 ingens
1644 2253 1664 2300 ,

136 2405 140 2412 Ι
225 2301 453 2411 scabiesque
499 2301 744 2418 alpebrarum
767 2304 895 2416 ptilofi
916 2303 1115 2415 jungitur,
1136 2305 1221 2386 nno
1237 2306 1277 2384 in
1299 2303 1526 2415 gravissimis
1543 2304 1667 2417 ptilo-

185 2511 191 2521 p
227 2414 317 2498 seos
337 2414 360 2494 s
381 2335 540 2500 ettalus
557 2415 692 2497 ulcera
711 2439 978 2518 concurrunt,
1006 2441 1171 2498 cutanea
1196 2414 1385 2525 quidem,
1409 2413 1476 2500 sed
1496 2415 1667 2500 difficile

228 2443 446 2610 admodum
466 2524 690 2632 curabilis,
710 2528 800 2636 quia
826 2525 969 2609 fundus
999 2527 1101 2610 deest
1122 2526 1218 2610 vasis
1242 2524 1481 2640 opulentus,
1506 2527 1665 2612 cartila-

229 2640 345 2754 ginea
368 2637 560 2724 tarsorum
588 2639 876 2754 suppositorum
895 2663 1030 2722 natura
1056 2642 1233 2724 cicatrici
1256 2639 1404 2744 officit,
1432 2642 1515 2723 imb
1542 2645 1664 2726 etiam

229 2778 319 2840 eam
343 2752 538 2866 impedit:
566 2753 805 2864 quinetiam,
829 2751 1076 2865 fiyeteribus
1105 2752 1202 2836 fides
1224 2751 1466 2858 adhibenda,
1487 2753 1667 2866 pediculi.

230 2889 351 2972 atque
365 2863 574 2950 vermiculi
590 2863 800 2948 nascuntur
816 2865 858 2946 in
875 2860 1089 2978 palpebris,
1105 2863 1155 2948 de
1170 2863 1310 2975 quibus
1328 2863 1413 2950 fuse
1428 2869 1510 2978 egit
1524 2869 1669 2958 Astus

229 2969 276 3062 in
291 2970 395 3060 libro
415 2986 456 3062 dt
474 2976 657 3062 sermone
673 2975 786 3090 supri
803 2977 956 3082 citatis,
985 2974 1192 3089 de‘quibus
1211 2980 1329 3062 etiam
1347 2980 1527 3080 meminit
1541 2979 1669 3066 Gale*

232 3095 331 3196 hus,
358 3096 401 3173 dt
418 3087 734 3176 observationem
753 3089 871 3174 nobis
897 3087 1043 3176 sufficit
1069 3089 1359 3180 loannes-Nic.
1388 3090 1602 3180 Pechlinus
1623 3096 1671 3178 itt

230 3196 591 3290 Observationibus
605 3203 982 3319 Medicoptaslicis.

293 3313 363 3398 Ex'
382 3317 442 3397 his
490 3319 584 3401 ortb
609 3315 699 3400 satis
724 3315 955 3430 intelligitur
980 3309 1097 3426 quim
1117 3311 1223 3400 varii
1244 3316 1440 3402 methodo
1457 3315 1673 3408 madarolio

231 3426 434 3514 'traslanda
455 3346 528 3534 sit,
546 3427 602 3514 ita
614 3428 886 3540 utaliquando
905 3431 1109 3542 ingentem
1128 3429 1528 3532 medicamentorum,
1549 3429 1672 3515 etiarn

233 3541 485 3626 internorum
503 3569 728 3657 apparatum
742 3540 937 3656 postulet,
960 3539 1155 3624 interdirm
1174 3543 1271 3624 verb
1295 3569 1419 3654 pauca
1439 3543 1604 3624 omnino
1625 3547 1674 3624 dc

234 3651 519 3736 tantummodi)
540 3682 587 3736 ea
611 3685 694 3764 quae
721 3654 770 3736 ad
793 3651 1039 3765 alopeciam,
1061 3647 1172 3755 cujus
1192 3681 1310 3736 unam
1334 3653 1504 3767 speciem
1529 3651 1698 3738 consilo*

236 3767 346 3870 tuit,
373 3763 593 3850 conferant.
618 3765 821 3849 Interdum
836 3767 953 3849 etiam
966 3825 982 3869 ,
996 3791 1041 3847 ut
1055 3766 1095 3846 in
1111 3763 1226 3879 lippis
1245 3764 1420 3870 senibus,
1448 3761 1673 3850 insanabilis·

235 3879 296 3962 'est
306 3937 324 3981 ,
356 3881 447 3960 clam
474 3875 626 3962 scilicet
646 3875 669 3960 d
693 3875 854 3961 laxitate
878 3879 979 3960 cutis
1005 3875 1276 3992 palpebrarum
1302 3885 1343 3962 ὅ(
1367 3881 1547 3990 eslropio¹
1569 3874 1673 3960 insev

238 3991 356 4074 rioris
369 3985 561 4106 palpebre
574 3989 764 4102 pendens,
779 3987 902 4074 lemas
914 3990 1082 4074 viscosas
1092 4053 1105 4094 ,
1121 3986 1355 4102 glutinosas,
1372 3991 1469 4096 imb,
1492 3986 1545 4071 ob
1561 3985 1673 4102 plrlo

242 4100 394 4216 gosrm,
409 4099 633 4217 purulentas
653 4105 845 4217 perpetuo
866 4099 1012 4187 eliciat.
1038 4101 1152 4186 Unde
1180 4105 1318 4207 etiam,
1343 4101 1439 4186 licet
1463 4101 1677 4208 madarostt-

236 4241 315 4329 ,per
351 4211 391 4296 se
417 4241 462 4298 ea
497 4243 582 4326 quc
605 4217 801 4298 trichiasm
828 4215 1009 4300 efficiunt
1038 4215 1088 4298 ad
1116 4215 1172 4296 sui
1201 4217 1454 4298 curationem·
1478 4212 1674 4327 postulet,

240 4323 400 4411 scilicet
425 4327 710 4434 honestanda,
740 4327 929 4414 diluentis
942 4388 957 4432 ,
985 4354 1110 4436 eaque
1137 4355 1220 4436 qua
1245 4324 1517 4441 palpebrarum
1544 4325 1674 4410 solum

241 4435 377 4524 fertile
396 4437 555 4522 efficere
575 4439 754 4554 possunt,
772 4469 905 4526 tamen
922 4441 1059 4528 aetus
1070 4501 1085 4544 ,
1104 4441 1310 4522 Attuarios
1320 4501 1334 4544 ,
1357 4443 1578 4524 Avicennas
1597 4438 1677 4524 alii·

246 4577 328 4660 que
351 4552 418 4660 qui
436 4550 488 4636 de
506 4579 557 4635 eo
577 4549 721 4638 morbo
740 4553 999 4669 scripserunt,
1021 4554 1206 4636 stecantia
1234 4549 1374 4636 contri
1402 4559 1445 4636 dt
1466 4550 1678 4638 absorben-

247 4666 304 4748 tia
327 4663 634 4773 commendant,
661 4666 881 4772 cadmiam,
906 4668 930 4749 s
978 4695 1147 4750 ammam
1170 4667 1279 4772 atria,
1303 4672 1347 4749 bt
1369 4665 1561 4782 praecipue
1587 4662 1681 4750 fuli-

246 4777 397 4890 ginem.
417 4775 484 4858 Fit
509 4779 614 4860 enim
631 4777 730 4896 [πρὸ
749 4779 839 4868 ante
865 4697 1108 4908 mdarosm,
1131 4777 1185 4865 ob
1208 4777 1470 4870 inversionem
1493 4777 1682 4898 pupilla,

286 4937 352 5024 4⁶)
370 4932 444 5004 ΡΜ
459 4935 703 5024 ubuum.
1183 4976 1188 4984 ·
