4186 5908
477 411 561 530 246
925 409 1032 500 DE
1099 405 1493 496 MORBIS·

477 595 521 674 dt
548 607 685 672 cutem
718 575 904 678 faciendo
942 569 1102 659 habilis‘
1112 577 1177 662 est.
1211 573 1360 661 Mucus
1386 571 1457 658 ille
1479 574 1521 656 in
1546 567 1771 660 lichcmhus
1799 571 1918 662 trimis

475 697 596 792 salsus
613 696 769 784 videtur
790 702 833 779 dt
848 692 977 780 minirs
997 714 1108 805 aptus
1127 691 1375 775 connexioni
1396 685 1456 772 illi
1481 682 1755 794 efformandae,
1780 688 1918 775 stmul-
2009 775 2038 816 a

507 839 557 898 ue
586 841 669 904 non
697 807 785 893 satis
810 829 923 910 acer,
949 828 995 889 ut
1020 801 1138 920 pofflt
1162 799 1522 912 subjectancutim
1541 800 1772 888 corrodere.
1797 801 1918 889 Unde

463 844 548 1018 'dle
569 920 733 1009 morbus
754 917 776 1002 i
797 915 897 1001 salso
919 919 1035 1000 nimis
1055 917 1129 1001 scri
1148 924 1191 1003 dt
1214 919 1323 1000 muci
1341 920 1536 1002 carattere
1557 915 1731 1028 pendete
1744 913 1917 1004 videntr.

477 1040 590 1125 Hinc
607 1041 636 1122 ss
651 1031 921 1147 microscopio
935 1027 1114 1118 lichenes
1127 1025 1364 1137 lustraveris,
1380 1057 1462 1112 non
1476 1024 1702 1138 ulcuscula,
1720 1057 1803 1114 uon
1814 1031 1920 1114 vesi-

479 1149 589 1239 culas
611 1151 692 1234 acri
708 1145 795 1233 scro
814 1169 1015 1259 turgentes
1032 1146 1231 1260 reperias,
1253 1142 1321 1230 sed
1343 1145 1471 1228 hiatus
1491 1139 1680 1230 occlusos
1702 1149 1745 1228 dt
1766 1139 1920 1250 subjec-

478 1291 560 1352 tam
585 1269 710 1347 cutim
728 1261 833 1372 quast
858 1257 1024 1374 crispam
1044 1263 1086 1342 dt
1106 1254 1335 1343 vellicatam
1357 1253 1568 1356 observes3
1589 1257 1801 1372 epidermis
1817 1259 1918 1342 veri)

477 1375 556 1462 unh
597 1375 656 1460 sui
686 1400 795 1491 parte
825 1369 975 1478 soluta,
1004 1367 1126 1456 alteri
1156 1374 1240 1457 cuti
1270 1373 1413 1456 innexa
1440 1395 1613 1486 apparet.
1647 1371 1740 1456 Nec
1764 1369 1918 1458 diversa

398 1577 403 1590 ,
475 1493 532 1582 est
562 1515 698 1576 natura
727 1488 849 1572 tertia
881 1483 1084 1599 magisque
1117 1481 1222 1570 savae
1254 1479 1459 1570 lichenum
1490 1483 1636 1600 speciei
1668 1513 1754 1596 quat
1786 1484 1916 1571 fundo

477 1604 645 1690 omnini)
674 1598 795 1685 rubro
825 1599 971 1684 donata
997 1597 1051 1682 cst
1064 1659 1079 1704 ,
1106 1598 1177 1681 nist
1206 1597 1317 1708 quisd
1347 1597 1461 1682 causa
1491 1599 1621 1682 acrior
1651 1599 1727 1706 stt,
1760 1597 1918 1709 aliaque

477 1714 583 1802 mala
635 1711 845 1820 ostendat,
879 1709 974 1796 ci‘r‘m
1006 1708 1123 1795 causa
1153 1717 1197 1794 dt
1223 1735 1359 1794 cutem
1388 1706 1627 1820 subjectam,
1656 1712 1740 1794 imo
1763 1719 1807 1795 dt
1831 1710 1918 1797 adi-

474 1859 571 1950 pem
594 1745 808 1935 hbjettum
832 1824 950 1942 possit
971 1818 1137 1910 violare.

536 1913 749 2056 Diaghofis
777 1937 909 2023 morbi
934 1963 1006 2053 per
1032 1935 1072 2021 se
1095 1933 1222 2021 facilis
1247 1937 1332 2038 est3
1357 1965 1440 2021 non
1464 1933 1584 2021 alium
1610 1933 1733 2022 habet
1753 1936 1918 2026 morbus

477 2053 607 2140 noller
626 2054 934 2168 symptomatum
951 2048 1186 2156 decursum,
1210 2051 1279 2133 nist
1293 2051 1402 2162 quod
1416 2049 1609 2136 increscat
1622 2050 1760 2136 scnhm
1771 2115 1786 2160 ‚
1803 2054 1919 2169 sape
2069 2092 2077 2105 =

478 2195 557 2280 que
576 2165 598 2252 i
614 2163 779 2282 parvulo
799 2165 931 2282 punsii
944 2165 1065 2248 unius
1081 2162 1252 2248 exordio
1270 2166 1311 2248 in
1331 2168 1542 2248 maximam
1564 2168 1747 2280 corporis
1766 2195 1920 2280 partem

478 2282 638 2366 feratur.
675 2274 853 2386 Nullus,
882 2279 950 2361 nist
976 2278 1017 2361 in
1043 2274 1163 2360 rubro
1192 2273 1348 2361 circulo
1381 2278 1634 2364 circumdatis
1661 2275 1917 2390 lichenibus',

509 2397 649 2482 ruritus
664 2453 678 2498 ,
713 2417 755 2476 at
787 2393 918 2506 stupor
949 2387 1090 2501 aliquis
1119 2391 1223 2476 cutis
1261 2397 1303 2474 dt
1335 2389 1467 2476 sensits
1499 2388 1752 2484 hebetatio*
1787 2421 1917 2512 partes

478 2425 579 2624 lapi
610 2505 740 2625 primi)
769 2503 873 2590 oc’cu
903 2529 983 2590 atas
1007 2501 1190 2588 deserunt
1214 2499 1391 2588 lichenes
1423 2511 1465 2589 dt
1492 2506 1666 2589 vicinam
1687 2520 1696 2617 J
1795 2533 1917 2622 pant;

477 2619 576 2736 saepe
593 2617 776 2706 ¹rubellus
803 2536 950 2704 limhus
966 2613 1098 2727 aliquit
1116 2609 1305 2730 sui'parte
1324 2613 1499 2724 tollitur,
1528 2616 1758 2703 mitescente
1776 2617 1918 2729 malo,

478 2732 578 2850 sape
603 2755 779 2821 remanet
805 2735 988 2848 integer,
1012 2727 1109 2816 licet
1131 2731 1200 2816 vix
1222 2727 1427 2815 lichenum
1446 2728 1527 2816 ulla
1550 2755 1748 2818 remaneat
1770 2731 1918 2820 forma.

481 2847 616 2932 Causte
632 2843 825 2962 diagnosts
845 2874 895 2931 ex
916 2842 1236 2938 antecedentium
1251 2841 1445 2949 memorii
1458 2845 1622 2930 trahitur
1637 2875 1650 2946 ;
1676 2870 1716 2934 at
1732 2840 1801 2928 ubi
1824 2872 1920 2960 gra-

480 2963 571 3043 vior
599 2961 674 3065 est,
701 2985 753 3044 ex
777 2959 980 3043 causarum
1006 2960 1287 3072 preteritarum
1305 2956 1583 3044 recordatione
1602 2963 1645 3044 dt
1664 2955 1921 3045 sunsiionum

480 3068 655 3190 prasenti
678 3073 822 3156 intuitu
846 3069 1068 3154 deducitur.

538 3183 751 3300 Prognofis
782 3183 880 3268 veri>
914 3211 989 3298 pro
1021 3179 1144 3268 causa
1175 3183 1329 3269 ratione
1358 3183 1465 3270 varia
1493 3186 1586 3286 est;
1617 3183 1844 3302 semper&
1875 3185 1920 3273 in

507 3294 617 3384 uiuis
643 3296 702 3382 sui
724 3296 855 3412 specie
882 3294 1027 3412 longus
1055 3297 1110 3382 est
1134 3293 1325 3404 morbus,
1353 3303 1396 3382 dt
1420 3295 1531 3384 'tarde
1562 3299 1642 3384 stve
1668 3299 1712 3382 in
1741 3295 1919 3408 malum,

481 3327 560 3497 hue
579 3413 622 3495 in
646 3412 895 3496 curationem
922 3408 1125 3496 incedens.
1158 3407 1246 3520 Qui
1273 3406 1403 3495 levior
1431 3413 1506 3520 est,
1537 3418 1580 3497 dt
1608 3413 1742 3527 potiits
1766 3407 1789 3498 l
1813 3414 1921 3499 cutis

481 3521 618 3608 naturi
644 3524 820 3641 pendet,
855 3529 973 3636 quim
1007 3522 1057 3607 ab
1088 3520 1240 3609 interni
1272 3525 1487 3608 humorum
1524 3522 1812 3641 deputatione,
1848 3529 1921 3612 vix

480 3635 630 3748 aliquid
650 3635 906 3724 metuendum
924 3635 1100 3736 exhibet,
1119 3635 1225 3722 Ante
1241 3633 1456 3752 pubertatis
1474 3663 1556 3724 tem
1614 3667 1656 3722 ra
1669 3663 1921 3752 emergentes

479 3747 682 3860 lichenes,
698 3755 791 3834 citm
803 3749 982 3835 nondum
995 3747 1189 3868 glandule
1204 3777 1344 3836 omnes
1356 3749 1490 3837 evolvi
1505 3750 1545 3835 se
1572 3747 1695 3857 ruste,
1710 3747 1920 3868 ciperasid

479 3861 742 3971 evolutione,
760 3861 948 3947 ‚sanannrr
973 3865 1168 3972 omnino,
1197 3871 1239 3948 dt
1258 3863 1392 3949 nitidae
1415 3869 1499 3951 cuti
1526 3865 1615 3951 suus
1640 3863 1744 3951 redit
1763 3865 1923 3982 decor,

478 3975 578 4066 licet
596 3979 663 4065 hic
684 3974 785 4062 nihil
805 3975 999 4063 addiderit
1019 3976 1076 4060 sui
1095 3976 1306 4062 medicina.

538 4094 596 4175 At
619 4121 703 4204 quac
728 4090 877 4204 aliquid
893 4091 1187 4176 inflammatorii
1199 4119 1277 4205 pre
1292 4087 1332 4176 se
1346 4087 1444 4198 fert,
1464 4098 1507 4175 dt
1527 4089 1739 4178 secundam
1754 4115 1824 4180 aut
1836 4117 1919 4178 ter-

482 4201 580 4288 tiam
599 4199 804 4290 lichenum
817 4202 990 4321 speciem
1006 4203 1207 4288 conih‘tuit
1219 4205 1464 4312 acrimonia,
1488 4232 1536 4290 ea
1555 4202 1623 4288 stbi
1640 4200 1774 4310 juliam
1793 4229 1919 4317 atten-

482 4319 636 4402 tionem
658 4316 867 4431 exposcit;
888 4347 979 4404 nam
996 4379 1011 4425 ,
1030 4342 1109 4432 aut
1134 4311 1427 4432 multiplicato,
1450 4342 1518 4403 aut
1536 4317 1705 4434 represso
1724 4343 1918 4429 veneno,

482 4429 525 4512 in
544 4429 724 4548 herpetes
739 4431 865 4542 potest
886 4434 1049 4539 mutati,
1070 4453 1142 4516 aut
1159 4432 1202 4516 in
1215 4432 1404 4517 interiora
1421 4429 1571 4518 viscera
1593 4430 1619 4517 d
1672 4431 1739 4516 oai
1750 4491 1766 4538 ,
1789 4430 1920 4518 secre-

482 4543 614 4626 tiones
627 4547 789 4652 vitiare,
813 4541 1095 4631 obstmtttouea
1115 4565 1274 4660 parete,
1295 4543 1394 4660 phlo
1423 4545 1587 4658 osesquc
1605 4574 1633 4630 o
1660 4544 1791 4631 scruas
1806 4544 1921 4631 tarde

483 4661 526 4740 δι
552 4654 713 4741 occulti
735 4659 890 4742 ratione
913 4655 1123 4772 grassantes
1145 4658 1362 4767 inducere,
1388 4575 1522 4770 seque
1542 4657 1723 4764 demitm,
1746 4684 1814 4744 aut
1835 4655 1920 4774 abs·

483 4764 650 4858 ccffibus
675 4767 845 4864 occultis
870 4766 1011 4854 locum
1036 4770 1156 4877 dare,
1177 4797 1247 4856 aut
1272 4769 1422 4858 scirrho
1449 4799 1568 4885 atque
1589 4771 1773 4888 hydropi.
1884 4789 1888 4796 ’

534 4883 628 4968 Nec
655 4881 697 4968 id
720 4910 794 5000 pro
821 4880 957 4972 fabula
982 4882 1224 4976 habendum.
1246 4883 1362 4972 Nam
1387 4884 1541 4974 mttltoa
1567 4885 1739 5002 repetite
1765 4885 1823 4971 cli
1848 4883 1922 5000 qtn'
