4188 5916
482 448 567 528 su
909 413 1014 504 ou
1083 410 1447 502 nouurs

481 577 600 664 tenda
612 640 626 685 ,
641 606 789 666 nocere
805 605 935 664 tamen
978 581 1128 664 otestin
1142 577 1206 662 lan
1263 583 1271 600 ‘
1304 577 1379 662 ulis
1392 603 1510 687 atque
1531 574 1721 660 inertibus
1734 635 1748 681 ‚
1770 573 1917 686 quibus

480 695 600 776 etiam
609 690 819 802 aliquando
827 718 926 776 nece
957 696 1081 775 arium
1092 694 1144 776 est
1155 692 1204 776 ad
1232 721 1314 800 erc,
1323 719 1375 776 ne
1383 686 1593 776 ventriculi
1604 693 1707 773 vires
1718 688 1916 794 fatiscant,

480 807 610 888 tonici
632 803 801 914 aliquid,
824 829 891 891 aut
910 808 1031 889 amari
1056 803 1291 919 saponacei,
1321 802 1437 914 quale
1461 802 1633 915 praestant
1657 827 1916 904 taraxacum,

480 920 707 1000 nasturtium
721 919 966 1026 aquaticum,
982 917 1166 1022 fumaria,
1182 914 1380 1021 scabiosa,
1396 915 1557 1024 aliaeque
1571 911 1797 1020 hujusmodi
1811 913 1918 1029 plan·

479 1055 529 1112 ra
549 1057 652 1139 qua,
676 1025 743 1112 vel
770 1027 878 1111 succi
903 1027 1136 1114 formasero
1161 1026 1268 1138 lassis
1291 1028 1532 1134 miscentur,
1562 1024 1629 1111 vel
1651 1023 1720 1108 sub
1741 1025 1915 1111 decoeto

479 1142 652 1227 vitulino
670 1139 952 1247 infunduntur,
974 1149 1016 1228 ὅ(
1032 1171 1117 1254 quae
1129 1142 1288 1256 possunt
1299 1139 1592 1226 eriam'seorsrm
1611 1136 1633 1221 ὲ
1651 1135 1913 1246 diluentibus,

477 1251 571 1344 ante
591 1253 737 1364 pastum
756 1256 797 1336 in
812 1256 1027 1366 extraslum
1048 1254 1201 1339 redacta
1212 1317 1227 1362 ,
1248 1257 1351 1338 vires
1364 1248 1575 1338 ventriculi
1590 1249 1850 1357 membranis,
1870 1261 1913 1336 bc

478 1361 551 1446 bili
569 1365 837 1449 afluosrtatem
855 1366 1029 1451 reddere.
1054 1365 1135 1450 Sed
1153 1372 1211 1450 hae
1231 1364 1371 1480 planta
1389 1363 1543 1473 aliaque
1562 1359 1785 1468 hujusmodi
1802 1364 1913 1447 adhi-

476 1473 609 1560 benda
633 1483 785 1570 tantbm
811 1476 958 1561 suntin
980 1476 1127 1562 biliosis
1154 1504 1272 1589 atque
1295 1477 1512 1592 sanguineis
1540 1474 1913 1584 constitutionibus,

478 1587 684 1718 postqultm
708 1587 819 1673 calor
845 1587 1041 1675 deferbuit
1066 1599 1106 1674 dt
1133 1593 1237 1674 aellus
1264 1587 1342 1697 jam
1372 1592 1502 1671 minor
1529 1589 1581 1671 est
1604 1618 1616 1687 3
1645 1586 1784 1671 contri
1810 1619 1831 1671 a
1860 1590 1912 1673 ud

478 1727 623 1800 merres
647 1729 764 1812 atque
786 1700 994 1816 languidos
1012 1732 1094 1786 non
1121 1701 1319 1786 sufficiunt
1341 1700 1588 1817 praeparando
1609 1703 1783 1815 corpori.
1804 1619 1859 1784 bl
1850 1731 1913 1784 am

479 1812 530 1897 ad
551 1812 808 1926 expellendos
829 1817 1008 1928 herpetes
1021 1878 1034 1922 ,
1059 1816 1127 1898 etsr
1148 1815 1423 1929 temperandus
1450 1817 1495 1897 srt
1521 1812 1637 1896 ardor
1662 1821 1704 1897 bc
1728 1815 1912 1927 compes·

480 1924 629 2010 cendus
651 1928 696 2010 fit
715 1929 843 2032 aestus,
864 1927 892 2008 fr
914 1927 1009 2011 defit
1030 1925 1140 2010 calor
1161 1926 1231 2011 ille
1249 1925 1455 2032 naturalis,
1479 1929 1507 2008 fr
1529 1926 1652 2010 defint
1668 1929 1771 2010 vires
1795 1925 1913 2010 resol-

448 2049 450 2054 ’
478 2063 640 2141 vemet,
665 2067 724 2120 ars
741 2038 822 2152 ipsa
839 2064 948 2123 vetat
966 2067 1017 2122 ne
1034 2039 1083 2123 ad
1100 2038 1379 2155 expellendum
1396 2043 1500 2122 virus
1520 2035 1620 2121 illud
1636 2041 1748 2121 accin
1780 2067 1911 2144 antur,

475 2147 546 2232 sed
564 2152 669 2262 prius
689 2148 926 2233 restituendae
941 2150 1029 2234 funt
1045 2154 1173 2257 vires,
1199 2150 1308 2262 quod
1327 2153 1372 2234 fit
1392 2181 1476 2233 non
1495 2151 1654 2262 quidem
1670 2069 1912 2264 negbgendo

478 2264 677 2376 primarias
687 2261 947 2348 indicationes
954 2262 1049 2368 ,sed
1060 2262 1264 2348 miscendo
1276 2260 1488 2347 substantiis
1498 2293 1581 2374 quae
1593 2263 1750 2376 poliunt
1762 2265 1912 2349 diluere

477 2401 597 2482 arque
623 2374 848 2459 humeflare
876 2380 1094 2489 partimque
1118 2402 1270 2484 mutare
1294 2373 1496 2489 lympham
1524 2374 1739 2490 saponacea
1762 2376 1786 2459 ὲ
1809 2383 1909 2462 toni·

478 2487 536 2570 cis
585 2489 701 2591 etita,
726 2486 855 2597 qualia
878 2491 1122 2602 reperiuntur
1139 2492 1180 2571 in
1199 2485 1393 2572 radicibus
1410 2487 1446 2570 la
1476 2491 1555 2572 athi
1576 2492 1710 2594 acuti,
1739 2487 1908 2596 helenii‚

478 2517 697 2682 cheldonii
724 2597 912 2705 majoris,
946 2599 1189 2711 aliarumque
1218 2599 1401 2684 similium
1449 2520 1666 2705 laurarum,
1697 2605 1782 2683 tium
1812 2602 1908 2688 folia

477 2739 606 2794 amara
621 2708 838 2826 borraginis
848 2775 861 2818 ,
878 2715 1072 2814 cichorii3
1094 2716 1178 2796 imb
1196 2723 1236 2798 ὃ(
1251 2632 1485 2824 aliquandb‚
1505 2715 1531 2796 fr
1547 2711 1718 2823 aliquid,
1736 2715 1848 2825 quod
1868 2721 1908 2800 iu

476 2819 554 2908 hac
581 2821 719 2909 inertial
747 2823 938 2910 familiare
966 2828 1017 2910 est
1028 2888 1043 2933 ,
1076 2824 1290 2912 scorbutici
1320 2824 1469 2931 subest,
1500 2823 1728 2910 adhibentur
1763 2823 1913 2940 plantae

477 2933 1023 3024 antiscorbuticaeufloribus
1035 2939 1238 3024 cruciferis
1253 2940 1419 3046 donatae,
1432 2969 1594 3051 quarum
1609 2939 1909 3052 succus,praeter

475 3045 822 3132 antiscorbuticam
836 3053 1037 3159 virtutem,
1050 3055 1290 3166 aperientem
1302 3053 1558 3170 saponaceam
1571 3055 1789 3138 eminenter
1805 3081 1908 3140 exer-

476 3185 565 3265 cet,
587 3186 662 3244 nec
675 3159 810 3244 tonica
823 3163 1021 3260 fraudatur
1039 3163 1238 3251 facultate.
1261 3169 1363 3252 Satis
1385 3168 1482 3251 verb
1502 3194 1552 3249 ex
1571 3169 1627 3249 rei
1643 3167 1757 3278 ipsuis
1774 3169 1906 3254 naturd

474 3295 582 3386 patet
599 3275 645 3356 iis
666 3272 806 3383 quibus
830 3271 924 3359 talia
945 3281 1190 3363 conveniunt
1209 3285 1276 3364 vix
1300 3279 1483 3364 conferre
1505 3277 1739 3362 balneorum
1764 3281 1876 3364 usum
1888 3343 1903 3386 ,

475 3413 522 3470 ea
540 3381 676 3470 saltem
695 3411 738 3470 ut
755 3415 846 3472 vera
867 3391 968 3474 cutis
986 3389 1231 3476 emollientia
1252 3394 1280 3474 sr
1298 3421 1379 3476 non
1399 3390 1636 3504 repudianda
1654 3390 1769 3496 sunt,
1791 3393 1903 3478 cauts

473 3525 606 3584 tamen
629 3501 670 3582 in
693 3499 804 3585 usum
829 3500 1081 3612 advocanda,
1102 3531 1154 3589 ne
1175 3503 1322 3591 viribus
1340 3503 1488 3616 aliquid
1506 3503 1786 3590 detrimentum
1810 3508 1904 3592 affe·

474 3639 573 3700 rant.

526 3727 634 3810 Inter
657 3725 738 3840 ipsa
757 3731 855 3814 verb
878 3733 1164 3848 preparationis
1190 3731 1364 3846 fastidia,
1388 3735 1414 3816 fi
1436 3733 1645 3848 prasertim
1665 3733 1805 3816 sanitas
1824 3731 1902 3816 illi·

472 3835 562 3924 bata
583 3870 666 3924 non
689 3843 848 3956 perstet,
872 3846 955 3926 imb
983 3845 1072 3930 ante
1099 3849 1232 3931 omnia
1255 3846 1453 3952 remedia,
1482 3847 1661 3960 plerique
1681 3845 1837 3930 Medici
1861 3849 1902 3930 in

473 3949 571 4038 illud
585 3953 860 4061 consentiunt,
878 3982 922 4039 ut
942 3958 1100 4043 humori
1115 3961 1299 4044 hesitanti
1314 3962 1440 4044 exitus
1461 3989 1615 4066 novus,
1632 3986 1724 4045 cute
1743 3957 1873 4072 aperti
1884 4021 1899 4064 ,

473 4067 710 4154 concilietur
734 4095 803 4183 per
823 4094 968 4176 artem,
995 4073 1049 4153 ita
1070 4097 1115 4154 ut
1136 4074 1164 4154 fr
1181 4071 1231 4154 ad
1252 4098 1384 4157 cutem
1405 4075 1549 4156 humor
1568 4069 1645 4179 jam
1662 4070 1814 4158 delatus
1836 4073 1900 4178 stt,

471 4177 513 4256 in
535 4177 628 4262 duas
654 4207 782 4292 partes
809 4210 908 4266 onus
935 4181 1129 4266 dividatur
1151 4217 1163 4284 ;
1187 4185 1215 4264 sr
1242 4213 1324 4268 nou
1347 4184 1434 4270 fatis
1456 4188 1668 4271 vehemens
1690 4184 1740 4269 ad
1768 4212 1902 4269 cutem

462 4287 541 4372 ¹siat
563 4291 758 4404 impetus,
786 4293 1066 4379 determinetur
1089 4293 1159 4380 ille
1184 4303 1223 4378 br
1247 4299 1287 4379 in
1307 4296 1470 4383 salutem
1497 4302 1677 4410 corporis
1699 4298 1901 4412 dirigamr.

470 4395 571 4480 Haec
586 4407 780 4486 curatoria
797 4435 880 4490 non
896 4410 949 4490 est
970 4409 1189 4517 indicatio,
1210 4409 1278 4496 sed
1301 4411 1408 4496 mere
1430 4414 1692 4527 praeservadva
1706 4441 1827 4520 quam
1846 4413 1904 4494 id-

471 4511 583 4594 circb
610 4511 731 4598 semel
756 4519 893 4603 initam
926 4518 1210 4608 derivationem
1237 4552 1306 4639 per
1335 4553 1465 4610 totum
1499 4528 1713 4608 curationis
1745 4549 1905 4638 tempus

469 4625 652 4707 accurats
663 4625 816 4712 servant
828 4633 1054 4741 medentes,
1065 4635 1150 4719 imi)
1164 4639 1298 4743 etiam,
1314 4637 1466 4750 perusii
1480 4642 1709 4744 curatione,
1726 4667 1810 4722 nou
1825 4641 1904 4721 stne

467 4732 619 4818 summi
643 4738 846 4849 pmdentii
872 4743 1080 4830 delendam
1118 4747 1340 4834 observatio
1368 4753 1588 4840 confirmat.
1628 4752 1672 4834 Si
1698 4749 1829 4836 levius
1858 4753 1904 4833 fit

467 4845 638 4960 malum,
655 4849 858 4964 uymele'ae
874 4860 1026 4944 cortice
1042 4889 1177 4950 cutem
1190 4867 1373 4964 inurunt3
1390 4864 1418 4946 fr
1435 4868 1617 4978 gravius,
1639 4861 1906 4952 vesrcanribus
