4226 5916
522 327 671 492 nr'
981 375 1510 466 nn.nonnra

524 542 658 653 lastis,
677 542 913 629 emullionea
931 568 981 626 ex
1000 541 1208 628 seminibus
1227 545 1377 657 frigidis
1391 547 1574 660 paginam
1594 573 1757 631 omnem
1773 545 1829 632 im
1860 543 1963 656 lent,

528 659 668 770 quibus
701 655 967 742 intermiscere
994 655 1090 741 licet
1121 661 1371 770 purgantium
1400 659 1522 740 usum.
1559 657 1642 742 Sed
1669 577 1874 774 seligenda
1897 661 1961 746 illa

526 800 576 856 ex
595 772 863 873 minorativiS,
891 777 932 852 bt
957 799 1041 880 quae
1063 797 1137 854 nec
1154 773 1317 853 nutricis
1335 771 1510 854 intestina
1526 773 1705 877 irritent,
1731 802 1808 858 nec
1832 776 1960 859 infan-

525 911 611 970 tum
633 912 775 968 nervos
797 879 1032 966 subvertant.
1064 883 1196 966 Imba
1223 882 1277 965 ud
1300 912 1375 967 nos
1395 886 1516 968 moris
1534 887 1588 968 est
1605 889 1646 968 in
1662 883 1771 968 malo
1793 912 1959 1002 urgente

525 997 741 1085 identidem
758 991 890 1078 alvum
904 995 1097 1078 infantum
1111 914 1318 1108 praesdrtim
1331 993 1408 1102 jam
1423 995 1765 1110 grandescentium
1781 1007 1824 1083 br
1839 999 1961 1083 ablac-

528 1137 702 1197 tatorum
723 1106 904 1192 subluere
924 1106 1005 1192 leni
1023 1109 1152 1208 infuso
1177 1106 1479 1216 rhabarbarin0,
1504 1107 1554 1193 ad
1577 1138 1718 1194 eorum
1737 1113 1841 1196 vires
1863 1115 1959 1197 ada·

528 1251 673 1334 quat0,
695 1221 761 1306 vel
779 1219 908 1336 syrupi
930 1222 980 1306 de
999 1225 1181 1304 cichorio
1191 1221 1412 1336 ‘compositi
1431 1222 1518 1306 dosa
1534 1222 1695 1308 refraild
1715 1257 1727 1325 ;
1753 1222 1866 1332 cujus
1887 1229 1958 1338 qui·

527 1339 618 1422 dem
643 1363 810 1451 praxeos
833 1337 874 1417 in
896 1333 1175 1449 probationem
1197 1337 1248 1418 eb
1270 1332 1469 1420 lubentibs
1490 1339 1603 1419 ierim
1622 1338 1731 1448 quod
1757 1339 1957 1423 fatendum

525 1453 572 1536 srt
582 1515 595 1558 ‚
618 1452 782 1534 crustam
798 1446 960 1533 lasieam
969 1510 983 1553 ‚
1004 1446 1220 1554 labiumen,
1239 1455 1282 1532 bt
1300 1451 1465 1534 achotes
1479 1477 1550 1534 eos
1570 1451 1780 1564 praeserrim
1792 1453 1956 1538 infamer

525 1561 737 1667 lacessere,
766 1564 833 1670 qui
881 1560 982 1644 er'se
1003 1557 1254 1674 corpulenti,
1271 1561 1416 1676 adipofi
1425 1624 1440 1668 ,
1462 1561 1631 1645 multum
1649 1564 1836 1676 superflui
1850 1569 1955 1679 inge·

524 1703 664 1762 nerant
680 1706 692 1773 3
711 1679 764 1758 ita
783 1701 827 1758 ut
841 1592 891 1759 de
906 1671 1015 1758 mole
1033 1702 1172 1758 eorum
1190 1675 1396 1774 detrahere
1412 1672 1567 1758 nullum
1580 1677 1626 1758 srt
1666 1676 1856 1762 iaculum.
1872 1680 1956 1764 Imb

528 1791 667 1876 dantur
685 1791 803 1900 etiam
823 1787 990 1872 infantes
1008 1785 1172 1898 quibus,
1191 1783 1259 1870 ubi
1274 1790 1540 1902 copiaingens
1555 1705 1851 1902 agglbmeratur
1863 1794 1955 1876 srmi·

524 1903 624 1988 lium
651 1903 895 2005 crustarum,
920 1901 1237 2016 suppurationem
1264 1928 1503 2015 promovere
1530 1898 1637 1986 licet.
1673 1903 1803 2013 Quod
1829 1932 1953 1990 tamen

527 2031 775 2121 rarum,'nec
799 2014 877 2096 srne
895 2013 1040 2096 damno
1057 2014 1107 2096 fit
1125 2040 1191 2096 aut
1209 2040 1487 2128 erupturorum
1505 2043 1623 2120 mox,
1646 2042 1712 2100 aut
1732 2013 1812 2124 jam
1830 2046 1953 2103 erum·

447 2183 451 2194 ·
523 2145 619 2247 pere
641 2129 935 2241 properantium
962 2121 1211 2240 capillorum.
1242 2127 1404 2242 Quippe
1431 2154 1513 2209 non
1541 2125 1670 2210 solbm
1693 2127 1952 2216 tolluntur&

525 2244 769 2330 destruuntur
792 2267 862 2354 per
882 2239 1200 2352 suppurationem
1227 2235 1337 2323 bulbi
1360 2237 1502 2351 quibus
1516 2242 1779 2328 innascuntur
1801 2242 1951 2358 capilli,

524 2356 592 2442 sed
620 2357 720 2438 cutis
751 2350 997 2458 cicatrisata,
1027 2350 1156 2459 larvis,
1176 2348 1253 2460 jam
1280 2350 1626 2468 vix'perspirabilis
1648 2357 1727 2461 est,
1753 2357 1861 2440 unde
1882 2385 1952 2442 nec

524 2470 679 2555 sudatio
697 2495 766 2583 per
785 2492 905 2581 caput
925 2466 1010 2550 fieri
1025 2467 1172 2606 petest,
1196 2493 1272 2549 nec
1285 2467 1366 2579 ipsa
1385 2466 1613 2596 perspiratio
1631 2471 1763 2582 posteri
1782 2467 1952 2582 legitime

525 2583 739 2699 perficitur.
767 2579 896 2690 Quod
918 2581 1049 2690 postea
1076 2577 1280 2689 quousque
1303 2583 1420 2693 possrt
1447 2581 1659 2663 humorem
1684 2586 1791 2666 hunc
1820 2609 1953 2666 excre-

525 2696 775 2799 mentitium,
806 2719 873 2777 aut
902 2695 944 2774 in
974 2712 1116 2799 aures3
1147 2716 1213 2776 aut
1235 2694 1277 2780 in
1297 2691 1440 2782 oculos
1461 2692 1696 2804 refundere,
1720 2695 1953 2780 meditentur

524 2809 698 2943 praelici.
733 2805 854 2891 Certe
882 2834 966 2890 non
997 2803 1096 2890 levis
1131 2809 1326 2889 momenti
1354 2825 1629 2920 argumentum
1652 2811 1769 2894 nostri
1791 2837 1875 2892 non
1899 2809 1953 2894 est

521 2922 684 3008 mstiruti
708 2921 774 3004 hic
801 2919 918 3005 fustus
943 2915 1165 3034 expendere
1188 2915 1238 3001 ad
1261 2917 1336 3003 alia
1358 2931 1625 3035 properantes.
1752 2933 1759 2947 ‘

905 3142 1576 3258 nnrrcuuusrt

1039 3351 1106 3438 De
1132 3352 1449 3471 Intertriginr'brrs.
1503 3485 1507 3490 .

579 3583 792 3696 Intertrigo
815 3581 964 3672 Grecis
979 3575 1180 3694 brdlprppe
1193 3583 1350 3700 proprie
1369 3591 1411 3670 bt
1429 3583 1645 3670 secundum
1659 3583 1742 3670 vim
1756 3587 1953 3692 nominis,-

524 3698 674 3786 malum
693 3695 745 3780 est
764 3725 845 3806 quo
865 3694 1049 3780 laborant
1067 3696 1241 3805 femora,
1265 3713 1349 3811 quae
1361 3696 1428 3782 vel
1443 3701 1638 3808 equitatu,
1659 3696 1726 3782 vel
1747 3698 1825 3784 alii
1845 3701 1954 3785 caud

526 3813 816 3926 comprimente
846 3817 889 3893 bt
916 3809 1189 3895 contundente
1212 3813 1370 3917 adusta,
1389 3813 1618 3905 contritave
1641 3810 1740 3896 sunt.
1778 3811 1956 3898 Diosco-

523 3928 627 4012 rides
641 3919 888 4034 rrnpdrprupa
901 3947 1023 4006 vocat
1034 3925 1215 4008 affeelum
1222 3987 1238 4032 ‚
1254 3925 1322 4010 ubi
1335 3952 1404 4040 pes
1415 3925 1579 4040 pedem,
1596 3923 1727 4012 velun
1785 3923 1824 4008 la
1833 3956 1957 4040 ungu·

522 4039 604 4124 lam
620 4040 735 4144 terit,
756 4065 838 4148 quo
858 4033 967 4119 sensu
987 4034 1036 4117 ad
1055 4039 1310 4124 veterinarios
1329 4036 1523 4153 praecipue
1538 4041 1719 4153 pertinet.
1790 4043 1955 4153 ternigo

525 4149 548 4233 ir
569 4149 854 4254 recentioribus
869 4147 1043 4232 Medicis
1059 4147 1139 4232 alio
1155 4149 1267 4232 sensu
1291 4153 1484 4264 accipitur
1506 4179 1579 4264 pro
1599 4147 1673 4234 illo
1692 4150 1957 4264 erysipelatis,

524 4289 592 4350 aut
618 4263 824 4376 herpetum
847 4289 1016 4376 genere,
1040 4261 1150 4373 quod
1171 4262 1303 4377 sapibs
1328 4262 1553 4348 adultorum
1575 4262 1727 4348 femora
1747 4265 1797 4346 ad
1814 4292 1957 4348 eorum

523 4371 766 4487 superiorem
794 4402 973 4491 partem,
1009 4379 1159 4488 narium
1188 4375 1389 4484 fissuram,
1421 4381 1663 4491 perinaeum,
1726 4374 1887 4460 enitalia
1916 4381 1959 4462 in

521 4513 696 4598 utroque
715 4487 830 4594 sexu,
856 4489 923 4573 sed
944 4489 1180 4622 precipuea
1207 4489 1259 4574 ud
1280 4517 1405 4576 mares
1424 4491 1584 4576 invadit.
1611 4405 1727 4574 Undb
1745 4491 1888 4574 Aetius
1902 4499 1956 4594 (α)

522 4595 619 4696 licet
639 4597 753 4684 aliam
767 4599 923 4709 idaeam,
947 4601 989 4686 rd
1004 4605 1057 4686 est
1071 4630 1157 4686 eam
1187 4631 1251 4688 em
1270 4635 1317 4688 ac
1336 4630 1487 4689 veteres
1504 4602 1588 4687 sere
1610 4628 1749 4688 ornnes
1761 4601 1813 4686 de
1834 4607 1961 4688 inter·

521 4713 667 4824 trigine
687 4707 812 4796 sumat
822 4776 836 4820 ‚
858 4713 925 4800 seu
946 4718 1079 4829 potius
1101 4713 1152 4800 de
1173 4715 1503 4835 intertrigiuibuS,
1528 4743 1594 4804 eas
1617 4741 1750 4804 tamen
1772 4713 1961 4804 ambustis

556 4867 617 4956 μ)
639 4861 715 4942 Attii
732 4860 881 4932 Tetrabibl.
898 4889 918 4942 4
924 4911 933 4945 ‚
951 4870 1041 4936 Serra.
1061 4893 1102 4943 a,
1119 4891 1180 4955 cap.
1194 4880 1245 4944 67.
1309 4917 1315 4930 .

919 5007 921 5009 -
1749 4973 1965 5068 comparat
