4250 5898
961 177 971 212 Ι

393 401 586 503 -5m
659 317 668 334 ’
944 384 1050 474 ne
1118 381 1484 471 Monnrs

499 579 652 639 vertere
678 552 868 637 convenit
881 607 894 654 ‚
918 573 1043 658 eaque
1063 549 1273 632 maximam
1297 573 1398 633 curae
1421 569 1573 662 partem
1594 535 1823 655 complent,
1842 544 1935 624 ciam

500 693 584 748 non
609 663 735 750 solum
755 659 996 747 vermiculos
1018 662 1129 745 stmul
1149 687 1267 772 atque
1285 657 1492 775 pediculos
1515 681 1706 760 enecent,
1726 652 1934 738 sedetiam

502 801 697 861 texturam
728 779 828 859 cutis
856 775 1014 884 ejusque
1032 772 1233 858 laxitatem
1254 775 1413 877 sanent,
1437 799 1579 855 tonum
1602 767 1775 872 addant,
1799 766 1934 851 defen-

505 889 676 999 dantque
703 887 751 971 ab
777 885 920 970 insultu
944 885 1180 991 ovulorum,
1202 911 1268 969 aut
1288 912 1428 969 eorum
1450 880 1668 967 exclusioni
1689 877 1856 962 obstent.
1913 929 1917 937 -

558 1002 606 1084 In
626 998 702 1083 hale
721 1001 880 1109 quidem
902 1024 1038 1112 parte,
1064 997 1172 1082 certe
1191 996 1278 1112 plus
1297 1002 1338 1081 in
1358 994 1519 1080 materiai
1539 989 1696 1083 medica
1712 992 1933 1076 divitiarum

504 1110 621 1195 nobis
645 1113 850 1227 suppetere
876 1108 995 1222 quim
1019 1113 1115 1220 quae'
1133 1108 1231 1193 olim
1257 1109 1279 1193 a
1303 1107 1501 1194 veteribus
1526 1102 1807 1189 obtinebantur
1833 1106 1936 1218 potis

380 1275 391 1281 -
503 1225 557 1309 est
578 1222 752 1310 asserere.
779 1224 839 1306 Ea
866 1225 972 1308 enim
998 1252 1081 1331 quae
1112 1221 1314 1307 Oribasrus
1338 1218 1565 1306 accumulat
1585 1245 1635 1302 ex
1659 1219 1706 1299 iis
1728 1217 1828 1300 sada
1849 1219 1939 1300 sunt

417 1409 424 1423 .
500 1335 803 1422 medicamentis
820 1365 903 1446 quat
919 1334 1070 1419 insessis
1091 1336 1301 1443 necandis,
1324 1338 1442 1420 etiam
1461 1336 1508 1416 iis
1529 1361 1613 1442 quae
1628 1329 1797 1414 vestibus
1815 1331 1938 1412 inhac-

504 1474 593 1532 rent
621 1445 752 1533 blattis
781 1448 1121 1532 commendantur.
1159 1447 1339 1554 Cedria,
1370 1448 1529 1550 restnae,
1569 1445 1722 1558 gummi
1758 1442 1938 1550 hederae',

506 1585 721 1670 caeteraque
745 1560 913 1645 balsama
936 1561 1124 1666 odorata,
1147 1551 1404 1665 sandaracha,
1428 1561 1600 1662 nitrum,
1619 1581 1844 1663 veratrum,
1866 1559 1936 1638 sta·
2022 1597 2025 1604 ⁴

505 1673 727 1787 philagria‚
757 1681 882 1758 muria
894 1735 907 1779 ,
939 1703 1038 1783 aqua
1065 1677 1213 1757 marina
1225 1734 1241 1780 ,
1270 1703 1354 1783 quae
1376 1673 1510 1756 omnia
1531 1664 1775 1755 vermiculos
1798 1697 1938 1755 omnes

505 1791 700 1872 enecant:
728 1792 864 1872 veriam
887 1790 989 1870 inter
1014 1785 1090 1870 alia
1112 1789 1246 1868 omnia
1269 1789 1404 1901 topica
1427 1787 1574 1868 eminet
1594 1787 1678 1865 tiun
1700 1777 1830 1889 sams,
1855 1787 1937 1865 tinn

507 1900 653 1982 virtute
691 1898 920 2011 delphinium
948 1897 1198 2090 staphpagria
1233 1897 1411 2004 dissum,
1450 1896 1517 1980 seu
1560 1889 1800 2038 pedicularia
1838 1893 1938 1978 dieta

505 2011 700 2117 antiquis,
728 2039 813 2118 quae
839 2013 1009 2093 extetibs
1023 2009 1064 2091 il
1080 2015 1134 2092 ita
1159 2011 1357 2122 phthiriasi
1383 2009 1621 2125 potissimum
1648 2003 1858 2112 medetur,
1883 2009 1938 2091 ita

506 2145 551 2202 ut
569 2116 714 2204 Paulus
740 2127 800 2225 (a)
825 2123 1079 2237 pronuntiet,
1100 2121 1140 2206 se
1161 2120 1441 2234 pediculariam
1461 2149 1511 2206 ex
1534 2147 1650 2204 aceto
1674 2117 1847 2228 oleoque
1866 2123 1937 2203 tri·

448 2299 453 2304 .
505 2257 585 2316 tarn
609 2233 826 2338 inunxisse,
847 2262 922 2318 nec
942 2263 1116 2342 unquam
1134 2233 1286 2318 vacasse
1305 2234 1492 2320 successu.
1521 2232 1651 2343 Quod
1674 2230 1829 2342 quidem
1853 2228 1932 2336 jam

505 2344 725 2428 remedium
750 2344 849 2429 olim
871 2345 894 2431 ὲ
913 2344 1072 2431 Galeno
1096 2345 1158 2454 (b)
1180 2347 1503 2435 commendatum
1524 2347 1672 2452 fuerat,
1693 2342 1832 2428 additis
1850 2344 1938 2430 san-

507 2455 673 2542 daracm
696 2464 739 2541 dt
762 2462 881 2543 nitt0.

562 2568 711 2656 verum
734 2599 872 2656 omnes
896 2573 1005 2684 atque
1029 2574 1207 2658 sudores
1231 2575 1381 2684 antiqui
1404 2572 1655 2657 consentiunt
1675 2569 1725 2654 ad
1747 2569 1938 2659 laudanda

506 2677 648 2765 balnea
663 2689 704 2764 ὃ(
716 2681 948 2771 illinitiones
962 2713 1011 2769 ex
1025 2713 1182 2773 veratro
1196 2685 1336 2793 faslas‘,
1352 2679 1460 2796 quod
1476 2689 1526 2768 eb
1539 2685 1662 2798 magis
1680 2684 1934 2792 crediderim,

507 2794 617 2903 qubd
633 2795 782 2900 summe
798 2801 897 2882 acris
915 2797 1048 2912 planta
1062 2802 1187 2882 cutim
1202 2797 1391 2882 roborare
1407 2824 1524 2908 atque
1537 2797 1743 2910 detergete
1758 2823 1939 2911 potenter

507 2907 645 3020 polht,
664 2937 905 3020 mutumque
920 2910 1094 3019 solvere,
1110 2919 1171 3019 dt,
1192 2939 1236 2995 ut
1256 2913 1404 3024 antiqui
1425 2907 1600 3016 aiebant,
1616 2911 1718 2993 inter
1733 2913 1838 2995 cutis
1851 2929 1937 3025 pur'·

507 3022 639 3132 gantia
667 3021 769 3105 resse
798 3019 1037 3131 habebatur,
1073 3024 1167 3109 dum
1194 3023 1306 3108 srmul
1333 3021 1474 3106 insecta
1500 3048 1642 3106 necare
1665 3021 1788 3110 valet.
1814 3023 1937 3134 Quod

506 3134 626 3214 etiam
655 3132 705 3217 de
735 3132 854 3239 aloe,
883 3136 933 3221 de
959 3135 1246 3248 colocynthide
1275 3135 1587 3250 intelligendum.
1622 3134 1730 3218 Mihi
1761 3140 1860 3220 verb
1889 3135 1934 3220 ad

506 3245 615 3327 hunc
630 3244 796 3327 usumin
811 3246 977 3353 morbo,
995 3247 1072 3333 levi
1088 3250 1271 3359 quidem,
1285 3249 1354 3334 sed
1373 3251 1562 3363 pertinaci
1583 3246 1744 3360 egregie
1760 3247 1939 3334 succeffit

507 3358 715 3440 nicotiana
747 3355 957 3443 decussum
986 3393 997 3460 3
1026 3363 1108 3445 hoc
1139 3363 1246 3446 certe
1273 3361 1382 3446 brevi
1402 3365 1646 3474 perimuntur
1670 3360 1829 3446 infesta.
1858 3361 1934 3446 Sed

508 3472 591 3554 citb
607 3469 769 3553 morbus
783 3498 979 3579 recurret,
1001 3477 1070 3556 nifi
1089 3474 1156 3558 diii
1175 3479 1216 3558 in
1234 3478 1379 3588 topicis
1393 3475 1609 3580 versemur,
1629 3480 1670 3556 bt
1691 3471 1801 3557 malo
1820 3481 1937 3559 etiam

412 3589 420 3598 '
505 3579 584 3688 jam
603 3580 766 3695 hlongo
785 3609 965 3700 ternpore
980 3586 1118 3700 fugato
1139 3591 1185 3672 iis
1207 3589 1430 3671 insistamus.
1456 3586 1503 3670 Id
1522 3611 1653 3670 tamen
1671 3589 1817 3670 mitum
1832 3588 1939 3674 vide·

505 3719 569 3778 tur
598 3694 707 3806 quod
739 3724 879 3781 omnes
912 3699 1109 3809 aqualiter
1137 3705 1313 3786 auslotes
1343 3700 1484 3784 radicis
1511 3697 1739 3812 oxylapathi
1767 3704 1941 3786 exterius

505 3808 620 3890 usum
645 3807 796 3892 summe
819 3812 1059 3921 praedicent,
1089 3819 1129 3894 dt
1150 3801 1304 3923 aequer'rt
1325 3840 1511 3917 veratro,
1539 3841 1623 3922 quae
1646 3810 1756 3896 certe
1775 3839 1940 3926 vegeta-

504 3917 634 4025 bilia,
662 3925 745 4004 tinn
777 3922 988 4029 acredine,
1015 3928 1100 4006 tbm
1131 3923 1380 4010 facultatibus
1412 3925 1434 4010 b
1466 3927 1704 4008 seinvicem
1737 3923 1941 4012 differunt.

506 4033 626 4147 Apud
646 4034 859 4148 nosvulgb
877 4034 1058 4120 laudatur
1077 4035 1595 4149 unguentum-mercuriale‚
1612 4035 1788 4144 quod-ex
1800 4036 1911 4122 tertii
1922 4097 1943 4145 ,

505 4144 571 4228 vel
599 4145 733 4254 quartas
755 4173 863 4260 parte
887 4153 1072 4234 mercurii
1097 4177 1189 4232 cunr
1217 4152 1331 4264 adipe
1358 4154 1471 4234 mixti
1495 4153 1645 4234 constet
1667 4181 1681 4248 ς
1709 4149 1945 4260 quodcum

504 4255 555 4339 ad
579 4261 726 4341 ricinos
751 4267 793 4342 dt
816 4257 983 4372 platilsas
1006 4263 1031 4345 s
1050 4263 1241 4365 ecisicum
1257 4265 1337 4347 dici
1357 4265 1474 4378 polht
1486 4326 1499 4367 ‚
1519 4293 1600 4346 non
1618 4262 1743 4348 video
1764 4293 1946 4350 cernon

505 4369 547 4448 in
570 4370 828 4480 phthiriaseos
853 4399 961 4456 metu
990 4405 1012 4457 a
1070 4373 1232 4460 beatur.
1263 4381 1320 4460 At
1345 4377 1434 4460 ante
1457 4374 1561 4459 illitis
1589 4375 1700 4458 usum
1724 4375 1832 4460 certe
1855 4407 1948 4463 ma-

506 4481 612 4562 xima
633 4481 684 4566 de
703 4485 797 4568 statu
820 4485 1034 4569 humorum
1057 4490 1255 4597 inquisitio
1279 4492 1430 4602 agenda
1452 4491 1515 4572 est.
1541 4489 1651 4572 Nam
1676 4489 1755 4572 srve
1778 4494 1951 4576 tenuior

503 4592 551 4675 stt
562 4587 723 4720 lympha
742 4626 827 4708 quae
845 4600 1090 4714 phthiriacos
1105 4603 1326 4715 constituit,
1339 4601 1419 4690 stve
1440 4600 1556 4690 aliam
1576 4599 1631 4688 ob
1652 4601 1810 4690 causam
1819 4663 1836 4715 ,
1854 4604 1951 4720 pes·

540 4766 599 4846 (a)
621 4765 682 4828 Lib.
703 4789 739 4848 3,
755 4791 818 4849 tap-
835 4795 861 4852 3.

538 4846 597 4928 (b)
617 4847 681 4912 Lib·
698 4869 731 4928 ι,
749 4851 784 4914 de
800 4851 905 4958 Coppa
920 4853 975 4926 stt.
992 4856 1067 4940 lota,
1134 4903 1155 4926 Δ.
