4186 5908
492 449 636 522 aio·
888 357 1041 519 'DE
1109 429 1475 520 MORBIS

493 593 679 682 interiora
695 595 801 680 retrb
815 617 987 682 vertatur
997 597 1262 710 perniciosum
1273 598 1409 682 edixit.
1425 592 1680 702 Etidem'sa)
1696 597 1830 684 rameri
1846 597 1932 716 piil·

493 714 625 795 monis
662 708 867 826 erysipelas
902 709 1074 795 distinsie
1109 736 1333 819 memorat,
1368 710 1436 795 seu
1470 706 1658 792 morbum
1697 739 1818 824 quem
1856 745 1935 802 nos

494 825 847 910 inflammationem
880 821 1169 910 bronchiorum
1204 822 1489 940 superficialem
1519 851 1668 910 vocare
1700 825 1934 940 possemus,

495 941 590 1020 cirin
623 941 664 1020 in
701 933 953 1022 interioribus
988 935 1363 1024 inflammationibus
1394 937 1586 1021 distinslio
1621 935 1690 1020 illa
1722 936 1744 1021 b
1770 939 1933 1026 Galerio

493 1047 668 1133 adhibita
692 1050 793 1134 inter
816 1077 1016 1135 tumorem
1042 1050 1261 1166 pulsantem
1283 1055 1351 1161 qui
1371 1049 1465 1167 phle
1494 1077 1615 1134 mona
1634 1053 1835 1138 constituit
1846 1114 1862 1159 ‚
1888 1063 1933 1140 dt

493 1191 577 1248 non
595 1159 815 1277 pulsantem
835 1167 904 1274 qui
923 1162 1128 1280 erysipelas
1149 1167 1349 1250 constituit
1355 1226 1369 1272 ,
1390 1079 1501 1248 uulsa
1519 1164 1587 1269 stt,
1613 1190 1681 1249 aut
1700 1163 1779 1250 effe
1798 1167 1933 1280 possit.

551 1278 661 1360 Atin
674 1273 938 1391 descriptione
952 1280 1055 1392 ignis
1069 1275 1167 1362 sacri
1181 1307 1300 1390 quani
1313 1275 1430 1361 nobis
1447 1275 1586 1360 Celsus
1602 1275 1762 1388 reliquit
1773 1278 1937 1366 videtur

493 1385 698 1503 erysipelas
712 1385 925 1500 aliquandiu
943 1419 1026 1474 non
1040 1388 1203 1507 simplex
1219 1391 1353 1499 fuisse,
1373 1388 1440 1475 sed
1457 1390 1734 1505 compositum.
1762 1389 1936 1479 Scilicet

492 1527 650 1586 veneno
671 1496 785 1586 altilis
806 1504 933 1587 infixo
953 1501 1119 1589 babetur
1136 1503 1250 1592 ulcu's
1270 1501 1445 1613 januum
1464 1500 1681 1618 erysipelati
1702 1503 1796 1610 (b);
1815 1503 1933 1590 ulcus

492 1617 614 1809 pprrb
634 1616 676 1697 in
693 1642 786 1699 cure
807 1612 964 1810 {capsis
984 1619 1026 1700 in
1044 1617 1173 1750 ipsam·
1186 1643 1321 1704 cutem
1334 1642 1483 1812 algepre·
1496 1624 1631 1810 iratuqii
1645 1613 1797 1810 semper
1810 1615 1934 1750 liabet

491 1731 974 1944 {assedisse
988 1727 1276 1951 illesis-¹¹,
1291 1728 1933 1957 lli22²pl¹¹²a⁰illnll¹ll⁰a

490 1951 689 2038 infamata.
724 1951 792 2036 De
821 1979 873 2036 eo
902 1979 944 2036 er
973 1982 1000 2037 o
1026 1953 1106 2038 alio
1133 1954 1232 2039 loco
1262 1955 1459 2070 agendum
1482 1954 1581 2060 erit,
1611 1957 1705 2036 clini
1727 1954 1934 2070 erysipelas

491 2062 601 2148 malo
677 2067 800 2150 aviori
833 2094 905 2149 acc
982 2091 1027 2173 t,
1061 2068 1185 2177 sitque
1216 2065 1352 2152 naturs
1382 2064 1430 2150 ab
1459 2068 1543 2149 hoc
1572 2067 1705 2150 nostro
1736 2067 1932 2156 dissimile.

492 2177 593 2261 Non
612 2177 718 2261 iem
743 2179 823 2262 ello
841 2176 1034 2285 juditium
1060 2179 1111 2268 de
1136 2178 1211 2264 illo
1233 2209 1275 2264 er
1303 2177 1460 2294 sipelate
1486 2177 1595 2290 quod
1620 2181 1812 2289 antiquis,
1841 2213 1934 2298 prae·

492 2287 609 2405 cipue
622 2293 719 2374 verb
731 2289 945 2375 Scribonio
958 2291 1094 2406 Largo
1107 2291 1228 2412 (dens
1244 2211 1301 2398 (dl

489 2404 593 2487 inter
612 2400 839 2518 erysipelata
861 2431 1115 2491 memoratur.
1142 2407 1339 2516 Quamvis
1361 2407 1467 2488 enini
1486 2405 1602 2520 possit
1619 2402 1671 2487 ali
1699 2405 1834 2490 uandb
1855 2437 1929 2522 pro

489 2513 727 2630 pustularum
746 2519 934 2630 congerie
947 2514 1107 2625 haberi,
1127 2546 1173 2604 ut
1193 2517 1296 2625 vidi,
1323 2525 1364 2604 ὅ(
1383 2545 1480 2602 tunc
1502 2518 1641 2602 ichore
1657 2434 1733 2600 ilae
1748 2518 1928 2632 replean-

490 2653 656 2824 turzsut
680 2628 777 2824 {libi
805 2657 855 2714 eir
882 2628 1117 2767 morborum
1145 2629 1493 2764 describendorum
1523 2631 1767 2743 expositione
1796 2629 1932 2760 obser-

489 2741 973 2967 &insensiles
986 2740 1931 2973 alli&lili3⁰llifflllal'li‘liill

490 2965 715 3050 universum
734 2966 914 3081 serpere,
939 2966 1138 3054 sedetiam
1157 2970 1206 3054 ad
1221 2974 1407 3055 humeros
1431 2973 1472 3052 in
1490 2967 1669 3074 eddom,
1687 2993 1753 3053 aur
1770 2969 1929 3058 seniora

489 3076 609 3184 ferri,
637 3077 827 3190 nulleque
851 3083 1005 3164 ratione
1026 3079 1074 3165 ab
1099 3081 1326 3198 erysipelate
1349 3085 1481 3199 primae
1509 3111 1626 3193 quarn
1654 3079 1929 3198 descripsimus

488 3189 513 3273 s
559 3193 659 3298 cici,
685 3218 761 3277 nec
785 3191 926 3300 causd,
949 3219 1024 3278 nec
1044 3194 1370 3309 symptomaribus
1394 3195 1561 3280 differre.
1589 3192 1638 3276 In
1659 3222 1743 3305 quo
1767 3195 1877 3281 certe
1904 3197 1928 3283 d

1297 2355 1311 2398 ,
1329 2291 1513 2377 &Plinio
1525 2320 1628 2375 zona
1637 2293 1796 2400 dicim,
1809 2321 1928 2406 atque

517 3300 683 3418 escriptb
696 3305 810 3419 apud
833 3334 1077 3393 memoratos
1102 3311 1280 3394 auelores
1301 3307 1403 3394 zonsi
1422 3307 1614 3422 discrepat
1626 3367 1642 3414 ,
1671 3301 1792 3418 queiii
1820 3339 1930 3394 mor·
2085 3413 2086 3424 Ν

487 3415 586 3500 buin
617 3410 772 3502 soedum
799 3417 1036 3535 phlysloenis
1063 3425 1106 3506 in
1126 3451 1372 3538 gangrenam
1396 3418 1514 3507 facile
1531 3419 1754 3528 vertendis,
1778 3419 1929 3538 longo-

488 3557 569 3642 que
600 3532 777 3616 cruciatu
809 3535 992 3634 homines
1052 3539 1284 3621 erimentem
1314 3532 1550 3620 describunt.
1585 3531 1787 3620 Omnibus
1817 3539 1926 3621 enini

487 3643 606 3727 nostri
624 3643 860 3760 erysipelatis
885 3566 1094 3762 generibus
1116 3653 1157 3732 in
1180 3649 1263 3734 soll
1284 3645 1552 3744 delitescentis
1574 3645 1795 3758 periculum
1819 3650 1928 3763 poli·

486 3758 677 3863 tumes,
710 3785 755 3843 ut
789 3752 868 3863 jani
894 3761 1054 3847 diuum.
1090 3763 1258 3878 Agimus
1291 3765 1397 3846 enini
1427 3760 1478 3844 de
1509 3755 1765 3872 erysipelate,
1832 3787 1929 3850 rout

484 3866 649 3955 morbus
679 3873 755 3978 est,
787 3897 862 3956 nec
889 3873 1059 3989 amplior
1087 3881 1161 3961 erit
1187 3877 1385 3988 inquisitio
1409 3871 1515 3959 circi
1541 3872 1638 3981 erysi
1667 3869 1768 3956 elata
1808 3903 1928 3990 ymp-

483 3986 701 4094 romatica,
730 3981 860 4095 qualia
882 3986 969 4070 sunt
992 3986 1245 4094 scorbutica,
1269 4013 1465 4092 venerea,
1487 3899 1698 4092 strumosa,
1724 3983 1790 4070 seu
1817 3985 1927 4070 scro-

485 4093 677 4204 phulosa3
697 4101 790 4182 clini
809 4099 917 4184 eniin
931 4098 1094 4186 morbus
1109 4100 1247 4212 aliquis
1267 4102 1309 4185 iri
1327 4125 1462 4185 cutem
1477 4098 1676 4208 defertur,
1691 4127 1775 4184 non
1791 4101 1927 4212 potest

488 4207 691 4322 erysipelas
714 4239 797 4297 non
813 4215 1012 4302 invehere.

377 4489 384 4502 Ι
522 4415 587 4492 (a)
610 4413 658 4478 ne
676 4417 771 4482 uuis.
792 4423 841 4486 iis.
866 4447 893 4506 3.

520 4489 580 4568 (b)
605 4497 646 4558 lta
668 4519 726 4560 iem
743 4503 871 4590 intelligit
889 4503 1151 4570 Aetius'striabibl.
1164 4525 1200 4586 4,
1220 4505 1309 4572 Semi.
1328 4527 1368 4580 a,
1386 4524 1448 4589 cap.
1462 4521 1518 4580 59,
1539 4501 1585 4566 bb.
1604 4519 1641 4582 5,
1661 4523 1721 4590 cap.
1742 4507 1780 4570 ιθ
1789 4548 1801 4582 ,
1822 4523 1874 4570 arr.
1893 4517 1929 4590 ς

519 4571 581 4650 (⁶)
602 4573 641 4638 L·
657 4577 692 4640 de
709 4579 865 4647 Ulceribus.
1076 4609 1084 4636 s
1892 4585 1898 4594 ’

519 4651 582 4738 μ)
601 4653 672 4742 clf·
690 4671 749 4736 εἴ,
769 4663 817 4728 llb·
838 4689 865 4750 3·
