4226 5916
480 413 564 522 με
787 369 789 378 ’
924 403 1463 492 u·s··nrona1s
1669 327 1698 376 ⁸

296 589 303 620 ‘
358 663 361 672 ,
488 577 597 662 denti
620 572 796 657 ariditate
816 572 1070 676 constituatur
1091 579 1133 655 ὃ(
1156 569 1618 654 confistattobservatio
1639 555 1820 654 veterum
1842 590 1930 653 rem

487 691 642 776 videtur
657 684 856 779 admisisse.
885 683 1005 767 Tunc
1022 684 1199 768 ariditate
1239 683 1399 816 erpetui
1414 687 1514 768 cutis
1528 680 1701 788 laborat,
1720 682 1828 765 arida
1843 687 1927 797 epis

488 803 633 890 dermis
647 803 715 884 vix
729 800 822 881 huic
835 796 1008 888 inhaeret.
1030 798 1113 882 Sed
1132 825 1239 880 certe
1254 801 1394 881 vitrum
1410 826 1460 881 ex
1474 795 1605 878 altiori
1619 795 1731 880 sonte
1747 823 1929 909 repetens

357 929 378 992 ’.
489 917 608 1022 dum,
635 921 676 997 dr
701 912 822 996 caufis
847 937 1089 1025 conceptum
1115 937 1232 1104 arque
1253 911 1383 994 fotum
1406 905 1671 1010 intimioribus
1692 907 1790 992 latet
1809 913 1929 992 inuis.

489 1031 631 1116 Siccus
643 1024 713 1110 iile
728 1027 779 1109 est
793 1023 956 1108 morbus
971 1051 1091 1134 quem
1107 1025 1169 1106 Ga
1187 1051 1284 1108 enus
1297 1031 1361 1127 (a)
1378 1051 1429 1108 ex
1444 1021 1589 1106 morbo
1606 1023 1756 1106 senium
1773 1043 1927 1104 nuncu·

462 1147 618 1258 φανὴ,
639 1139 706 1223 seu
721 1137 870 1224 senium
885 1135 1085 1252 Philippi,
1106 1137 1215 1248 quad
1226 1135 1329 1220 Phili
1384 1167 1428 1220 us
1440 1137 1625 1221 Medicus
1642 1164 1733 1219 eum
1749 1137 1803 1218 fic
1820 1137 1930 1248 prior

490 1256 720 1352 vocaverit3
744 1250 889 1362 reliqui*
908 1252 1006 1335 vero
1032 1255 1209 1335 ausiores
1234 1168 1466 1334 maraffirum
1477 1311 1495 1356 ,
1518 1249 1751 1334 marasmum
1777 1249 1928 1330 siccum

488 1366 716 1482 simpliciter
738 1360 995 1480 appellavere.
1618 1381 1620 1386 ’
1805 1433 1810 1444 .

545 1475 675 1585 Hujus
691 1479 822 1563 causas
838 1501 1006 1587 quatuor
1019 1477 1196 1562 recenset
1210 1472 1387 1559 Galenus
1401 1508 1413 1576 3
1428 1478 1591 1592 primam
1607 1469 1789 1586 {vigiliis
1803 1473 1931 1556 oriun-

491 1594 580 1676 dam
598 1618 708 1706 putat
717 1653 732 1699 ,
748 1591 814 1676 seu
831 1588 852 1673 i
869 1587 1021 1674 cerebri
1037 1621 1085 1674 ac
1100 1591 1312 1706 principis,
1330 1589 1397 1673 seu
1414 1585 1590 1672 animalis
1610 1585 1813 1670 facultatis
1827 1587 1925 1669 vitio

460 1753 466 1774 t
488 1705 741 1820 pendentem.
771 1705 930 1788 Nervus
955 1701 1023 1787 ilia
1047 1703 1198 1821 semper
1221 1705 1275 1786 ita
1301 1702 1431 1788 tensos
1456 1709 1497 1785 dt
1522 1697 1721 1784 vibratiles
1747 1725 1797 1782 ut
1822 1696 1923 1814 laxa-

487 1811 642 1902 tionem
669 1815 927 1932 soporiferam
952 1819 1137 1932 accipere,
1165 1844 1248 1900 non
1276 1815 1442 1929 poffint,
1469 1813 1509 1896 su
1540 1813 1666 1926 ponit.
1694 1809 1833 1895 Altera
1859 1812 1924 1926 ipsi

491 1927 513 2014 i
532 1928 667 2037 jecore
690 1929 860 2043 pendere
877 1928 1045 2014 videtur.
1070 1929 1234 2044 Quipps
1254 1932 1322 2043 ipsr
1344 1938 1386 2014 dr
1407 1844 1591 2012 omniirus
1615 1921 1662 2007 ab
1682 1951 1734 2008 eo
1754 1925 1927 2009 Medicis

453 2073 457 2082 ·
488 2040 612 2152 usqud
634 2042 684 2125 ad
705 2038 884 2126 seiicio'ra
904 2067 1058 2156 patrum
1081 2069 1284 2158 tempora,
1308 2041 1418 2148 jecur
1436 2041 1630 2154 sanguinis
1655 2039 1819 2122 officina
1839 2065 1923 2122 cre·

489 2153 629 2248 ditum.
653 2154 832 2240 Tertiam
856 2157 1002 2268 repetit
1023 2153 1044 2238 a
1069 2153 1295 2239 ventriculo
1317 2163 1339 2238 a
1366 2183 1449 2264 quo
1476 2154 1610 2238 omnia
1636 2159 1680 2236 dt
1701 2154 1923 2236 nutritionis

487 2275 533 2354 dr
547 2291 642 2362 ,eam
665 2268 942 2378 consequentis
966 2271 1269 2352 humectationis
1291 2267 1488 2353 cinnoma
1508 2264 1710 2381 pendent,
1735 2291 1814 2376 quo
1838 2265 1921 2348 ces·

490 2380 625 2486 sante,
651 2380 796 2464 cessare
815 2384 935 2463 etiam
956 2379 1102 2465 debent
1117 2379 1250 2466 vitalia
1270 2385 1442 2465 flumina.
1473 2379 1668 2490 Quartam
1688 2381 1787 2464 vero
1808 2407 1923 2488 quam

490 2492 645 2577 dubitat
660 2523 709 2577 arr
727 2498 856 2609 potiits
873 2493 1064 2608 frigiditas
1077 2493 1260 2580 vocanda
1279 2497 1324 2578 stt
1340 2505 1455 2604 qu‘am
1474 2495 1654 2597 siccitas,
1672 2490 1721 2574 ab
1741 2492 1924 2576 acciden-

489 2605 585 2692 tariit
604 2609 1061 2692 venarum‘exhaustione
1078 2637 1118 2692 re
1170 2608 1330 2691 rendam
1350 2608 1576 2723 pronuntiat
1593 2635 1605 2706 ς
1629 2632 1798 2714 eamque
1815 2633 1924 2688 cura-

489 2722 548 2804 tui
567 2721 715 2828 credit,
736 2718 821 2828 'rure
841 2723 1085 2832 meritisque,
1125 2719 1351 2805 aciliimam.
1375 2722 1586 2820 Vertanntr
1603 2719 1923 2834 porrbnomina,

490 2829 708 2944 divisroque
737 2836 837 2917 haec'
851 2833 1081 2932 siccantium
1113 2831 1314 2918 causarum
1346 2832 1518 2948 prasenti
1581 2833 1731 2942 hysrces
1764 2835 1923 2914 theoria

488 2975 512 3028 a
557 2971 671 3052 etur,
703 2946 835 3032 causas
868 2947 976 3032 cerri
1007 2947 1073 3030 hic
1104 2952 1272 3062 reperies
1308 2949 1490 3031 siccitatis
1521 2973 1545 3028 e
1592 2971 1708 3028 caces
1742 2942 1923 3030 maximi.

534 3061 610 3143 eest
630 3056 783 3143 scilicet
801 3064 991 3167 nutritio,
1014 3059 1117 3144 deest
1137 3060 1230 3175 pers
1250 3063 1363 3144 iratio
1375 3123 1389 3167 ,
1415 3061 1653 3168 omniaque
1678 3061 1925 3172 accipiuntur

464 3189 471 3203 ·
488 3172 593 3254 iniis
603 3231 617 3275 ,
639 3197 705 3254 aut
722 3175 763 3254 in
783 3171 934 3256 molem
950 3173 1176 3286 indigestam
1193 3093 1499 3258 oistrusiionum
1516 3172 1689 3254 feracem
1712 3171 1898 3259 facessunt
1904 3227 1920 3276 ,

363 3329 368 3337 ·
489 3309 557 3367 aut
566 3286 935 3372 inexcremenririos
944 3288 1354 3371 vertunturhumores.
1364 3285 1531 3371 Scilicet
1543 3283 1624 3367 aliae
1633 3281 1923 3372 causaeimenre

489 3399 531 3480 in
549 3417 694 3512 corpus
709 3397 948 3504 redundant,
968 3397 1049 3482 aliae
1066 3397 1193 3480 solum
1210 3424 1354 3514 ‘corpus
1368 3398 1570 3483 invadunt.
1592 3397 1749 3481 Omnes
1766 3397 1923 3481 affetius

489 3513 633 3616 animi,
656 3513 896 3622 quicumque
912 3513 1002 3618 sarr,
1015 3515 1140 3596 'tristes
1156 3513 1387 3626 prasertim,
1408 3513 1502 3595 ditm
1520 3539 1662 3595 nervos
1677 3513 1719 3592 in
1733 3510 1922 3625 spasmum

488 3631 534 3707 dt
549 3621 816 3707 oscillationes
832 3628 1060 3732 concitant,
1078 3627 1259 3708 somnum
1280 3635 1442 3732 arcent3
1465 3624 1646 3734 adeoque
1657 3649 1815 3736 tempus
1831 3621 1926 3708 iilud

490 3735 615 3850 long&
631 3733 861 3850 dispeilunt‚
883 3740 924 3818 in
945 3767 1026 3847 quo
1048 3743 1183 3822 omnia
1199 3740 1288 3824 vasa
1303 3765 1460 3853 turgent
1475 3736 1598 3820 alibiii
1613 3737 1794 3847 liquido,
1818 3745 1860 3822 dt
1873 3763 1926 3820 eo

490 3852 545 3934 ita
571 3848 799 3932 imbuuntur
827 3849 1037 3934 lentiorem
1093 3881 1135 3938 er
1160 3857 1371 3936 circuitum
1393 3877 1438 3935 ut
1464 3851 1674 3934 humiditas
1700 3855 1743 3933 dc
1771 3849 1927 3933 flexibi-

490 3960 579 4047 litas
600 3962 691 4046 inde
711 3988 806 4045 nata
827 3965 1005 4076 perstent.
1037 3883 1152 4047 niihil
1178 3991 1276 4079 ergo
1305 3969 1428 4077 magis
1452 3963 1638 4048 ariditatis
1661 3963 1783 4046 insert
1807 3959 1924 4072 quim

489 4075 633 4186 vigilis
651 4081 849 4159 nosiurnae
864 4105 946 4186 quat
964 4079 1197 4160 exhauriunt
1217 4105 1386 4189 corpora
1408 4109 1419 4176 3
1441 4083 1483 4161 dt
1498 4103 1664 4162 notante
1675 4075 1926 4210 Hippocrate

488 4187 537 4290 <b
549 4195 586 4291 i,
610 4186 724 4271 nulla
746 4189 848 4273 adei)
866 4189 979 4273 arida
995 4188 1123 4274 febres
1140 4193 1369 4274 exoriuntur
1389 4188 1507 4302 quim
1523 4221 1605 4300 quc
1625 4187 1806 4302 invigiliis
1826 4215 1929 4303 pen·-

419 4404 423 4413 .
490 4297 616 4400 dent,
636 4302 742 4384 unda
768 4305 928 4388 effatum
953 4299 1053 4387 iliud
1074 4303 1407 4420 Hippocraricum
1422 4304 1583 4416 somnus
1608 4303 1812 4387 humidat.

487 4463 496 4490 .
551 4411 664 4520 Quid
682 4416 780 4497 verb
801 4419 846 4496 in
866 4416 1042 4502 ariditate
1063 4424 1163 4501 cutis
1187 4427 1228 4501 δι
1242 4441 1475 4504 caeterarum
1498 4419 1695 4530 partium,
1715 4443 1808 4500 nam
1828 4413 1933 4497 inda

489 4524 603 4607 visrm
630 4551 690 4606 res
715 4519 911 4610 maritanda
938 4531 990 4612 eit
1003 4591 1018 4637 ,
1042 4535 1217 4646 praestent
1242 4528 1426 4614 alimenta
1452 4534 1555 4612 acria
1580 4553 1700 4638 atque
1756 4531 1933 4644 iperara,

490 4633 701 4753 prasertim
711 4637 949 4725 verboieosa
957 4705 972 4751 ,
985 4642 1113 4755 qualia
1123 4643 1327 4730 suntcosid
1339 4669 1475 4760 potus,
1492 4559 1760 4756 atquevaniii*

1742 4641 1935 4738 ascatem

485 4783 965 4897 'mmmmmm

531 4896 587 4980 (b)
607 4895 712 4982 Progn.
734 4919 766 4974 1,
785 4899 864 4984 Epid.
884 4923 916 4976 7.
