4188 5916
497 448 594 537 ,mu
941 421 1048 507 uu
1117 417 1481 509 moua1s

497 586 706 674 lenticulas
730 591 846 672 etiam
869 581 1111 689 maculosas,
1144 611 1260 695 atque
1279 586 1419 672 leviter
1438 583 1704 699 squammosas
1729 583 1888 673 seorsim
1908 585 1931 676 d

498 701 644 788 morbo
678 706 720 784 in
752 728 844 785 cute
903 701 1168 811 regerminare
1198 699 1305 786 facit.
1327 701 1449 788 «Nam
1477 698 1574 814 saepb
1601 701 1687 814 post
1716 699 1929 788 obdusiam

499 819 728 901 cicatricem
746 813 861 897 locus
875 730 1104 924 lierpetibus
1116 808 1229 896 anteit
1243 839 1378 928 patens
1393 809 1648 926 lentiginibus
1665 812 1928 902 deformatur:

496 933 592 1014 hinc
601 927 878 1012 tantummodi)
888 955 960 1042 pro
990 922 1444 1010 tercelsrauttoritatem
1459 927 1524 1009 hic
1533 929 1756 1041 impetigini
1769 928 1929 1016 titulum

496 1041 736 1158 peculiarem
758 1039 907 1124 damus.
934 955 1042 1121 §ant
1065 1037 1173 1148 qubd
1190 1036 1454 1121 illustrissimus
1473 1041 1609 1121 anaor
1629 1043 1738 1128 sitin
1762 1042 1928 1152 pedibus

497 1181 615 1266 atque
627 1151 803 1236 manibus
819 1155 1090 1266 impetiginem
1099 1149 1305 1266 presertim
1315 1155 1502 1258 emicare,
1516 1150 1557 1234 id
1571 1153 1689 1234 etiam
1701 1149 1927 1265 herpetibus

471 1294 474 1305 “
496 1268 632 1353 senum
656 1267 863 1381 prasertim
884 1293 1100 1349 commune
1122 1266 1200 1369 est,
1225 1267 1402 1375 quamvis
1427 1261 1635 1348 &abillis
1657 1263 1788 1348 nullus
1810 1263 1927 1352 locus

494 1385 681 1464 immunis
703 1382 760 1465 stt.
782 1380 830 1466 Id
848 1377 896 1462 ab
914 1376 996 1494 ipsi
1016 1376 1122 1461 Celsr
1142 1376 1405 1494 descriptione
1423 1375 1661 1462 desumimus
1677 1378 1788 1489 quod
1807 1383 1926 1466 etiam

494 1492 721 1607 herpetibus
747 1494 909 1606 vulgare
922 1555 935 1598 ,
968 1492 1172 1607 pracsertim
1193 1494 1234 1573 in
1257 1496 1348 1575 viris
1376 1493 1599 1578 exercitatis
1622 1516 1741 1600 atque
1760 1489 1924 1578 robustis

496 1606 718 1720 contingit,
742 1633 787 1691 ut
811 1607 1014 1720 incipienti
1036 1606 1187 1720 herpeti
1207 1601 1388 1717 jungatur
1408 1603 1635 1718 phlogosrs,
1653 1611 1694 1686 ὅ(
1709 1605 1925 1690 inflamma-

494 1723 614 1804 tionis
640 1719 918 1836 erysrpelatosa
938 1717 1033 1831 sape
1054 1745 1123 1833 per
1144 1718 1367 1802 universum
1393 1717 1525 1800 morbi
1551 1715 1784 1825 decursum,
1817 1749 1925 1804 nunc

495 1837 747 1918 concitentur
760 1898 771 1938 ,
799 1862 905 1916 nunc
926 1831 1060 1916 sileant
1083 1833 1252 1944 vestigia.

548 1948 698 2031 Verum
732 1945 829 2031 licet
857 1955 899 2031 ὅ(
930 1948 1137 2028 curatione
1168 1945 1271 2060 apud
1306 1946 1488 2052 antiquos
1522 1947 1564 2026 ὃ(
1596 1941 1926 2057 symptomatibus

495 2059 689 2145 consonet
709 2052 845 2174 impeti
876 2087 901 2142 o
931 2087 1025 2143 cum
1051 2060 1121 2141 her
1149 2056 1304 2162 etibus,
1331 2083 1406 2140 nec
1425 2055 1541 2170 polsrt
1559 2052 1668 2161 juxta
1685 2055 1793 2140 Celsr
1813 2085 1925 2142 men-

491 2195 575 2257 tem
600 2201 694 2254 cum
709 2090 929 2256 lichenilsus
952 2199 1053 2282 quos
1072 2088 1165 2252 alibi
1185 2170 1452 2284 descripsimus
1478 2167 1696 2275 confundi,
1724 2196 1770 2254 ut
1792 2197 1923 2256 tamen

493 2293 535 2368 ὁ(
555 2282 732 2370 Galenus
755 2287 945 2372 &caeteri
969 2279 1146 2368 auetores
1172 2285 1302 2367 Graeci
1323 2278 1518 2387 voluere,
1541 2281 1745 2366 fatendum
1768 2285 1924 2370 estnon

493 2402 637 2481 mirum
655 2398 732 2484 esse
758 2401 782 2482 sr
812 2397 915 2513 apud
939 2399 1069 2482 varios
1097 2400 1273 2480 ausiores
1296 2399 1362 2506 qui
1385 2393 1435 2479 de
1461 2392 1610 2478 morbis
1639 2397 1742 2480 cutis
1765 2397 1924 2511 scripse·

493 2537 604 2616 runt,
630 2511 727 2627 sape
750 2511 899 2596 diversa
918 2512 964 2594 srt
979 2508 1152 2616 ejusdem
1176 2508 1305 2593 morbi
1323 2508 1534 2622 descriptio
1557 2505 1606 2590 ab
1629 2506 1698 2592 illi
1718 2539 1838 2619 quam
1858 2511 1922 2594 alii

492 2625 688 2739 usurpant.
713 2627 812 2708 Non
832 2627 939 2709 enim
959 2623 1068 2708 idem
1087 2626 1140 2706 est
1157 2624 1453 2739 impetiginibus
1475 2619 1674 2727 laborare,
1695 2622 1759 2706 seu
1776 2627 1923 2740 herpe-

490 2737 619 2845 tibus,
640 2741 680 2820 in
696 2741 775 2821 oris
792 2734 1113 2821 meridionalibus
1130 2766 1225 2846 quas
1243 2751 1369 2820 torret
1387 2737 1533 2820 direbla
1545 2732 1638 2817 solis
1658 2735 1922 2848 impendentis

492 2854 594 2934 asilo
603 2914 617 2958 ,
640 2855 681 2933 in
702 2849 843 2958 quibus
861 2853 962 2934 cutis
978 2877 1048 2962 per
1067 2849 1106 2932 se
1125 2848 1231 2932 arida
1241 2911 1256 2956 ,
1278 2847 1470 2955 exsucca,
1492 2846 1608 2930 densa
1626 2873 1748 2964 partes
1768 2850 1922 2934 humo·

490 2993 577 3046 rum
608 2961 806 3046 subtilium
836 2991 918 3045 non
949 2966 1114 3061 retinet,
1144 2963 1214 3044 nist
1246 2965 1442 3067 acerrimae
1469 2963 1541 3043 smt
1569 2957 1643 3042 illa
1671 2967 1713 3045 bt
1742 2954 1921 3072 quasrln

489 3079 704 3160 extrasium
729 3075 915 3183 redaeae,
938 3075 1005 3160 sed
1017 3075 1208 3158 summam
1226 3071 1339 3158 simul
1358 3073 1566 3158 molcculae
1584 3102 1692 3158 acres
1710 3075 1760 3158 ad
1779 3075 1922 3162 roden-

490 3189 585 3273 dum
609 3185 792 3271 obtinent
813 3189 1034 3274 efficaciam
1055 3219 1067 3289 3
1092 3216 1159 3273 aut
1183 3185 1322 3272 contris
1343 3192 1390 3272 iis
1419 3189 1540 3301 affligi
1568 3212 1686 3296 atque
1711 3187 1921 3274 contabes-

491 3327 581 3387 cere
600 3302 641 3382 in
662 3298 764 3384 locis
785 3299 957 3414 frigidis,
975 3299 1030 3384 uli
1060 3304 1198 3409 inosrs,
1223 3326 1339 3411 atque
1363 3301 1569 3416 paludosis.
1594 3300 1772 3385 Multum
1790 3303 1920 3387 differt

488 3442 708 3528 ancorpus
735 3415 775 3494 in
801 3414 911 3524 quod
937 3333 1118 3498 incidunt
1145 3412 1270 3499 molle
1296 3416 1368 3522 stt,
1395 3415 1650 3518 foemineum,
1679 3443 1816 3499 carnes
1844 3417 1917 3500 dis-

489 3531 654 3611 sluentes
675 3523 845 3634 habeat,
869 3527 1021 3612 deliciis
1037 3527 1200 3610 frasium
1216 3535 1258 3612 bt
1272 3525 1541 3644 voluptatibus
1561 3529 1735 3641 repetitis
1753 3555 1916 3628 enervc;

488 3671 538 3724 an
552 3639 729 3723 indurata
744 3637 943 3726 laboribus
960 3639 1131 3724 militum
1145 3637 1323 3724 membra
1335 3645 1382 3726 iis
1403 3643 1676 3755 corripiantur.
1694 3640 1811 3726 Unde
1824 3641 1917 3726 licit

487 3750 594 3838 nulli
611 3755 763 3837 ratione
777 3758 900 3838 variet
913 3755 1200 3839 indicationum
1214 3753 1305 3838 sons
1323 3781 1439 3866 atque
1455 3754 1594 3840 scaturi
1625 3782 1679 3862 o,
1705 3756 1917 3839 methodus

485 3894 620 3952 tamen
650 3865 834 3950 medendi
867 3869 1034 3980 insignes
1065 3867 1211 3952 edocet
1244 3867 1479 3953 diversitates
1512 3785 1791 3970 adhibendam
1824 3873 1915 3953 cbm

486 3983 552 4065 hic
569 3977 723 4063 stimulo
743 3987 785 4064 δι
805 3976 959 4065 calcare
973 4005 1107 4065 natura
1122 3982 1166 4064 srt
1177 3979 1399 4088 incitanda,
1418 3985 1482 4064 hic
1499 3977 1637 4064 contr'a
1652 3979 1777 4066 fraenis
1797 4005 1917 4093 atque

486 4092 648 4176 habenis
679 4091 913 4177 coercenda.
948 4092 1076 4202 Quod
1102 4093 1189 4176 satis
1221 4119 1367 4177 norunt
1395 4093 1550 4178 Medici
1577 4095 1644 4204 qui
1674 4119 1725 4177 ex
1752 4093 1919 4212 Hippo·
2045 4173 2048 4180 .

488 4207 641 4286 cratico
664 4232 860 4320 precepto
883 4235 964 4289 non
983 4203 1212 4292 universalia
1232 4211 1383 4292 tantitm
1410 4205 1664 4314 morborum,
1694 4204 1761 4290 sed
1790 4236 1921 4324 aegro-

487 4343 575 4414 rum
596 4316 802 4429 'singularia
827 4321 1028 4406 scetantur.
