4546 5866
554 335 637 483 tou
999 379 1110 472 us:
1170 377 1538 470 nonnis

556 578 675 661 atque
703 575 1002 638 concontratam
1030 551 1279 662 eruptionem
1317 545 1514 628 densiores
1543 563 1583 626 at
1610 567 1663 625 ue
1695 537 1907 646 fortiores,
1941 537 2000 623 ita

556 690 602 747 ut
622 666 692 772 qui
714 668 812 746 areis
836 666 946 777 pueri
968 660 1161 775 deturpati
1180 660 1346 768 fuerint,
1369 656 1465 771 sape
1489 659 1619 770 postea
1641 649 1857 738 densissimi
1877 651 2001 737 coms

556 777 821 860 honestentur.
1674 779 1685 804 ⁸

615 887 727 968 Hinc
754 909 862 998 patet
888 888 1131 969 curationem
1155 887 1344 967 vitiorum
1371 883 1566 964 horumce
1590 876 1704 962 altilis
1731 873 1845 960 &ab
1873 905 1998 992 expo-

558 998 638 1082 fitis
661 1000 861 1111 principiis
882 997 957 1080 esse
979 996 1231 1110 repetendam
1253 1019 1370 1102 atque
1390 991 1685 1097 instituendam,
1705 991 1881 1104 topicam
1896 993 1997 1072 veri>

559 1109 669 1222 posse
694 1113 846 1190 tantum
869 1108 918 1192 ad
945 1113 1230 1224 reparationem
1255 1104 1490 1220 capillorum
1518 1104 1729 1208 conferre,
1754 1099 1861 1184 circi
1885 1102 1998 1212 quod

559 1219 625 1302 vel
644 1219 816 1301 maxime
830 1217 1006 1304 celebres
1021 1221 1174 1304 Medici
1191 1218 1372 1303 videntur
1391 1215 1477 1331 plus
1498 1214 1721 1328 empyrismi
1742 1211 1861 1325 quint
1879 1218 2000 1298 ratio·

558 1331 621 1412 nis
643 1332 684 1409 in
708 1327 882 1413 medium
910 1331 1124 1445 protulisse.
1162 1331 1278 1414 Unds
1306 1350 1368 1414 tot
1395 1330 1551 1413 adhoc
1580 1325 1759 1411 adhibita
1789 1325 1996 1433 formula,

561 1467 728 1548 quarum
756 1440 876 1524 basrm
908 1443 974 1527 vel
1007 1445 1109 1556 apud
1143 1443 1404 1527 dottiffimum
1436 1442 1620 1524 Pisonem
1652 1441 1894 1522 constituunt
1925 1438 1996 1552 pili

561 1551 680 1632 ursini
707 1551 889 1637 calcinati
918 1553 1099 1662 scilliti,
1128 1553 1344 1669 plantaeque
1370 1581 1508 1638 omnes
1537 1581 1620 1662 qua
1650 1549 1887 1666 capillorum
1912 1552 1998 1634 for·

553 1675 669 1742 ‘mam
687 1664 859 1748 referunt
865 1727 879 1771 ,
898 1691 942 1748 ut
961 1667 1047 1751 sunt
1065 1668 1315 1773 adianthum,
1336 1669 1623 1771 trichomanes,
1638 1663 1803 1775 capillus
1817 1667 1995 1770 veneris,

563 1769 755 1879 verbena,
778 1783 858 1861 &o
876 1775 1005 1883 Pejori
1026 1781 1195 1863 instituto
1213 1780 1340 1861 adhuc
1358 1777 1607 1892 sphaetitidis,
1627 1777 1691 1859 seu
1715 1776 1880 1890 cupressi
1899 1776 1995 1860 folia

562 1885 894 1971 commendantur
927 1888 975 1972 ab
1008 1894 1162 1995 Aetio,
1198 1890 1343 2004 quippe
1377 1920 1461 2001 quae
1497 1895 1589 1972 curn
1620 1885 1750 1971 valide
1784 1889 1992 2002 stringant,

563 2019 699 2079 vetant
721 1999 880 2106 quidem
900 2029 951 2084 ne
969 2002 1131 2085 vitiosus
1154 2005 1299 2084 humor
1318 2006 1358 2084 in
1379 2002 1556 2085 affesiam
1578 2027 1727 2115 partem
1749 1998 1799 2082 de
1828 2027 1991 2107 onatur,

564 2105 633 2189 sed
662 2107 776 2190 simul
800 2138 950 2196 meatus
977 2110 1189 2196 bulborum
1215 2114 1425 2219 claudunt,
1460 2142 1511 2196 ne
1537 2139 1651 2196 exeat
1678 2112 1700 2194 ὲ
1726 2031 1852 2195 bulso
1879 2111 1988 2224 pilus.

564 2217 682 2302 Unde
696 2217 792 2304 licet
802 2223 1001 2338 duplicem
1019 2221 1260 2338 alopeciam,
1281 2227 1345 2308 seu
1366 2225 1403 2308 T
1428 2225 1521 2307 riom
1540 2226 1773 2336 distinguant
1783 2224 1986 2307 Avenzoar

564 2335 610 2412 δι
635 2333 859 2418 Auicennas
874 2398 889 2440 ,
927 2366 1088 2446 quarum
1123 2336 1242 2420 altera
1275 2337 1413 2418 bilioa
1445 2338 1514 2440 stt,
1548 2336 1667 2436 altera
1728 2333 1987 2448 hlegmatica,

564 2469 649 2524 non
662 2444 782 2527 video
798 2449 1005 2556 quomodo
1019 2454 1154 2563 topica
1166 2479 1214 2533 ex
1237 2448 1411 2532 arsenico
1421 2512 1435 2555 ,
1457 2449 1483 2528 sr
1499 2475 1630 2532 tamen
1646 2366 1863 2532 arsdnicum
1884 2451 1995 2532 inter·

482 2639 484 2644 ,
564 2574 722 2663 precum
750 2585 832 2640 non
860 2561 905 2642 srt'
931 2561 1086 2670 Darstru'
1112 2559 1313 2667 Arabum,
1350 2562 1416 2646 seu
1449 2565 1773 2664 cinnamomum,
1809 2560 1993 2646 conferre

564 2662 749 2793 valeant,
777 2695 843 2752 aut
859 2674 939 2754 auri
959 2672 1185 2780 squamma,
1208 2700 1274 2757 aut
1291 2674 1468 2778 demum,
1492 2673 1600 2783 quod
1619 2669 1727 2786 pejus
1745 2675 1815 2777 est,
1833 2669 1992 2757 alumen

563 2771 712 2887 ahquid
739 2781 924 2866 efficiant.
955 2784 1118 2867 Meliori
1142 2783 1249 2869 certe
1270 2789 1440 2870 instituto
1466 2788 1679 2868 aromatica
1701 2783 1884 2866 unetuosa
1902 2784 1993 2868 sua⁴

564 2885 732 2996 dentur,
757 2891 891 2978 oleum
915 2897 964 2979 de
984 2896 1120 3002 kervai,
1135 2898 1202 2981 seu
1219 2898 1269 2982 de
1292 2901 1411 3003 keiri,
1437 2897 1571 2981 oleum
1597 2894 1819 3000 laurinum,
1848 2897 2000 2980 nastur-

564 3001 688 3106 tium,
708 3004 898 3118 srnapismi
911 3069 923 3112 ,
949 3016 990 3091 δι
1013 3035 1057 3092 ut
1076 3013 1216 3094 Aetius
1239 3017 1279 3092 ὃ(
1301 3008 1500 3093 Oribasrus
1522 3007 1744 3112 suaserunt,
1766 3008 2000 3094 fricationes

563 3113 771 3225 exasperis
785 3116 891 3202 soliis
908 3121 1002 3202 fictis
1010 3183 1024 3224 ,
1037 3119 1246 3234 postebque
1259 3121 1486 3205 illinitiones
1503 3149 1550 3202 ex
1568 3119 1661 3203 oleo
1673 3119 1867 3202 unuuoso
1882 3121 2002 3204 simul

562 3229 608 3304 δι
629 3230 873 3328 aromatic03
894 3230 1017 3312 modo
1039 3261 1170 3316 tamen
1193 3234 1480 3348 potentioribus
1503 3232 1800 3315 medicamentis
1826 3237 1867 3312 ὅ(
1889 3235 2004 3315 visin

562 3337 763 3445 euchymo
782 3364 899 3448 atque
918 3339 1021 3424 belle
1041 3374 1114 3456 pro
1131 3344 1276 3429 viribus
1295 3343 1584 3448 distribuendo,
1608 3346 1785 3428 materies
1801 3341 2005 3427 sufficien-

561 3469 623 3532 ter
647 3477 853 3643 prapparata
881 3453 937 3535 stt.
968 3455 1083 3539 Unde
1115 3482 1222 3568 patet
1241 3457 1371 3566 qubd,
1397 3458 1425 3538 sr
1449 3455 1662 3570 seposueris
1684 3454 2004 3568 empyrismum,

561 3563 701 3642 metho
731 3593 775 3645 us
811 3567 1004 3648 curatoria
1037 3571 1077 3649 in
1106 3569 1328 3652 universum
1358 3567 1634 3652 commendata
1666 3566 1734 3650 illa
1763 3567 1884 3650 fuerit
1922 3569 2010 3680 qui

562 3672 665 3800 asilo
678 3676 766 3755 vitae
781 3699 897 3783 atque
912 3678 1065 3783 fervor,
1081 3682 1122 3761 in
1133 3709 1251 3763 unam
1268 3706 1429 3794 partem,
1445 3677 1667 3792 capillatam
1682 3677 1855 3783 scilicet,
1875 3679 2010 3765 suerit

560 3809 780 3893 invtgotata
805 3812 922 3896 atque
947 3791 1148 3874 instaurata
1171 3819 1240 3906 per
1264 3795 1496 3875 irritantium
1521 3791 1905 3874 medicamentorum
1938 3823 2010 3878 ac·

559 3894 727 3979 tionem.
755 3897 881 4006 Quod
907 3901 1013 3985 certe
1039 3919 1112 4016 pro
1141 3907 1279 3987 osrtum
1305 3903 1470 4018 scopum
1493 3906 1683 4014 attingere
1710 3931 1792 3984 non
1813 3901 2006 4012 ualeret,

560 4005 589 4086 st
613 4008 777 4114 humor,
797 4010 899 4094 resie
917 4042 990 4125 pro
1012 4043 1127 4097 causa
1150 4013 1242 4098 mali
1262 4014 1439 4119 habitus,
1459 4017 1613 4126 fugatus
1635 4043 1717 4096 non
1739 4013 1846 4097 esset.
1876 4017 2008 4102 Unde

560 4115 810 4202 Mercurialis
831 4130 892 4226 (o)
915 4124 1055 4232 quide
1072 4130 1152 4208 hoc
1168 4124 1313 4209 morbo
1330 4128 1416 4210 fuse
1435 4127 1603 4238 scripsit,
1632 4124 1722 4208 ante
1743 4123 1869 4208 ullam
1890 4131 2012 4244 topi-

560 4255 701 4311 corum
716 4262 763 4346 ap
792 4228 1020 4318 licationem
1029 4235 1116 4321 vult
1125 4267 1268 4351 corpus
1279 4237 1445 4322 fortibus
1461 4240 1658 4366 repurgari
1674 4233 2012 4352 medicamentis,

559 4362 604 4420 ut
621 4341 728 4460 hieri
775 4345 1148 4458 iacolocynthidos,
1175 4379 1293 4460 quant
1318 4355 1417 4433 inter
1438 4375 1570 4461 toprca
1586 4346 1735 4432 Arabes
1758 4377 2008 4452 numerant,

558 4451 688 4534 forsan
707 4481 757 4536 ex
780 4459 1035 4574 interpretum
1059 4491 1204 4547 errore.
1234 4463 1382 4544 Verirm
1406 4464 1466 4544 his
1488 4458 1745 4572 adimplendis
1774 4455 2016 4550 indicatio}

558 4559 672 4647 nibus
702 4572 867 4652 omnini>
897 4570 1105 4686 praeluceat
1135 4573 1274 4659 Celsus
1302 4573 1386 4681 (b),
1415 4576 1483 4686 qui
1513 4569 1682 4658 breviter
1714 4571 1813 4656 nihil
1846 4577 2016 4668 meiius

596 4741 656 4812 (a)
678 4739 726 4834 De
747 4741 836 4802 Motb.
860 4745 962 4810 Curan.
984 4747 1029 4810 lib.
1054 4769 1084 4824 r,
1103 4769 1163 4832 cap.
1180 4769 1210 4821 4.

493 4875 496 4881 .
595 4817 655 4900 (b)
676 4821 736 4882 Lib.
755 4833 793 4894 6,
808 4844 867 4906 cap.
884 4845 912 4895 4.
