4292 5904
700 425 1199 530 CUTANEI&
1587 455 1679 563 qr

226 590 503 691 foetiditasilla
524 595 614 690 casu
633 607 847 722 contigerit
857 669 872 716 ‚
896 607 951 722 ita
971 631 1016 692 ut
1035 607 1117 693 dici
1136 601 1321 690 morbosa
1340 595 1483 721 polsrt,
1506 629 1602 696 tunc
1617 642 1669 702 ex

229 711 435 803 altior-ibus
461 719 663 832 principiis
687 745 748 805 res
771 721 984 836 repetenda
1008 723 1062 805 est
1074 781 1090 829 ,
1115 727 1158 806 bc
1178 717 1294 804 causa
1315 722 1356 802 in
1378 723 1538 806 internis
1560 723 1668 810 scru-

229 828 361 914 tanda.
379 829 490 946 Saepe
503 827 645 918 enimi
662 829 817 918 saburrd
829 837 980 919 &vitio
996 833 1327 938 comestionum,
1342 833 1461 914 etiam
1472 835 1512 916 in
1522 831 1667 924 ultime

225 943 427 1027 tottionis
457 969 737 1050 excrementa,
769 944 873 1031 odor
898 947 1081 1051 influxit,
1106 949 1160 1030 ita
1182 969 1227 1030 ut
1247 945 1376 1032 virum
1398 947 1578 1030 noverim
1600 953 1668 1035 cui

228 1050 397 1138 soereant
418 1054 565 1174 axilla,
593 1059 749 1167 quoties
768 1056 907 1143 allium
932 1057 1177 1165 comederit,
1198 1083 1398 1167 nunquam
1421 1051 1515 1140 aliis
1537 1091 1550 1158 ς
1573 1059 1667 1146 Ben-

226 1190 348 1276 gerus
372 1169 513 1253 virum'
533 1195 766 1277 memorat,
798 1173 863 1256 cui
888 1173 1027 1255 vinum
1052 1170 1331 1284 Hungaricum
1361 1193 1526 1284 epotum
1560 1170 1667 1258 idem

227 1276 421 1364 efficeret.
445 1279 562 1366 Unde
584 1283 666 1366 hoc
687 1283 730 1365 in
751 1283 842 1368 casu
867 1281 967 1366 illud
986 1282 1153 1398 superest
1173 1308 1218 1368 ut
1242 1285 1554 1365 concoctionem
1574 1312 1669 1370 cura

229 1385 446 1498 habeatur,
468 1395 655 1479 humores
667 1395 797 1480 vitiosi
812 1404 855 1480 δι
867 1394 1136 1511 expellantur,
1153 1400 1196 1480 bt
1209 1399 1467 1480 immutentur
1477 1453 1492 1504 ,
1506 1393 1668 1480 dembm

227 1497 367 1586 latenti
387 1507 627 1618 cuicumque
648 1509 872 1592 acrimonia
890 1513 1035 1594 eximia
1057 1537 1153 1598 cura
1173 1507 1414 1598 adhibeatur.

228 1717 1665 1800 m

604 1913 680 2037 ‚C
717 1912 844 2022 ΑΡ
882 1915 935 2020 U
973 1913 1025 2018 T
1118 1915 1145 2017 I
1183 1914 1246 2020 V.
1297 1951 1308 1972 ·

508 2132 596 2242 De
623 2135 814 2273 Morbis
843 2137 944 2245 cuti
959 2172 1141 2243 artuum
1159 2134 1385 2278 propriis.

224 2303 304 2494 P
305 2419 484 2488 aaran·
500 2397 640 2482 causas'
659 2396 845 2483 uniuersa
870 2398 953 2486 cuti
973 2423 1234 2504 communes,
1258 2395 1401 2508 quibus
1424 2393 1494 2484 illa
1516 2397 1668 2486 morbis

224 2534 429 2616 tentatur,
453 2505 531 2614 jam
548 2508 635 2594 satis
654 2506 891 2624 descriptas,
911 2511 1121 2624 singulares
1136 2507 1206 2593 stbi
1227 2510 1430 2596 vindicant
1445 2535 1573 2619 artus,
1597 2511 1666 2598 seu

225 2623 495 2716 extremitates
525 2650 608 2732 quae
638 2651 722 2706 non
750 2623 876 2710 modb
902 2649 1157 2708 externorum
1185 2619 1433 2728 obiedomm
1461 2621 1667 2710 insultibus

225 2733 405 2824 maxime
425 2757 588 2849 patent,
613 2733 823 2822 sedetiam
849 2736 1069 2822 sutrsllones
1092 2737 1267 2848 proprias
1286 2731 1356 2818 fibi
1384 2760 1583 2820 exercent.
1605 2735 1666 2819 Ita

228 2847 419 2944 manlium
441 2849 543 2939 curis
564 2845 759 2962 singulare
777 2850 899 2936 tadilo
920 2877 1113 2963 organum
1133 2849 1175 2934 in
1194 2850 1325 2962 apices
1347 2873 1547 2934 extremos
1565 2846 1668 2958 digi-

227 2987 369 3058 torum
404 2959 593 3074 dispertiti
628 2963 840 3048 constituit.
870 2961 996 3068 Cujus
1034 2986 1166 3046 tamen
1196 2965 1289 3052 cbm
1322 2957 1345 3044 b
1374 2987 1521 3046 nerveo
1554 2958 1666 3043 sensu

225 3071 685 3209 pendeatexercitium,
702 3074 861 3160 affedus
884 3078 1004 3161 etiam
1021 3071 1088 3170 vel
1106 3071 1332 3188 depravati,
1354 3070 1421 3158 vel
1448 3073 1573 3176 audi,
1599 3069 1669 3156 vel

225 3187 431 3278 mminuri
449 3186 498 3271 ad
518 3213 668 3272 nerveae
684 3186 960 3300 sentientisque
978 3189 1095 3302 partis
1115 3181 1280 3271 morbos
1300 3186 1496 3300 pertinent
1513 3217 1522 3269 :
1544 3185 1668 3270 strues

224 3321 399 3407 tritaque
420 3299 521 3382 cutis
544 3296 602 3388 nil
622 3296 693 3384 srbi
711 3297 912 3416 peculiare
930 3298 1106 3390 vindicat
1117 3359 1131 3404 ,
1154 3322 1224 3383 aut
1242 3294 1421 3411 postulat.

290 3411 436 3506 Verbm
452 3411 580 3518 cutis,
602 3413 756 3508 arcitum
768 3412 976 3529 presertim
987 3437 1088 3525 ,με
1112 3414 1213 3524 ignis
1228 3408 1371 3494 ardore
1391 3405 1667 3514 comburitur,

225 3547 301 3616 eut
315 3521 589 3634 conglaciatur
602 3523 761 3640 spiculis
782 3527 966 3639 frigoris,
991 3527 1089 3606 &in
1106 3547 1358 3714 gangrarum
1380 3516 1559 3624 decidit,
1581 3549 1667 3714 guar

228 3635 370 3730 omnia
394 3634 498 3748 apud
524 3639 619 3724 ,artis
644 3639 888 3748 Chirurgicae
907 3635 1084 3718 auderes
1124 3629 1192 3716 use
1213 3633 1394 3735 marta,
1418 3629 1468 3714 ad
1501 3659 1590 3716 mor
1612 3659 1673 3722 ,oe

229 3771 425 3846 eutaneos
449 3745 769 3855 vixpertinent3
795 3750 889 3830 cbm
912 3741 1065 3830 scilicet
1086 3769 1154 3828 aut
1176 3741 1226 3827 ad
1245 3738 1452 3858 erysipelas
1471 3739 1669 3858 phlybloe-

228 3859 377 3956 nolum
407 3855 647 3966 reserantur,
683 3855 841 3974 propril
875 3881 1007 3944 tamen
1037 3858 1242 3942 curatione
1266 3884 1341 3972 pro
1367 3856 1518 3940 tatione
1544 3854 1667 3940 cause

228 3969 468 4078 sanandum,
486 3993 553 4062 aur
571 3968 620 4054 ad
638 3970 815 4084 escharas
831 3978 875 4055 bt
893 3971 1034 4056 crustas
1049 3970 1338 4084 gangraenicas‚
1359 3997 1444 4079 quae
1465 3995 1668 4076 nunquam

228 4083 447 4190 tolluntur,
474 4084 544 4166 nist
565 4110 635 4197 per
660 4081 871 4190 subjectam
893 4082 1022 4170 rextiu
1042 4079 1239 4166 cellularis
1259 4083 1403 4193 integri
1424 4079 1671 4273 suppuratio.-

229 4227 343 4294 nem.
367 4196 491 4290 Hinc,
548 4199 640 4286 riter
658 4194 683 4288 ὲ
703 4195 935 4292 morborum
955 4221 1213 4292 cumneorum
1229 4217 1396 4278 numero
1420 4216 1466 4283 to
1498 4191 1599 4276 enda
1615 4192 1669 4276 est

231 4337 441 4430 gangrena
459 4224 552 4417 isba,
567 4336 638 4396 aut
658 4309 813 4418 senilis,
832 4333 898 4393 aut
918 4305 1140 4392 scorbutica
1151 4368 1166 4413 ,
1192 4307 1395 4390 autetiam
1412 4301 1460 4386 ab
1477 4301 1553 4388 aliti
1573 4301 1669 4414 qui·

232 4450 413 4533 cumque
431 4421 735 4536 degeneratione
752 4421 948 4534 sanguinis
968 4445 1057 4503 nata
1077 4449 1160 4530 quae
1183 4445 1276 4502 eum
1297 4420 1385 4502 virae
1408 4414 1537 4499 usibus
1558 4420 1667 4532 inep-

232 4551 325 4624 tum
349 4533 497 4620 reddat.
525 4535 625 4619 Haec
650 4537 756 4621 enim
781 4530 889 4617 lente
916 4531 1147 4646 proserpens
1169 4559 1252 4614 non
1276 4532 1399 4614 cutim
1424 4525 1577 4634 solam,
1600 4527 1668 4614 sed

231 4672 368 4766 partes
384 4642 569 4756 subjectas
587 4647 725 4734 sensim
737 4643 817 4733 viti
833 4641 1035 4730 defraudat
1054 4652 1096 4729 bc
1117 4641 1257 4744 sensu;
1281 4639 1447 4756 rapidibs
1468 4642 1665 4746 excurrit,-

235 4757 498 4855 srscorbutici
510 4759 605 4870 quid
619 4791 693 4879 pro
707 4757 822 4846 causi
834 4755 1155 4859 habeat;lentior
1168 4757 1243 4861 est,
1263 4755 1368 4839 staur
1383 4750 1511 4838 senilis
1524 4751 1665 4858 suerit3

227 4898 307 4972 βυτ
334 4867 639 4968 melancholica.
671 4871 738 4962 Ab
755 4875 932 4986 artbunr,
959 4869 1182 4988 &quidem
1205 4865 1435 5066 inferioppm
1454 4889 1549 5002 cute
1560 4923 1577 4973 ,
1596 4857 1668 4954 ubi
1707 4887 1717 4904 ·

909 5013 912 5020 ·
1395 5003 1496 5066 ooo
