4228 5898
492 465 571 542 {40
712 424 810 523 ‘on
865 428 1207 522 moue-ts*
1246 405 1682 518 corruere.

486 601 645 712 generi,
669 598 769 686 nihil
791 603 846 686 est
866 598 972 684 unde
995 591 1217 682 dubitemus
1239 592 1407 702 de'ejus‘
1427 589 1737 680 indicationlbua
1765 601 1928 679 curato-

487 713 567 820 riis.
585 700 945 798 Ac‘commodanda
962 713 1062 793 aetati
1084 706 1315 794 mercuralia
1335 736 1493 826 pauca,
1514 731 1641 816 eaque
1665 705 1716 792 ad
1744 702 1927 793 debilita-

486 850 571 908 tem
592 823 786 940 puerilem
817 822 1033 940 ponderata
1058 831 1101 908 dt
1125 821 1276 907 summe
1302 846 1462 906 tenuata
1484 818 1688 904 offerenda
1714 820 1813 906 sunt.
1843 817 1925 902 Sua

491 937 657 1049 quisque
682 937 798 1046 jasiet
812 935 1127 1042 medicamenta,
1151 963 1220 1050 per
1239 961 1313 1018 nos
1338 932 1435 1018 licet
1445 995 1460 1039 ‚
1483 930 1766 1018 nodosarum
1786 943 1828 1020 bt
1844 932 1924 1018 sure

489 1047 572 1133 ulla
598 1053 824 1135 irritationis
848 1047 944 1134 noti
971 1051 1188 1134 mercurius
1210 1045 1495 1141 irhroducatur.
1522 1041 1785 1161 Applicentur
1803 1050 1923 1132 etiam
2035 1133 2043 1149 ‚

491 1166 576 1248 cuti
603 1190 771 1248 externat
794 1159 908 1266 hujus
934 1162 1088 1276 generis
1112 1165 1259 1276 topica.
1289 1159 1392 1244 Atsr
1418 1153 1550 1242 morbi
1575 1158 1771 1244 cutaneii
1791 1161 1923 1245 rachi-

492 1275 575 1360 ride
589 1277 785 1390 pendeant
832 1303 924 1360 uam
943 1269 1142 1360 hrduxerit
1165 1274 1274 1358 casus
1292 1269 1432 1383 aliquis
1446 1333 1460 1378 ‚
1476 1295 1573 1356 tunc
1595 1270 1805 1357 herbarum
1822 1300 1923 1359 atte-

490 1415 697 1472 nuannum
727 1303 855 1472 modi>
887 1384 1138 1494 instaturum,
1166 1413 1263 1476 tunc
1283 1381 1463 1470 ‘eruditus
1489 1386 1696 1469 antimonii
1722 1387 1811 1472 usus
1842 1385 1921 1472 illis

491 1498 726 1631 medebitur.
744 1501 837 1588 Nec
865 1502 918 1586 est
942 1498 1052 1612 qubd
1076 1497 1241 1615 amplihs
1269 1493 1402 1582 inillis
1428 1495 1689 1635 exanthlandi
1716 1497 1922 1614 provincii

489 1612 862 1843 mslbiibbiis‘ipsi
881 1726 949 1812 lue
973 1721 1314 1814 veneredmalum
1345 1719 1564 1920 scrophulae
1588 1724 1640 1806 src
1665 1723 1773 1810 disis
1805 1728 1921 1812 exhi-

490 1837 616 1946 bent,
639 1841 735 1956 saepd
749 1843 790 1925 in
802 1838 966 1926 morbos
982 1867 1170 1925 cutaneos
1188 1839 1407 1944 vertenda,
1439 1836 1489 1920 ed
1503 1865 1598 1920 mos.
1610 1837 1922 1926 estinconsultus

490 1979 536 2036 ut
560 1951 628 2035 sub
651 1953 797 2039 eodem
818 1957 982 2038 nomine
1009 1952 1112 2038 mala
1130 1951 1516 2068 comprehendantur
1532 1949 1792 2035 diversissima.
1809 1952 1921 2040 Hinc

491 2062 624 2179 plures
661 2068 867 2152 infantiam
900 2065 1040 2151 misere
1072 2067 1294 2151 affediantes
1319 2062 1451 2148 'morbi
1478 2066 1635 2147 cutanei
1669 2063 1814 2149 eodem
1845 2095 1921 2151 no-

491 2181 601 2262 rnine
626 2177 884 2294 defignantur.
910 2179 1061 2264 Eadem
1083 2208 1180 2292 ergo
1206 2207 1254 2262 ac
1284 2177 1335 2262 de
1360 2175 1552 2260 rachitide
1576 2173 1796 2263 adhibenda
1816 2177 1918 2266 divi-

491 2291 549 2373 sro
560 2353 574 2396 ,
601 2291 696 2375 dum
724 2291 806 2376 alia
832 2291 906 2376 luis
938 2320 1113 2378 venerea
1144 2291 1347 2404 degeneris
1385 2287 1592 2403 preferunt
1622 2290 1784 2402 insignia
1795 2352 1810 2394 ‚
1832 2289 1918 2380 alia

492 2406 589 2488 verit
615 2409 722 2488 muci
746 2405 1023 2490 tantummodi)
1051 2401 1266 2518 coagulum
1289 2404 1394 2488 forte
1419 2398 1699 2486 meditantibus
1730 2403 1917 2491 offerunt.

491 2513 675 2602 Priorum
698 2518 995 2634 scrophularum
1018 2522 1061 2602 in
1074 2543 1217 2606 ‚cutem
1238 2517 1500 2632 depositarum
1520 2541 1698 2600 naturam
1717 2513 1918 2608 declarant

491 2633 720 2738 questiones
743 2634 849 2716 circa
872 2635 1087 2716 anteaiiam
1114 2656 1318 2746 parentum
1349 2631 1470 2714 vitam
1495 2630 1670 2712 instituta
1684 2690 1699 2734 ,
1714 2636 1755 2714 dt
1782 2627 1917 2718 obser·

351 2823 360 2842 ,
490 2745 599 2827 vatio
630 2748 953 2830 concurrentium
987 2748 1029 2828 in
1068 2743 1224 2829 diversis
1258 2739 1430 2857 partibus
1456 2740 1790 2854 symptomatum,
1845 2775 1916 2828 rat-

370 2935 374 2945 f
489 2852 621 2939 serthn
649 2858 746 2944 verb
770 2861 812 2940 in
836 2853 983 2942 tenelli
1011 2881 1121 2941 atate
1149 2856 1291 2940 ossium
1318 2853 1596 2942 consideratio.
1630 2855 1734 2965 Quis
1761 2855 1788 2940 d
1842 2859 1916 2944 itet

489 2968 551 3050 his
572 2967 817 3082 deprehensis
833 2972 874 3052 in
893 2967 1004 3053 usum
1016 2968 1215 3052 advocare
1232 2963 1501 3073 mercurialia,
1528 2967 1637 3053 &ad
1661 2995 1707 3054 ea
1729 2993 1916 3080 tanquam

481 3075 541 3164 'ad
573 3083 787 3164 anchoram
820 3080 990 3174 sacram
1007 3079 1236 3194 confugere.
1272 3082 1320 3163 In
1359 3078 1580 3195 scrophulis
1613 3078 1914 3195 simplicioribus

488 3191 664 3303 viperina
670 3257 684 3300 ,
699 3196 935 3307 aperientia,
949 3219 1190 3280 attenuantes
1207 3191 1347 3308 plante
1357 3255 1372 3301 ,
1392 3221 1562 3304 quorum
1575 3191 1714 3304 alique
1725 3193 1914 3308 specifica

409 3409 412 3414 Ι
485 3331 683 3390 vocantur
694 3368 710 3412 ,
739 3313 781 3390 dt
818 3305 979 3390 demitm
1013 3303 1284 3392 antimonialia
1313 3305 1549 3392 methodum
1577 3309 1813 3394 curatoriam
1842 3337 1914 3394 er-

486 3411 610 3530 plent.
641 3417 725 3503 Hic
762 3421 977 3504 extradum
1018 3422 1158 3504 cicutae
1197 3479 1212 3526 ‚
1260 3447 1353 3504 cum
1386 3421 1607 3504 antimonio
1644 3416 1824 3508 solvente
1864 3423 1914 3508 de

487 3528 642 3619 Rotrou
667 3531 817 3638 didio,
853 3531 1027 3646 prodigii
1053 3535 1202 3638 instar,
1248 3558 1323 3616 nec
1348 3530 1429 3616 stne
1460 3535 1645 3639 ratione,
1680 3530 1802 3643 aliqui
1829 3532 1911 3640 jac-

485 3663 600 3730 tant:
628 3650 672 3730 dt
692 3643 801 3731 nulla
825 3640 950 3752 major
973 3647 1052 3750 est,
1081 3649 1183 3730 &in
1202 3641 1475 3752 observando,
1501 3653 1542 3730 bt
1563 3647 1606 3730 in
1625 3647 1801 3730 curando
1821 3677 1913 3732 ana·

481 3750 595 3869 logia
608 3797 628 3862 ‚·
650 3754 768 3868 quim
787 3787 875 3868 quae
898 3760 999 3842 inter
1022 3757 1169 3845 laneos
1193 3754 1356 3842 morbos
1368 3819 1382 3863 ,
1398 3765 1441 3848 δε
1463 3757 1692 3872 scrophulas
1715 3756 1829 3868 nuiss
1845 3789 1915 3874 ge-

482 3870 587 3954 neris
608 3869 829 3956 intercedit.
852 3869 946 3956 Nec
972 3870 1157 3956 adderem
1178 3867 1320 3983 plura,
1345 3871 1413 3954 nist
1428 3873 1564 3955 'testari
1586 3868 1728 3958 liberet
1755 3873 1912 3987 proprii

482 3981 723 4094 experientis
756 4007 905 4094 quantae
928 3985 970 4068 in
990 3983 1177 4097 praedidis
1205 3979 1353 4067 casibus
1372 3981 1566 4068 efficacia
1587 3983 1635 4068 stt
1652 3981 1739 4070 salis
1770 3989 1912 4070 marini

481 4091 655 4180 internus
666 4095 779 4202 usus,
797 4101 882 4180 tiam
923 4099 1124 4210 urgantit‚
1142 4101 1228 4180 tirm
1248 4093 1444 4180 alterantis
1458 4093 1609 4204 sormi,
1625 4095 1782 4210 qualem
1797 4098 1909 4213 praes-

482 4207 613 4318 cripsrt
630 4209 789 4322 insignis
809 4125 996 4296 Mericus
1017 4207 1171 4324 Anglus
1192 4209 1247 4294 R.
1262 4206 1415 4294 Ruffet
1440 4207 1526 4294 Sed
1546 4237 1609 4296 rea
1635 4207 1744 4296 extri
1761 4239 1911 4326 propo-

477 4315 558 4401 sttae
577 4323 752 4405 materie
769 4319 914 4410 limites
935 4321 1146 4437 egreditur.

544 4427 686 4516 Morbi
711 4435 829 4522 etiam
843 4435 993 4520 uantur
1014 4438 1171 4528 cunnei
1191 4432 1408 4522 scorbutici
1428 4496 1443 4544 ,
1467 4435 1519 4521 de
1569 4432 1683 4522 uibus
1704 4437 1771 4520 hic
1797 4435 1910 4550 plura

480 4540 615 4628 dicere
641 4567 751 4632 vetat
777 4548 1215 4658 cognita-morborum·
1232 4464 1642 4654 horumceindoles,
1679 4553 1765 4636 tinn
1786 4553 1907 4636 etiam

479 4653 591 4764 qubd
611 4657 813 4740 minimam
834 4655 1013 4745 scorbuti
1043 4688 1194 4776 partem
1216 4661 1407 4778 impleant
1437 4659 1569 4746 morbi
1602 4659 1688 4766 illi,
1714 4661 1908 4774 simulque

479 4795 574 4850 cum
596 4765 787 4854 scorbuto
816 4795 1028 4878 curentur,
1056 4801 1183 4888 eaque
1206 4773 1342 4860 ulcera
1367 4771 1592 4862 scorbutica
1618 4771 1907 4889 phlegmonosa

474 4882 623 4998 potiit.
633 4879 683 4968 ad
704 4883 976 4984 nathum-de
998 4885 1232 4982 humoribtu
1248 4891 1495 5003 pertineam,
1519 4883 1639 5004 quim
1657 4885 1715 4980 nd
1738 4886 1907 4978 morbos
