4228 5898
434 405 489 496 88
680 403 760 492 DE
814 397 1130 492 MORBIS
1189 389 1590 492 CUTANEIS.

437 598 532 656 men
552 569 592 652 in
611 565 750 656 albidis
769 570 943 656 foeminis
963 571 1103 654 vitium
1118 572 1218 658 cutis
1234 597 1316 656 non
1331 565 1589 686 pt-spitabilis
1603 562 1625 650 ti·
1639 563 1788 652 summi
1807 595 1867 654 va·

438 685 574 769 sorum
596 683 661 765 hic
688 681 932 769 affluentium
952 685 1141 770 tenuitate
1164 683 1360 799 pendeat,
1389 680 1495 768 unde
1516 683 1583 764 vix
1610 678 1740 791 aliqua
1760 682 1869 796 pers·

440 798 583 914 piratio
605 796 764 911 prodire
779 797 896 912 poffit
914 802 957 878 br
981 795 1089 880 extri
1106 794 1305 932 propelli,
1326 794 1394 882 sed
1419 819 1548 880 texnrs
1569 797 1669 880 cutis
1692 794 1870 878 tenuilsr-

441 941 530 994 mus
547 908 715 1024 lympha
740 914 890 992 tantum
912 905 983 992 lim
1012 909 1128 993 idion
1145 935 1288 1024 pateat.
1304 909 1391 1018 Qui
1411 908 1571 1019 quidem
1589 911 1779 992 tenuioris
1797 937 1870 992 cu-

440 1027 492 1110 tis
508 1026 639 1106 honos
658 1019 791 1104 multis
808 1020 906 1136 ipsas
921 939 1033 1105 malis
1045 1024 1211 1138 exponit
1231 1018 1536 1128 catharralibus,
1553 1020 1658 1106 &ad
1680 1021 1870 1105 articulos

442 1133 655 1224 fluentibus
673 1132 958 1242 oedematibus,
984 1134 1090 1219 unde
1122 1132 1343 1250 rependunt
1363 1133 1581 1236 decorem,
1605 1143 1647 1220 dt
1667 1136 1696 1217 st
1719 1131 1871 1218 morbis

443 1252 620 1337 cutaneis
642 1248 683 1330 se
706 1245 938 1362 praebuerint
970 1244 1134 1354 obvias,
1165 1246 1276 1358 quod
1298 1277 1430 1331 rarum
1463 1249 1516 1330 est
1528 1305 1543 1353 ,
1569 1250 1598 1331 ii
1622 1274 1719 1331 tunc
1741 1244 1869 1331 multb

444 1360 645 1450 difficilius
692 1357 783 1443 nim
798 1364 838 1442 in
861 1359 945 1443 aliis
958 1358 1185 1444 hominibus
1203 1360 1403 1461 sanantur3
1423 1364 1515 1444 clun
1536 1358 1771 1450 difficillimd
1786 1388 1873 1476 per-

444 1481 509 1564 via
525 1477 598 1558 srnt
615 1389 734 1578 vasa,
756 1501 832 1558 nec
856 1475 1017 1590 pateant
1033 1474 1167 1559 causrs.
1181 1470 1401 1582 sanantibus
1421 1470 1562 1556 eidem
1581 1469 1673 1588 lege
1694 1471 1771 1585 qui
1796 1474 1874 1556 mi·

441 1595 516 1676 nus
534 1584 643 1670 malo
669 1584 840 1699 patubre.
1025 1613 1029 1618 ·

519 1701 670 1786 Verum
701 1697 864 1783 macula
898 1727 981 1810 qua
1011 1723 1146 1782 curem
1168 1701 1326 1784 intertin
1355 1723 1433 1783 unt·
1464 1727 1630 1810 eamque
1666 1699 1875 1783 inhonesto

441 1811 590 1902 colore
603 1813 758 1927 sparsam
775 1811 918 1895 diffuso
935 1813 1221 1920 contaminant,
1235 1811 1301 1898 vel
1319 1731 1426 1898 sevos
1439 1812 1528 1897 sunt
1542 1820 1584 1897 bt
1596 1810 1712 1896 facile
1728 1809 1876 1896 tollun-

447 1957 536 2033 tur,
560 1930 708 2035 vixque
729 1923 899 2008 suidam
921 1927 1112 2026 indicium
1133 1922 1278 2034 breve,
1309 1923 1376 2012 vel
1392 1924 1494 2010 arete
1514 1923 1710 2010 adherent
1726 1955 1773 2009 ac
1791 1924 1876 2008 for-

448 2047 542 2128 titer
559 2041 652 2156 ,cuti
684 2041 909 2122 vinciuntur
940 2047 982 2124 δι
1007 2065 1077 2154 per
1102 2035 1226 2151 longa
1251 2065 1333 2124 tem
1362 2067 1431 2125 ora
1456 2038 1667 2155 perdurant
1690 2041 1877 2138 immuta-

448 2155 563 2240 biles.
597 2149 745 2236 Formi
777 2150 989 2260 differunt,
1022 2149 1156 2237 &mel
1181 2069 1552 2238 circumieribuntur
1579 2155 1621 2235 in
1652 2147 1876 2259 circulum,

450 2265 517 2354 vel
538 2263 616 2349 latd
640 2293 691 2349 va
718 2289 830 2348 antur
856 2291 974 2377 atque
997 2268 1076 2350 hirc
1106 2261 1202 2347 illuc
1230 2266 1510 2350 transferuntur
1534 2261 1556 2348 ὲ
1579 2295 1725 2349 vrcmra
1750 2293 1792 2347 m
1816 2267 1878 2348 vi-

449 2383 623 2480 ciniam;
647 2293 716 2462 vel
732 2375 925 2492 srmplices
945 2380 1060 2483 sunt,
1086 2373 1260 2487 talesque
1286 2382 1482 2464 intereunt
1500 2377 1633 2489 quales
1659 2378 1878 2480 ortaesunt;

446 2491 519 2579 uel
547 2490 686 2576 contria
717 2489 866 2603 aliquid
895 2493 1061 2584 rumoris
1079 2486 1149 2573 srbi
1168 2489 1511 2604 sumuntsrcque,
1541 2518 1607 2578 aut
1628 2489 1878 2602 ulcerannrr,

451 2633 520 2691 aut
532 2603 678 2690 abeunt
691 2607 734 2690 in
756 2605 915 2690 sursura
1565 2634 1587 2682 a

510 2719 669 2803 Omnes
687 2715 764 2801 ille
784 2719 990 2804 divisiones
1009 2720 1232 2808 universum
1250 2718 1411 2833 quidem
1430 2717 1668 2804 macularum
1689 2717 1881 2803 ambitum

455 2830 834 2965 comprehendunt,
859 2858 898 2916 at
924 2831 1080 2917 illarum
1110 2840 1260 2920 exitum
1283 2862 1366 2915 non
1399 2836 1605 2947 attingunt.
1628 2831 1882 2918 Macularum

453 2973 564 3030 emm
592 2973 674 3052 quae
712 2945 752 3024 in
776 2969 869 3028 cute
894 2943 1102 3028 nascuntur
1123 2945 1204 3032 aliae
1236 2952 1278 3031 in
1313 2945 1462 3030 morbis
1492 2945 1698 3030 nascuntur
1724 2947 1881 3054 acutis,

455 3053 540 3140 alia
574 3055 789 3139 chronicon
820 3060 1059 3141 comitantur
1087 3061 1273 3161 affedus3
1309 3057 1390 3141 aliae
1419 3059 1664 3173 superficiem
1686 3062 1883 3144 contami-

458 3163 577 3273 na'nt,
593 3165 674 3250 aliae
688 3166 918 3281 profundius
944 3170 1160 3260 inuruntur.
1184 3173 1231 3256 ln
1253 3175 1368 3258 variis
1389 3169 1657 3257 hiscecasrbus
1675 3169 1883 3256 solutionis

459 3278 604 3366 modus
627 3281 951 3393 quemffffesiant
971 3312 1043 3399 pro
1071 3283 1206 3370 naturi
1224 3287 1346 3371 causa
1366 3289 1494 3370 varius
1517 3287 1582 3369 est.
1608 3283 1806 3396 Adeoque
1834 3281 1883 3368 ab

458 3391 508 3480 es
531 3393 720 3480 divisrone
767 3393 910 3481 etenda
929 3396 1019 3480 sunt
1038 3426 1122 3506 quae
1145 3403 1393 3515 expesismus
1422 3401 1530 3484 cirea
1547 3423 1724 3484 maturam
1747 3427 1884 3484 macu-

457 3506 585 3596 larum
609 3422 918 3621 dignoscendam
936 3507 1186 3596 adminicula.

524 3619 579 3704 ιο.
599 3621 723 3736 Igitur
746 3651 831 3732 quae
850 3623 892 3703 in
910 3619 1059 3706 morbis
1076 3629 1200 3710 acutis
1224 3622 1431 3710 nascuntur
1455 3624 1642 3732 macula,
1669 3621 1735 3710 vel
1748 3621 1886 3739 inipso

460 3731 594 3822 morbi
608 3737 804 3854 principio
835 3741 877 3818 δι
900 3763 990 3820 ante
1017 3733 1136 3821 febris
1160 3763 1344 3824 exortum
1368 3767 1416 3855 ap
1444 3766 1554 3825 arent
1567 3801 1581 3848 ,
1618 3745 1661 3822 ὃ(
1686 3735 1770 3854 ipsi
1793 3765 1887 3852 pro·

461 3845 667 3964 grediente
696 3843 944 3932 evanescunt.
970 3846 1044 3932 Hae
1070 3847 1156 3940 latae
1187 3852 1274 3936 sunt
1297 3860 1339 3938 bt
1364 3767 1490 3968 vulgi>
1513 3856 1554 3935 in
1575 3849 1747 3960 aliquem
1769 3849 1890 3934 allut-

520 3987 563 4046 nt
597 3985 825 4068 utmorem,
852 3961 936 4044 citb
961 3962 1160 4070 evanidae,
1193 3962 1423 4077 srmulatque
1441 3961 1652 4051 erethismo
1674 3965 1890 4048 constituto

463 3992 697 4187 {linguntur
732 4073 821 4161 vasa
844 4107 853 4157 :
880 4076 1184 4186 cacochymiam
1214 4076 1510 4188 exundantem,
1547 4079 1631 4161 imb
1660 4074 1891 4188 turgescen-

461 4211 546 4270 tem
574 4185 671 4300 szpd
694 4189 926 4301 significant.
946 4189 1007 4271 Ita
1025 4215 1116 4274 ante
1143 4216 1327 4274 exortum
1355 4190 1523 4277 febrium
1548 4191 1891 4276 intermittendum

462 4295 772 4405 autumnalium,
792 4299 867 4383 illae
886 4303 965 4388 stne
981 4300 1161 4416 periculo
1184 4303 1271 4388 vlsae
1286 4304 1374 4389 sunt
1389 4303 1536 4390 attolli:
1551 4308 1607 4390 At
1625 4300 1752 4416 vulgo
1771 4301 1890 4384 dura·-

458 4413 616 4496 tionem
637 4409 731 4494 mali
756 4413 997 4524 significant,
1018 4447 1108 4500 nam
1131 4419 1334 4532 ingentem
1360 4420 1538 4504 humoris
1559 4422 1658 4502 acris
1673 4411 1801 4499 biliosr
1817 4441 1892 4498 to-

460 4527 568 4636 piam
595 4522 773 4608 indicant
795 4549 927 4633 eatque
947 4553 1021 4610 nec
1041 4529 1184 4618 criticae
1209 4531 1290 4616 dici
1320 4529 1476 4646 poliunt
1504 4561 1580 4617 nec
1605 4559 1773 4636 nocua,
1802 4555 1892 4612 ante

458 4634 589 4770 ilum
611 4633 795 4722 morbum
826 4663 971 4722 exorte
991 4646 1033 4723 ὃ(
1058 4670 1109 4728 eo
1125 4646 1337 4734 constituto
1365 4641 1566 4756 nunqubm
1583 4645 1771 4758 deinceps
1798 4669 1894 4762 pro-

501 4775 607 4832 turae.
1522 4764 1531 4780 “

516 4859 577 4956 2⁰,
596 4857 695 4952 Alia
717 4866 758 4950 in
772 4863 1053 4976 violentissimo
1074 4865 1244 4962 febriunt
1268 4786 1702 4959 ererbismosuorsrbus
1716 4865 1896 5065 pulicrpm

1751 4983 1836 5066 srmi
1855 5009 1903 5079 es
