4188 5916
622 443 1163 534 CUTANssls
1527 485 1605 560 3&

176 602 459 706 fermentabilis
486 633 640 693 atomus
666 611 749 720 quae'
774 611 892 727 possit
919 612 1076 695 humori
1106 611 1335 695 renovando
1356 611 1563 720 conferre,
1585 613 1608 700 ὲ

177 742 293 828 tergo
311 719 599 833 persequendus
618 727 669 808 est
689 722 770 808 ille.
793 725 903 822 Tum
917 723 1007 808 vasa
1026 725 1159 830 erosa,
1180 724 1364 838 destrusta
1382 724 1606 811 roboranda

175 827 289 933 sunt,
312 833 416 936 unde
435 839 594 918 tertium
614 840 655 917 in
673 841 879 924 curatione
895 863 976 920 tem
1006 868 1049 920 us
1067 838 1286 922 sortiemur.
1539 839 1541 844 ’

142 1049 145 1055 ⁴
231 941 313 1025 Ubi
333 948 431 1058 ergb
454 947 502 1029 ad
523 946 667 1062 aegrum
687 947 912 1064 herpetibus
937 867 1183 1034 laborantem
1211 957 1258 1032 bt·
1279 979 1390 1034 curas
1414 950 1606 1064 postulan-

175 1077 288 1164 tem,
316 1088 405 1139 nam
432 1057 538 1144 leves
565 1065 745 1174 herpetes
771 1061 1141 1176 multineghg'unt,
1171 1063 1356 1147 Medicus
1380 1063 1604 1170 accelserit,

177 1163 246 1248 ubi
274 1174 441 1281 primunr
472 1179 628 1258 noverit
652 1175 752 1257 nihil
776 1180 878 1259 intus
901 1174 1024 1259 latere
1048 1180 1235 1282 venerei,
1265 1204 1340 1258 nec
1367 1175 1605 1259 variolarum

176 1277 360 1389 reliquias
383 1282 405 1366 ὲ
431 1312 611 1399 tempore
636 1287 877 1400 depurandas
902 1318 975 1402 pro
1000 1286 1223 1401 herpetibus
1249 1288 1407 1392 haberi,
1437 1315 1532 1371 tunc
1557 1290 1606 1372 ad

177 1398 497 1504 preparationem
529 1399 607 1483 sese
640 1405 823 1514 accinget
855 1435 864 1483 :
901 1405 1035 1484 onmia
1066 1429 1150 1510 quae
1184 1404 1433 1484 circumstant
1461 1431 1607 1512 agrum

105 1577 109 1586 ,
176 1504 332 1590 sedulus
358 1508 591 1622 explorabit.
626 1513 746 1596 Certe
773 1510 886 1596 cibos
911 1511 1014 1595 male
1036 1517 1198 1618 coetos,
1228 1512 1335 1595 certe
1361 1512 1606 1625 perspiratio-

177 1645 268 1720 nem
285 1619 514 1705 obstrudam
530 1623 818 1738 deprehendet,
843 1633 885 1709 bt
904 1625 1103 1734 utriusque
1122 1623 1224 1707 illius
1244 1622 1337 1707 mali
1357 1626 1606 1708 removendis

179 1732 300 1814 cauhs
323 1731 555 1817 allaborabit
580 1738 668 1819 ante
694 1741 841 1820 omnia.
868 1738 1038 1820 Diaetam
1062 1741 1149 1820 vitae
1174 1738 1347 1848 praesenti
1373 1767 1610 1820 accommo-

179 1841 287 1925 dabit
311 1873 426 1956 atque
449 1847 595 1932 viribus
621 1880 633 1948 ;
661 1852 688 1930 st
715 1880 839 1955 cura,
867 1851 893 1930 fi
918 1879 1090 1955 moeror,
1116 1852 1144 1930 st
1166 1849 1395 1962 sollicitudo
1421 1853 1610 1934 cosiioni-

179 1951 250 2036 bus
278 1959 481 2065 officiant,
509 1963 598 2044 sunt
620 1959 740 2046 verba
768 1971 810 2045 bt
829 1990 952 2046 voces
977 1960 1117 2071 quibus
1144 1965 1250 2043 hunc
1278 1959 1462 2043 dolorem
1486 1959 1611 2046 lenire

179 2066 317 2178 poffis:
334 2072 459 2156 srusus
474 2075 843 2182 minor,velnimius
855 2078 1150 2179 exercitiorum,
1163 2076 1190 2154 st
1201 2104 1275 2188 prae
1305 2075 1610 2157 osterusveneris

179 2180 266 2264 usus
287 2180 487 2268 turbandis
541 2190 646 2270 rimis
670 2186 748 2270 illis
774 2185 1104 2271 concouionibus
1130 2105 1355 2296 symbolitm
1379 2187 1609 2292 conferant,

179 2298 313 2376 omnia
335 2298 417 2382 haec
443 2217 633 2382 tollsntur
655 2301 870 2384 secundum
893 2304 982 2381 atris
1004 2325 1209 2414 precepta.

235 2409 291 2489 At
311 2411 350 2489 in
371 2437 514 2519 genere
532 2412 731 2520 quodnam
750 2415 837 2494 vitae
858 2415 1034 2547 regimep
1055 2414 1267 2494 conveniat
1283 2413 1444 2492 statuere
1467 2410 1613 2496 auden-

179 2516 283 2602 tibus
309 2518 453 2604 obsunt
476 2521 611 2605 multa.
644 2523 765 2606 Certe
794 2523 1078 2634 quodcumque
1107 2549 1197 2604 acre
1227 2525 1278 2604 est
1311 2530 1353 2605 bt
1383 2523 1520 2604 eminet
1542 2553 1615 2636 per

168 2632 213 2745 se
224 2692 237 2735 ,
261 2658 307 2713 ut
328 2635 382 2714 ait
404 2634 696 2750 Hippocrates,
717 2664 865 2718 nocere
885 2663 1025 2718 notum
1045 2639 1123 2732 est3
1143 2637 1277 2714 omnia
1293 2636 1389 2744 ergo
1404 2633 1613 2746 seligemus

179 2741 387 2852 alimenta,
422 2745 475 2830 1⁴⁰.
504 2753 705 2831 concodu
733 2747 887 2851 facilia,
911 2747 968 2829 2⁰.
999 2777 1082 2856 quae
1110 2749 1246 2859 parium
1268 2771 1614 2829 excrementorum

151 2907 155 2912 -
178 2862 432 2970 ingenerent,
461 2860 642 2969 adeoque
661 2863 733 2943 smt
754 2863 877 2972 gustui
898 2858 1050 2964 dulcia,
1079 2868 1120 2942 bt
1144 2856 1275 2942 dulcia
1302 2855 1553 2944 facultatibus
1570 2887 1615 2944 ut

181 3001 275 3056 cum
288 2973 485 3057 veteribus
503 2972 655 3084 loquar.
673 2974 752 3057 Sed
768 2978 808 3056 in
820 2975 902 3055 hoc
919 2970 1070 3056 deleuu
1080 3033 1094 3076 ,
1112 2970 1321 3055 ventriculi
1339 2978 1381 3053 ὅ(
1399 2973 1613 3056 humorum

181 3084 424 3169 conditionis
446 3086 596 3171 summa
612 3086 791 3171 habenda
810 3088 863 3170 est
880 3091 1006 3170 ratior»
1024 3087 1128 3196 Quis
1148 3088 1254 3168 eninr
1275 3087 1316 3165 in
1336 3085 1418 3166 hoc
1441 3087 1615 3170 themate

181 3196 244 3282 lac
277 3197 461 3283 omnibus
488 3200 765 3284 alimentorum
792 3199 995 3316 speciebus
1022 3227 1104 3281 non
1130 3198 1305 3312 praeferat
1332 3206 1373 3280 bt
1399 3197 1615 3309 pratollatt

180 3313 238 3396 At
261 3311 357 3426 saepe
381 3313 539 3426 sapius,
561 3317 645 3396 inrb
661 3315 742 3398 fere
758 3315 911 3428 semper
934 3313 1036 3396 adest
1055 3316 1097 3395 in
1117 3314 1178 3393 his
1199 3310 1346 3394 casibus
1363 3311 1616 3396 liomachalis

177 3422 368 3529 saburra,
398 3456 481 3536 quae
508 3425 618 3512 lassis
646 3454 872 3541 corrumpat
898 3426 1163 3511 dulcedimen.
1192 3425 1310 3507 Adest
1334 3422 1423 3505 bilis
1448 3427 1615 3530 vitium,

182 3569 267 3649 quae
283 3537 306 3618 ὲ
321 3537 435 3622 fonte
449 3543 576 3622 minus
591 3570 690 3652 puro
705 3541 941 3646 scaturiens,
963 3539 1200 3650 inquilinum
1214 3537 1365 3620 servare
1381 3540 1616 3620 carauerem

178 3681 267 3734 non
291 3654 430 3760 potest.
457 3652 574 3732 Unde
596 3682 800 3766 corrupta,
825 3652 872 3735 ab
898 3656 1065 3763 antiquis
1088 3651 1171 3734 fere
1196 3649 1379 3754 omnibus
1400 3678 1473 3762 pro
1501 3647 1616 3732 cauas

169 3769 394 3874 'herpetum
409 3759 635 3845 habebatur.
652 3765 756 3847 Hoc
776 3769 874 3878 ergo
889 3766 1000 3849 sensu
1014 3792 1150 3847 verum
1168 3767 1218 3845 est
1232 3761 1331 3844 illud
1345 3764 1501 3843 axioma
1515 3761 1616 3850 Jou-
1697 3789 1719 3816 ⁴

179 3876 287 3958 berti
309 3869 417 3955 nulls
434 3876 641 3979 coslione,
664 3901 730 3958 aut
749 3882 1026 3991 preparatione
1049 3879 1197 3990 praeviis
1212 3875 1290 3960 else
1310 3873 1534 3989 purgandos
1549 3877 1618 3982 qui

182 3983 414 4100 herpetibus
436 3983 646 4088 laborant;
670 3989 806 4095 idest,
836 3992 927 4077 ante
951 3995 1085 4074 omnia
1109 3990 1374 4101 eccoproticis
1403 3981 1617 4069 subluenda

183 4099 321 4204 alvuS,
355 4106 396 4183 bt
421 4097 510 4182 bilis
540 4097 707 4215 lymphae
734 4133 884 4189 annexa
910 4103 1159 4218 expurganda
1184 4103 1237 4184 est
1262 4095 1310 4180 ab
1337 4098 1547 4205 intestinis,
1575 4103 1617 4182 in

186 4211 328 4323 quibus
358 4215 478 4298 haeret
491 4275 505 4320 ,
539 4217 620 4324 quo
642 4215 783 4301 melius
807 4218 996 4302 diluentis
1020 4213 1361 4319 humebiantiaque
1382 4237 1504 4294 muco
1525 4241 1618 4294 con·

185 4329 277 4409 flata
297 4323 376 4410 levi
401 4335 441 4410 bt
470 4328 665 4441 infipid0,
690 4331 894 4438 minusque
918 4351 1065 4409 mutata
1090 4329 1192 4404 intus
1217 4349 1431 4436 penetrent.

193 4480 196 4488 ¹
242 4441 291 4521 In
314 4438 354 4521 id
375 4469 473 4554 ergo
495 4467 603 4526 totus
621 4445 784 4524 vertitur
805 4441 1019 4522 curationis
1039 4437 1312 4550 praeparatoriae
1334 4440 1374 4519 in
1394 4437 1618 4551 herpetibus

187 4551 335 4660 card0,
351 4579 396 4635 ut
407 4552 717 4638 humeciantibus
729 4579 846 4660 atque
857 4547 1075 4633 laxantibus
1089 4553 1248 4633 internis
1261 4547 1468 4664 jungantur
1481 4550 1620 4635 balnea

186 4666 320 4780 tepida
335 4693 471 4776 aquea.
486 4666 673 4782 Princeps
687 4665 796 4764 certe
808 4669 850 4747 in
866 4662 1040 4748 laxandis
1052 4664 1147 4747 vasis
1162 4689 1278 4773 atque
1292 4665 1408 4746 etiam
1424 4663 1619 4749 diluendis

186 4778 443 4884 humoribus,
465 4778 558 4862 diun
579 4779 774 4864 densiores
799 4775 988 4894 globulos
1008 4779 1160 4882 avehit,
1180 4777 1283 4880 rede
1305 4773 1497 4883 judicatur
1512 4804 1620 4860 vente

96 4959 100 4966 .
186 4890 334 5000 sedio,
348 4896 485 5002 quein
498 4889 645 4992 biliosrs
653 4895 941 5007 atqueaduosrs
953 4889 1292 4980 constitutionibus
1302 4921 1503 5001 nunquam
1511 4891 1622 4973 omit·
1745 4988 1750 4998 ἱ

1308 5003 1420 5111 Ssij
