4188 5916
622 402 1163 501 CUTANEIa
1533 411 1607 515 3&

174 585 304 648 crates
316 561 517 650 vocabulo
534 561 678 670 aiepar,
693 571 814 654 utitur
833 569 882 654 ad
901 599 1108 655 numerum
1126 568 1300 684 plurale,
1322 569 1427 679 quari
1441 565 1509 654 sub
1524 573 1607 655 hoc

179 678 344 760 nomine
376 704 521 790 genera
555 677 715 782 morbi,
751 686 883 796 potius
917 680 1033 791 quam
1066 682 1250 765 morbum
1284 677 1606 797 deprehenderet.

179 785 289 867 Nam
319 789 389 897 qui
411 787 512 874 liber
533 788 763 874 abscribitur
786 792 1025 908 Hippocrati
1050 825 1133 901 capr
1157 796 1221 880 rsit
1242 797 1434 882 sortimur
1456 821 1536 880 rora
1556 795 1606 880 ad
1627 809 1628 818 ’

179 894 464 984 Democritum
498 900 820 1017 Philosophum,
859 902 926 990 vel
963 907 1047 1019 ipso
1075 909 1168 991 teste
1195 903 1331 989 Coelio
1360 905 1607 1013 Aureliano,

179 1006 332 1122 spurius
350 1015 403 1096 est
425 1044 438 1112 ;
464 1040 540 1098 nec
567 1018 695 1100 minias
712 1041 844 1100 tamen
868 1017 1104 1102 demonstrat
1131 1015 1179 1100 ab
1207 1020 1317 1102 omni
1336 1045 1420 1100 avo
1444 1018 1609 1102 Phoeni-

182 1118 295 1208 cibus
319 1123 545 1212 endemium
571 1126 682 1212 fuisse
706 1127 854 1212 malurn
880 1159 960 1239 quo
987 1134 1088 1214 cutis
1113 1128 1220 1213 soeds
1245 1129 1495 1213 infestaretur.
1606 1155 1612 1165 '

238 1233 543 1352 «Hippocrates
562 1241 681 1352 igitur
706 1240 755 1326 de
784 1239 1028 1346 lichenibus,
1055 1240 1259 1355 &lepris,
1280 1249 1322 1324 dt
1352 1239 1610 1354 vitiliginibus

186 1377 209 1422 >r
227 1343 389 1436 arr‘mnr
408 1345 633 1454 καΐλιπγαι
648 1351 724 1435 καί
737 1350 873 1438 aruum*
887 1357 971 1466 egit
987 1354 1231 1459 summatim,
1250 1357 1301 1436 ita
1314 1379 1445 1436 tamen
1458 1379 1503 1435 ut
1516 1354 1611 1436 duas

184 1491 207 1534 >2
223 1484 357 1542 earum
377 1461 525 1576 species
548 1465 748 1550 recenseat
769 1465 909 1570 (o).·Si
931 1469 1036 1548 enim
1055 1463 1286 1573 juvenibus,
1303 1466 1452 1573 inquit,
1475 1464 1613 1548 sensim

184 1600 208 1646 u
223 1570 264 1654 se
293 1573 500 1684 produnt,
539 1575 792 1662 diuturnitate
825 1581 1014 1691 temporis
1045 1603 1266 1691 augentur;
1298 1580 1339 1659 in
1371 1578 1417 1658 iis
1452 1576 1614 1687 quidem

186 1687 514 1796 »exanthemata
533 1718 617 1771 non
648 1689 698 1774 de
728 1688 968 1780 abscessuum
981 1751 995 1795 ,
1030 1688 1097 1773 sed
1125 1691 1175 1774 de
1201 1687 1434 1772 morborum
1469 1715 1615 1802 genere

186 1825 210 1872 u
225 1792 396 1881 habendi
415 1798 525 1899 sunt;
548 1799 746 1909 atquibus
771 1829 821 1886 ex
846 1804 906 1884 his
927 1799 1074 1911 aliquid
1097 1801 1226 1884 subiti>
1248 1799 1494 1910 multirmque
1513 1828 1615 1881 con-

188 1938 210 1982 »
227 1909 364 2019 tingit,
384 1910 425 1994 id
447 1910 553 1994 certe
565 1909 754 1999 abscessirs
770 1939 946 1996 naturam
959 1911 1089 1996 habet.
1106 1914 1303 1996 Oriuntur
1319 1938 1449 1996 autem
1458 1972 1472 2015 ,
1486 1913 1615 2024 pergit

187 2051 210 2098 a
228 2017 334 2102 idem
364 2026 524 2128 auetor,
556 2022 734 2110 lichenes
765 2025 936 2108 maxime
968 2023 1190 2109 exitialibus
1221 2022 1370 2108 morbis
1398 2023 1535 2131 (quod
1567 2021 1617 2105 ad

187 2162 210 2208 s
225 2128 375 2244 lepram
390 2133 440 2218 de
455 2132 531 2244 quai
547 2140 698 2250 agimus
714 2161 913 2248 nunquam
928 2141 1122 2250 pertinere
1135 2139 1283 2249 potest)
1297 2167 1308 2233 3
1323 2143 1365 2218 dt
1381 2133 1499 2247 paulo
1516 2133 1617 2217 infe-

187 2279 211 2323 »
225 2245 303 2354 riirs
316 2244 445 2352 addit,
468 2245 583 2359 leprae
601 2275 731 2336 autem
748 2257 787 2332 dr
808 2247 1020 2362 vitiligines
1033 2277 1083 2334 ex
1100 2247 1181 2332 atra
1197 2246 1278 2330 bile
1290 2249 1390 2329 fiunt
1408 2274 1457 2329 ex
1477 2242 1621 2354 quibus

189 2390 211 2434 u
229 2384 313 2464 quae
333 2355 449 2440 valde
471 2357 677 2462 juvenibus
700 2364 837 2444 contin
867 2386 938 2444 unt
957 2370 998 2444 bt
1015 2361 1104 2444 sunt
1124 2359 1411 2462 recentiffimae,
1432 2362 1515 2439 tirm
1535 2387 1619 2466 quae
1646 2360 1647 2363 ‘

186 2485 212 2546 'u
228 2469 268 2548 in
289 2465 441 2551 summe
466 2472 634 2554 carnosis
659 2479 701 2554 bt
720 2393 908 2554 mollius
931 2475 1110 2584 corporis
1132 2469 1304 2584 partibus
1323 2469 1452 2551 sedem
1474 2470 1645 2574 consti-¹

192 2616 214 2658 n
228 2605 373 2684 tuunt,
396 2582 642 2665 curationem
665 2584 745 2666 reci
773 2587 908 2666 iunt».
938 2582 1117 2670 Theoria
1141 2585 1223 2664 hac
1249 2580 1299 2664 ad
1324 2607 1465 2662 naturae
1486 2576 1619 2662 obser-

191 2694 394 2776 vationem
415 2691 613 2886 expressa,
637 2693 730 2778 vere
790 2697 1034 2808 ippocratica
1047 2697 1127 2798 est,
1147 2722 1265 2802 quam
1279 2689 1383 2773 libro
1397 2688 1639 2774 brevissimo

193 2805 241 2888 de
255 2801 446 2888 alimento
493 2807 621 2889 sevius
637 2805 764 2890 adhuc
780 2806 973 2920 expressit.
989 2804 1163 2910 «Ulcus,
1176 2803 1355 2916 sanguis,
1372 2831 1464 2916 pus,
1482 2804 1597 2884 ichor
1605 2861 1622 2907 ,

192 2952 215 2995 n
227 2913 371 3028 lepra,
396 2916 524 3000 furfur
538 2915 713 3023 orr'lufn,
731 2951 853 3032 αχωρ,
874 2919 952 3002 srve
972 2916 1084 3000 ulcus
1098 2920 1138 2999 in
1154 2919 1282 3028 capite
1297 2942 1455 2996 manans
1476 2916 1623 3028 pingue

194 3063 217 3108 u
230 3025 387 3142 λη’χην,
406 3025 560 3136 lichen,
580 3051 695 3126 eaeor
705 3090 718 3133 ,
735 3029 892 3142 vitiligo
902 3091 915 3135 ,
935 3028 1087 3142 lentigo
1105 3028 1171 3112 seu
1187 3025 1311 3128 sonan
1327 3021 1523 3138 interdum
1537 3028 1625 3134 qui·

194 3139 320 3223 »dem
337 3138 440 3222 ladit
447 3201 461 3245 ,
480 3141 675 3225 interdum
695 3139 822 3248 juvat,
836 3141 1033 3226 interdum
1048 3168 1178 3251 neque
1191 3138 1309 3246 ladit,
1324 3163 1454 3247 neque
1469 3134 1624 3241 juvat».

194 3249 347 3338 Frustrb
360 3255 480 3364 igitur
492 3280 750 3340 monumenta
759 3254 996 3337 vetustissimi
1012 3256 1179 3336 ausoris
1194 3251 1242 3336 ad
1255 3250 1369 3364 leprae
1381 3247 1626 3332 intelleoum

195 3362 453 3471 torserimus,
485 3363 593 3480 lepra
623 3370 692 3482 ipsi
719 3359 882 3449 morbus
911 3365 1131 3476 squammas
1160 3367 1201 3446 in
1230 3363 1476 3476 superficiem
1507 3364 1627 3443 etiam

196 3481 389 3560 internam
417 3483 595 3592 corporis
624 3477 912 3565 emittensfuit
934 3478 1006 3581 (b).
1039 3476 1149 3559 Hinc
1175 3469 1442 3588 Theophorbi
1471 3469 1557 3554 filio
1586 3475 1627 3553 in

196 3586 507 3702 Latiisi·lepram
522 3592 563 3672 in
580 3590 707 3676 vesica
721 3592 800 3674 sme
811 3588 894 3672 ulla
909 3589 983 3673 aliis
995 3588 1289 3703 explanatione,
1305 3612 1349 3670 ut
1364 3584 1413 3669 de
1424 3579 1627 3668 vocabulo

196 3703 396 3813 cognito,
419 3701 601 3788 admittit.
1346 3729 1350 3736 ·
1504 3700 1506 3704 ’

253 3812 374 3924 Apud
400 3815 563 3898 Graecos
591 3817 709 3928 igitur
725 3839 879 3900 veteres
898 3812 1013 3927 leprae
1038 3841 1186 3895 nornen
1211 3816 1454 3913 innotuerat,
1483 3807 1566 3888 imb
1584 3811 1630 3914 ⁴&

199 3923 302 4007 adeo
322 3925 515 4008 famosum
533 3927 608 4012 suit
622 3933 684 4032 (c)
700 3952 745 4010 ut
764 3927 956 4041 oppidum
975 3929 1016 4008 in
1032 3923 1202 4009 Arcadia
1220 3925 1426 4036 Lepraeum
1443 3921 1629 4018 nomine,

201 4043 240 4120 bc
260 4039 301 4120 in
320 4038 493 4144 Achaiai,
511 4042 595 4123 imo
618 4049 659 4124 dt
673 4041 852 4153 Leprion
867 4035 991 4122 insula
1007 4036 1107 4120 dieta
1127 4038 1296 4137 suerint,
1312 4059 1361 4113 ex
1380 4057 1452 4133 ee,
1470 4055 1514 4112 ut
1529 4029 1630 4112 resi&

201 4176 376 4233 autumat
391 4152 445 4250 R.
463 4153 683 4267 Stephanus
701 4157 782 4257 (d),
806 4151 912 4262 quod
933 4178 1039 4260 aqua
1056 4148 1113 4232 ibi
1128 4147 1317 4253 jacuerint
1330 4138 1532 4224 mineralcs
1549 4143 1631 4250 qui—

201 4259 272 4344 bus
296 4261 405 4377 lepra
431 4264 637 4350 sanaretur.
664 4263 785 4377 Apud
809 4289 985 4348 veterem
1013 4263 1292 4366 Romanorum
1324 4250 1632 4365 Rempublicam

201 4376 243 4456 in
265 4373 340 4484 quis
359 4375 482 4459 Marti
504 4377 674 4461 dedicati
690 4377 872 4458 homines
891 4377 1012 4460 vitam
1026 4370 1193 4482 agebant
1210 4365 1361 4451 summe
1381 4368 1633 4448 exercitatam

202 4485 394 4597 simulque
409 4485 600 4597 sobriam,
621 4491 687 4572 vix
702 4485 856 4570 videtur
873 4483 923 4568 de
939 4481 1089 4567 morbis
1108 4484 1282 4567 cutaneis
1302 4475 1439 4584 injesia
1458 4477 1607 4558 mentio
1617 4535 1632 4577 ,

240 4613 301 4690 (ἃ)
325 4619 488 4682 Prorrlretic:
509 4623 556 4682 lib.
578 4645 605 4685 a.

242 4696 300 4774 (ὃ)
322 4699 402 4780 Epid.
420 4720 448 4772 s·
688 4697 699 4704 “

242 4781 300 4858 (r)
321 4780 406 4850 Plio,
427 4783 475 4843 lib.
495 4801 530 4852 4,
549 4779 614 4846 seri.
636 4788 652 4842 8
671 4789 697 4843 dt
721 4801 769 4844 ιο.

242 4857 300 4934 (d)
321 4860 407 4923 Thes.
426 4863 496 4944 ling.
517 4865 593 4922 latin.
