4250 5898
504 419 586 524 5¹56
945 409 1053 494 na
1121 408 1171 494 n
1200 407 1243 494 o
1272 407 1484 494 nara

502 571 640 658 salium
655 574 767 656 inllar
782 573 1044 686 penetrantis,
1069 601 1152 681 qua
1172 568 1268 656 licet
1284 555 1424 654 ultima
1440 569 1542 653 aelio
1559 565 1675 682 poffit
1691 566 1742 652 ad
1762 568 1943 682 priorem

372 685 376 690 ’
505 687 718 789 revocari,
744 711 875 769 tamen
902 686 946 766 in
974 708 1026 766 eo
1054 684 1185 767 differt
1211 683 1319 793 quod
1348 680 1543 766 dilutione
1569 705 1709 792 egeat,
1738 705 1784 763 ut
1816 705 1942 791 agat,

501 799 561 892 ¹ita
579 823 624 881 ut.
639 800 693 879 ina
723 795 799 878 und
818 815 962 910 corpus
981 795 1088 879 idem
1106 793 1276 879 solidum
1295 797 1336 878 in
1354 815 1471 876 manu
1486 797 1629 908 gestes,
1650 792 1759 903 quod
1773 789 1942 900 sr-liqoe'·

441 950 445 959 =
505 909 652 992 sallum
679 827 797 990 liderit
811 969 825 1013 ,
854 934 987 992 cutem
1015 907 1211 1020 profunde
1237 910 1278 990 in
1306 905 1506 990 eschararn
1535 908 1692 1010 inurat,
1718 929 1767 988 ut
1790 929 1942 987 norunt

372 1025 382 1051 '
507 1047 648 1104 omnes
665 1018 714 1102 de
730 1016 860 1132 lapide
875 999 1081 1126 infernali,
1092 1017 1303 1104 sublimato
1316 1020 1541 1124 corrosrvo,
1560 1019 1789 1120 mercurio,
1808 1013 1943 1128 lapide

507 1131 560 1214 ad
578 1133 750 1215 cauteria
773 1131 1076 1246 Chirurgorum.
1103 1133 1201 1216 Hoc
1218 1135 1376 1246 prorsus
1397 1133 1509 1244 pado
1530 1156 1651 1242 agunt
1668 1130 1777 1234 succi
1792 1125 1942 1241 planta·-

508 1272 597 1328 rum
608 1247 789 1327 venenati
803 1273 933 1350 acres,
946 1271 990 1328 ut
1000 1242 1217 1353 thytimali,
1228 1242 1529 1347 toxicodendri,
1550 1239 1790 1344 chelidonii,
1805 1262 1942 1324 ranun-

510 1352 695 1440 culorum
745 1353 1010 1461 lurimorum,
1042 1355 1244 1466 bryonia,
1273 1363 1314 1442 ὃ(
1337 1359 1633 1439 innumerorum
1656 1350 1939 1466 vegetabilium

509 1496 682 1578 quorum
709 1386 817 1551 dicei
842 1472 885 1552 in
910 1495 1043 1554 cutem
1064 1467 1187 1583 illapsi
1218 1477 1259 1554 dt
1288 1465 1342 1550 ob
1368 1469 1540 1550 innatam
1569 1467 1844 1550 mucosatatem
1870 1464 1939 1578 ipfi

509 1578 770 1686 adhaerentes,
789 1584 980 1694 pruritum
996 1579 1211 1695 &papulas
1229 1583 1271 1662 in
1289 1580 1409 1693 ipsam
1430 1581 1655 1682 concitant,
1677 1580 1760 1660 imo
1782 1585 1824 1662 dt
1844 1573 1941 1690 sape

508 1693 717 1792 tindurarn
738 1689 798 1775 illi
822 1692 1066 1800 conciliant,
1087 1695 1201 1777 citius
1224 1697 1349 1804 ocyias
1371 1690 1591 1775 delendam.
1615 1691 1660 1772 Si
1681 1689 1826 1774 suerint
1845 1690 1939 1772 sicci

511 1815 555 1894 δε
582 1806 625 1887 in
645 1807 860 1888 extractum
882 1806 1094 1916 resrnosurn
1113 1805 1319 1911 conversi,
1347 1800 1425 1910 jam
1449 1801 1609 1915 impune
1636 1803 1867 1908 tractantur,
1898 1808 1938 1884 dc

511 1913 661 1999 nullam
686 1917 950 1999 aduosrtatem
978 1943 1176 2001 exercent.
1207 1911 1264 1999 Ut
1287 1942 1418 2000 autem
1444 1943 1526 1998 non
1551 1912 1758 2001 deleantur
1777 1911 1941 1996 macida:

511 2028 561 2111 ab
581 2031 640 2110 his
656 2030 709 2108 irn
739 2027 840 2109 ressae
850 2086 864 2130 ,
883 2025 1013 2112 solent
1028 2029 1185 2138 Scytha
1204 2054 1321 2140 atque
1341 2025 1513 2110 Cara'r'bae
1524 2054 1597 2170 per
1611 2024 1843 2110 vulnuscula
1859 2027 1939 2110 cuti

513 2141 656 2222 infliela
678 2141 690 2220 i
725 2169 786 2223 am
804 2136 916 2250 altius
935 2141 1140 2252 intingere.
1162 2137 1244 2222 Sed
1261 2144 1302 2222 in
1317 2137 1391 2222 haic
1407 2137 1545 2222 ultima
1560 2138 1702 2223 succos
1721 2137 1937 2254 plantannn

515 2249 708 2335 inserendi
725 2248 916 2357 formuli,
935 2251 1086 2334 summe
1105 2277 1246 2335 cavent
1266 2260 1306 2336 dt
1325 2249 1409 2358 jure
1425 2253 1568 2335 merito
1585 2251 1765 2360 quidem,
1784 2276 1834 2332 ne
1852 2277 1935 2358 quae

513 2366 720 2446 tincturam
750 2360 922 2477 praebent
953 2361 1120 2478 planta,
1150 2391 1258 2446 acres
1287 2361 1399 2447 simul
1430 2371 1472 2446 δι
1500 2365 1673 2447 caustica
1704 2363 1790 2446 stnt.
1818 2360 1938 2444 Tunc

513 2479 620 2560 enim
652 2502 786 2558 earum
813 2501 941 2587 partes
969 2475 1069 2559 intra
1100 2475 1275 2586 liquores
1311 2476 1488 2588 resorptae
1524 2478 1668 2559 veneni
1704 2474 1938 2558 efficacioris

513 2590 709 2670 aelionem
732 2583 802 2668 fibi
831 2591 1067 2701 arriperent,
1097 2587 1354 2702 possentque,
1382 2585 1537 2670 llirnulo
1562 2591 1721 2702 propius
1750 2585 1938 2690 admoto,

513 2702 712 2812 potentius
732 2729 753 2781 a
781 2727 859 2783 ere.
880 2701 940 2784 Ita
958 2699 1052 2785 oleo
1067 2699 1195 2784 tabaci
1210 2700 1246 2781 sa
1276 2705 1363 2783 ittas
1377 2699 1598 2784 mortiferas
1612 2703 1710 2782 inrin
1768 2724 1812 2781 nt
1824 2701 1938 2781 Arne

493 2809 497 2816 ’
514 2813 665 2910 ricani3
688 2818 728 2896 dt
741 2729 872 2896 ἰξίἰιιίο
885 2815 1000 2922 teste,
1015 2813 1137 2896 succo
1153 2731 1349 2896 hellelrori
1372 2814 1473 2941 nigri
1490 2810 1569 2896 tela
1588 2814 1722 2896 insacie
1750 2837 1819 2894 ant
1836 2807 1937 2894 Galli

513 2949 680 3006 veteres.

569 3035 718 3118 Verum
740 3061 876 3147 prater
895 3033 1043 3150 plantas
1067 3040 1136 3120 has
1155 3060 1310 3121 urentes
1335 3063 1452 3147 atque
1472 3039 1675 3142 causticae,
1701 3065 1866 3146 quarum
1886 3063 1942 3118 ut·

502 3141 688 3258 plurimae
712 3145 832 3230 resrnd
856 3157 1121 3261 pungente&
1147 3149 1288 3263 linguat
1313 3146 1545 3262 epithelium
1569 3154 1649 3234 acri
1674 3148 1807 3231 morsu
1828 3145 1940 3234 velli·

502 3282 633 3338 cante
657 3256 875 3364 donantur,
897 3259 979 3342 alia
1005 3260 1136 3342 forsan
1157 3260 1287 3344 multa
1313 3261 1402 3344 sunt
1418 3292 1510 3371 qua
1535 3262 1667 3346 morsu
1690 3259 1852 3345 lentiori
1864 3255 1942 3366 ,at

517 3394 629 3450 certo
637 3430 651 3473 ,
670 3367 904 3454 constantids
925 3373 1104 3484 apposrtae
1119 3377 1242 3470 cutim
1259 3369 1303 3462 in
1320 3372 1564 3486 phlyetoenas
1581 3372 1825 3460 attollunt&
1839 3375 1943 3483 cryst-

515 3477 646 3592 pelate
669 3479 750 3566 levi
775 3482 979 3590 afficiunt,
1008 3481 1283 3594 ulceribusque
1308 3487 1546 3571 confodiunt
1572 3486 1856 3600 superficiariis.
1878 3487 1942 3570 Ad

498 3594 625 3676 ‚hunc
649 3592 761 3676 usum
778 3597 967 3702 nostrates
988 3597 1160 3681 mendici
1181 3623 1226 3680 ut
1246 3595 1380 3681 ulcera
1402 3604 1637 3684 mentiantur
1658 3607 1700 3682 dt
1722 3597 1943 3682 misericor-

516 3701 623 3786 diam
653 3729 768 3816 atque
797 3708 930 3822 stipem
960 3706 1030 3790 srbi
1058 3707 1303 3815 concilient,
1339 3706 1610 3818 clematitide,
1641 3740 1725 3821 qua
1753 3707 1807 3792 ol)
1841 3712 1943 3796 hanc

386 3833 390 3844 ’
516 3817 846 3900 rationem·herbe
873 3849 955 3902 aux
975 3849 1110 3932 gueux
1137 3847 1330 3928 vocatur,
1356 3819 1597 3924 abuuaatur3
1624 3826 1705 3906 hac
1734 3822 1841 3906 sanat
1862 3821 1942 3906 sola

516 3926 656 4040 plantae
677 3926 859 4012 absentia.
884 3927 960 4014 Illa
975 3933 1073 4014 vero
1091 3932 1224 4046 saepilas
1244 3931 1448 4046 usurpata,
1471 3930 1578 4049 larga
1598 3961 1716 4045 atque
1739 3930 1841 4018 levia
1859 3963 1943 4046 ery-

516 4039 673 4150 srpelara
698 4043 901 4148 concitat,
930 4039 1251 4156 phlyetoenasque
1276 4044 1475 4130 ulcerosas
1493 4077 1575 4156 quat
1601 4045 1623 4130 a
1647 4045 1795 4130 miseris
1817 4049 1941 4131 oslen-

517 4173 659 4233 rantur.
685 4151 847 4260 Mitius,
868 4155 1313 4262 incertiuc,sednrelii1s
1336 4157 1384 4242 ad
1402 4157 1567 4272 scopum
1587 4157 1863 4244 medicinalem
1882 4189 1942 4244 arc

517 4260 674 4374 usurpat
687 4263 893 4375 thymeleae
909 4270 1125 4375 corticem,
1142 4272 1209 4379 qui
1222 4269 1347 4354 succo
1360 4274 1440 4354 acri
1452 4263 1725 4384 dt'pungente,
1765 4271 1942 4356 raesertim

496 4374 785 4484 -humeeratus,
803 4379 963 4469 tandem
979 4407 1113 4464 cutem
1135 4381 1290 4488 erodit,
1306 4389 1346 4465 ὃ(
1361 4408 1509 4496 partem
1532 4301 1776 4468 debilitandd
1796 4385 1836 4466 in
1856 4411 1943 4466 eam

516 4483 669 4566 fluxum
691 4489 904 4572 humorum
926 4495 1130 4598 concitat,
1157 4493 1262 4584 unde
1287 4499 1449 4578 cauterii
1471 4499 1562 4581 vice
1579 4494 1768 4607 fungitur.
1799 4497 1855 4578 At
1873 4493 1943 4580 ubi

517 4591 649 4725 nullus
661 4598 703 4724 in
717 4596 855 4686 locum
870 4601 1087 4687 ulcerantm
1101 4607 1248 4688 humor
1259 4607 1426 4692 confluit
1435 4668 1450 4714 ,
1476 4634 1623 4692 norunt
1643 4613 1786 4720 pariter
1805 4635 1946 4692 omnes

518 4703 718 4790 drffiorlrds
739 4709 873 4797 ulcera
893 4711 962 4799 illa
984 4713 1134 4801 servari
1147 4743 1303 4832 aperta,
1330 4716 1447 4827 quarn
1467 4718 1624 4827 claudi,
1652 4722 1706 4802 ita
1728 4745 1773 4804 ut
1790 4717 1943 4802 nullum

518 4813 599 4930 ejus
622 4821 788 4910 aetionis
811 4851 991 4948 appareat
1010 4831 1237 4948 vestigium,
1258 4839 1301 4968 dt
1320 4829 1419 4924 salle
1435 4830 1482 4922 ab
1497 4835 1582 4946 hoc
1595 4835 1749 4924 cortice
1765 4859 1946 4950 apertura
