4226 5916
491 435 575 522 ,ρο
940 353 1478 484 rus-Mon'nts

493 566 682 654 moestitiae
698 562 857 650 effedlus
873 563 997 676 potell
1013 563 1053 644 in
1069 559 1247 647 habitum
1264 562 1380 668 duci,
1396 587 1515 671 atque
1530 556 1625 643 ideb
1644 556 1728 644 cuti
1743 556 1930 646 duritiem

495 681 783 766 constitutivam
796 676 996 759 inducere.
1013 672 1355 790 Quidsrjungatur
1370 674 1578 779 moestitia,
1595 697 1663 756 aut
1675 671 1797 786 ipsam
1809 675 1930 758 etiam

493 794 657 878 inducat
672 795 818 874 humor
831 785 1170 894 melancholicus,
1190 819 1274 872 non
1295 787 1456 898 quidem
1470 783 1541 870 ille
1558 785 1606 870 ad
1622 809 1711 870 atrae
1723 781 1814 872 bilis
1831 787 1929 872 effe·

496 937 581 990 tam
594 906 784 990 ferociam
798 903 956 988 evetius
964 961 979 1007 ,
996 900 1063 987 sed
1079 902 1120 986 vi
1136 899 1374 1014 coagulante
1388 901 1578 985 donatus?
1594 895 1703 986 cette
1717 901 1822 984 cutis
1839 901 1927 1006 fiet,

496 1048 541 1106 ut
554 1020 646 1102 raris
662 1020 704 1098 in
719 1013 950 1127 quibusdam
965 1012 1142 1121 casrbus,
1161 1015 1311 1121 ferina,
1331 1013 1481 1128 hispida
1495 1074 1509 1120 ,
1524 1011 1672 1129 pilosa;
1686 1013 1784 1098 fient
1799 1012 1929 1098 miseri

494 1132 546 1216 ad
568 1127 728 1214 verbera
749 1131 816 1211 vix
842 1123 1066 1235 senfibiles,
1094 1126 1144 1210 ad
1166 1127 1290 1240 frigus
1315 1126 1567 1212 tolerandum
1591 1125 1798 1239 aptillrmi‚
1819 1133 1863 1209 bt
1885 1151 1930 1211 ut

495 1241 901 1347 Nabuchodonosor,
919 1239 1157 1326 videbuntur
1181 1243 1407 1355 pristinam,
1437 1242 1727 1348 humanamque
1755 1238 1928 1324 formam

495 1353 714 1468 deposuisse
727 1417 741 1461 ,
767 1351 903 1438 induti
925 1351 1078 1455 ferini,
1102 1379 1233 1464 neque
1251 1356 1375 1461 verb,
1401 1351 1498 1436 licet
1521 1357 1586 1438 hic
1611 1349 1929 1436 melancholicus

494 1465 657 1552 morbus
673 1467 768 1550 adfrt
787 1469 827 1549 in
845 1470 926 1550 hoc
945 1467 1059 1573 casu,
1080 1469 1182 1552 cutis
1205 1467 1388 1552 crailities
1405 1463 1664 1580 negligenda,
1687 1469 1779 1550 cbm
1800 1493 1927 1550 reme·

495 1579 570 1666 diis
591 1577 822 1666 adhibendis
842 1582 982 1693 ingens
1003 1580 1310 1666 incommodum
1333 1579 1469 1666 afferat
1490 1580 1654 1666 densitas
1678 1582 1783 1664 cutis
1801 1569 1926 1693 impess

494 1691 705 1778 netrabilis.

513 1893 516 1900 ,
551 1807 701 1890 Verirm
732 1804 845 1890 causa
867 1808 1025 1892 interibs
1050 1834 1169 1921 agens
1197 1807 1265 1892 vix
1295 1835 1342 1890 ac
1362 1833 1412 1890 ne
1438 1807 1506 1892 vix
1534 1803 1693 1914 quidem
1723 1805 1763 1886 in
1794 1827 1925 1888 cutem

493 1915 617 2002 solam
638 1918 861 2031 deponitur.
880 1918 1115 2034 Excipiendi
1130 1947 1261 2004 tamen
1278 1918 1365 2004 sunt
1384 1919 1542 2029 quidam
1557 1914 1774 2033 peculiares
1794 1915 1925 2024 casus,

495 2056 540 2114 ut
560 2032 611 2112 est
630 2028 738 2114 illel
759 2029 910 2114 Curzio
928 2039 978 2135 (a)
994 2032 1229 2146 descriptus,
1248 2029 1358 2140 cujus
1373 2035 1589 2148 precipua,
1605 2056 1649 2112 ut
1663 2028 1820 2114 videtur
1835 2058 1924 2114 auc-

495 2144 575 2226 tori
589 2205 603 2248 ‚
629 2141 743 2228 causa
764 2140 786 2224 a
802 2144 1085 2230 menstruorum
1098 2149 1139 2228 in
1154 2147 1306 2260 virgine
1322 2143 1454 2230 adulti
1468 2141 1577 2228 nulli
1591 2145 1802 2257 eruptione
1817 2170 1923 2256 repe-

495 2253 614 2338 tenda
642 2280 749 2354 erat;
770 2253 940 2340 cellante
966 2262 1072 2343 enim
1102 2262 1296 2342 menstruo
1322 2260 1432 2342 fluxu
1457 2260 1499 2343 in
1526 2257 1711 2364 faminis,
1738 2253 1922 2340 habemus

493 2396 641 2452 novam
659 2369 814 2454 causam
834 2367 939 2452 unde
960 2378 1061 2457 cutis
1081 2375 1188 2457 nitor
1206 2369 1395 2478 tollatur,
1417 2379 1459 2455 dt
1477 2366 1616 2455 contri
1630 2369 1815 2454 ciallities
1829 2397 1923 2478 quae-

497 2477 590 2564 dam
612 2482 832 2589 inducatur.
851 2481 1002 2568 Verum
1023 2485 1071 2570 ad
1095 2484 1244 2570 malum
1266 2487 1348 2568 hoc
1359 2548 1374 2594 ,
1397 2487 1424 2594 sr
1445 2487 1488 2568 in
1512 2482 1684 2594 aliquem
1710 2479 1924 2566 notabilem

493 2593 662 2788 gradum
673 2594 905 2700 ascenderit,
918 2597 1185 2706 formandum,
1200 2627 1282 2683 non
1295 2628 1384 2704 una,
1398 2594 1634 2711 autsrmplex
1644 2594 1758 2679 causa
1768 2594 1925 2700 sufficit,

513 2705 563 2800 ed
576 2704 748 2819 plurium
762 2705 1007 2795 combinatio
1022 2737 1139 2822 atque
1154 2741 1246 2796 com
1275 2709 1412 2796 litatio
1429 2713 1657 2820 requiritur,
1672 2711 1784 2792 itaut
1799 2707 1926 2792 causas

497 2817 547 2910 ab
573 2817 655 2903 alto
679 2820 920 2934 prodeuntes
939 2817 1195 2940 corporevis
1221 2741 1350 2936 aliqua
1369 2851 1534 2910 externo
1558 2824 1720 2935 corpori
1737 2817 1926 2936 applicata

497 2929 744 3020 determinet.
1414 3015 1421 3022 .

512 3115 515 3120 .
553 3044 622 3128 Sic
632 3045 1009 3138 Diemerbroeckius
1019 3049 1253 3162 (b)quiirrter
1264 3051 1504 3136 recentiores
1514 3045 1624 3164 plura
1635 3043 1925 3133 dehocmorbo

497 3155 585 3241 satis
606 3157 709 3269 apud
736 3165 911 3246 :rudiores
931 3163 1115 3278 negledlo
1143 3163 1347 3250 observata
1368 3160 1489 3248 refert
1511 3161 1703 3264 notanda,
1731 3159 1833 3244 vidit
1847 3163 1924 3244 cuti
1985 3239 1990 3254 ,

498 3269 706 3358 crallrtiem
727 3278 768 3354 ὅ(
785 3273 1010 3359 denlitatem
1026 3305 1119 3360 cum
1135 3283 1290 3390 stupore
1308 3277 1506 3361 indutum
1523 3278 1564 3358 in
1586 3273 1702 3357 nautti
1718 3277 1924 3386 gregario,

497 3384 583 3513 post
601 3379 715 3468 duras
734 3388 1029 3500 navigationes,
1054 3393 1159 3474 actia
1181 3387 1348 3474 tolerata
1368 3389 1538 3502 frigora,
1559 3385 1658 3472 salso
1681 3389 1780 3469 mari
1797 3387 1927 3500 sapibs

497 3491 689 3586 rmbutam
709 3523 864 3607 cutem,
888 3499 1001 3585 fimul
1020 3532 1113 3586 cum
1126 3506 1278 3617 ingenti
1293 3500 1569 3586 alimentorum
1590 3499 1804 3584 crallorum
1816 3561 1831 3605 ‚
1856 3498 1926 3582 sal-

496 3605 630 3699 sorum
646 3612 965 3723 ingurgitatione.
986 3616 1075 3699 Imb
1084 3677 1098 3722 ,
1115 3621 1183 3701 etsr
1202 3617 1252 3703 de
1270 3615 1385 3702 causi
1398 3612 1478 3722 ejus
1494 3613 1624 3698 morbi
1644 3611 1929 3698 determinante

497 3719 689 3833 sapienter
698 3722 805 3810 sileat
814 3726 1239 3838 audiorillustrilsrmus,
1249 3729 1364 3813 aliam
1378 3727 1583 3813 mulierem
1596 3724 1740 3840 allegat
1751 3729 1818 3809 cui
1831 3729 1931 3808 simi-

498 3830 601 3926 libus
626 3835 675 3920 de
699 3838 820 3922 causrs
839 3837 971 3924 fimilis
996 3844 1195 3956 ingruerat
1217 3841 1406 3949 morbus,
1432 3840 1596 3952 vultque
1623 3840 1672 3923 ad
1695 3841 1805 3923 hunc
1827 3840 1930 3924 cutis

498 3947 678 4039 affectum
693 3952 820 4034 mimis
835 3957 1042 4064 cognitum
1056 3957 1212 4059 referri,
1235 3957 1262 4040 fi
1280 3956 1437 4067 quandb
1454 3953 1591 4064 aliquis
1609 3952 1772 4036 morbus
1789 3979 1930 4034 occur·

500 4084 558 4142 rat
584 4063 626 4142 in
653 4091 735 4171 quo
761 4090 944 4149 manente
965 4091 1077 4150 motu
1106 4068 1236 4152 sensus
1263 4070 1465 4183 dispereat.
1487 4064 1616 4173 Hujus
1640 4067 1715 4149 viri
1734 4061 1929 4148 clariffimi

500 4173 732 4280 opinionem
747 4178 812 4260 hic
827 4174 1020 4263 discutere
1034 4179 1172 4265 inutile
1185 4181 1252 4281 est3
1266 4176 1696 4265 verirmnotarelicebit
1709 4180 1789 4264 duo
1799 4176 1932 4290 symp-

500 4307 648 4368 tomata
663 4289 1933 4401 praecipuaquaeinhaiccutiscraffitiemorbosdabeonotannrr,

502 4393 579 4480 elle
588 4457 603 4500 ,
625 4399 719 4484 hinc
739 4399 1013 4490 difficultatem
1026 4406 1076 4492 ad
1093 4406 1174 4493 sese
1196 4406 1467 4512 mouendum,
1484 4433 1576 4490 cute
1596 4403 1783 4518 repagula
1801 4406 1936 4516 impo-

502 4533 642 4616 nente,
661 4508 771 4594 illinc
784 4512 974 4618 summam
988 4519 1278 4605 insenlilitatem
1293 4551 1376 4632 quae
1390 4517 1552 4604 forsanb
1568 4515 1936 4606 Diemerbroeckio

502 4622 613 4702 nimii
644 4620 775 4708 habita
799 4629 852 4712 est
865 4689 881 4734 ,
910 4635 1002 4714 clun
1031 4630 1080 4716 ab
1105 4636 1182 4717 hac
1210 4631 1457 4720 insensilitate
1482 4631 1670 4746 designari
1696 4657 1807 4716 vetat
1828 4633 1938 4716 cutis

541 4813 598 4883 (a)
621 4807 713 4872 tertre
725 4811 796 4909 lm·
810 4817 909 4881 l’Abbl
924 4821 1038 4896 Nolle,
1055 4825 1171 4890 traduite
1183 4847 1231 4913 par
1242 4826 1286 4897 Μ.
1299 4823 1515 4895 Vandttmoude
1522 4868 1533 4899 ,
1547 4841 1612 4908 pag.
1628 4840 1681 4897 75·

541 4891 598 4974 (l)
617 4889 666 4956 De
677 4911 765 4957 netvrs
776 4895 863 4965 Anat.
877 4901 925 4967 lib.
936 4907 953 4964 8
963 4943 973 4977 ,
985 4924 1043 4988 cap.
1058 4923 1087 4983 r,
