4226 5916
210 593 473 710 jungerentur.
510 597 733 686 Decantata
751 602 869 686 etiarn
897 599 1132 684 testudinum
1160 599 1401 686 terrestrium
1418 599 1511 689 caro
1543 605 1641 721 sepe

216 711 368 794 effeetus
390 709 505 796 utiles
533 711 689 818 attulit,
714 710 781 798 sed
799 711 930 798 forsan
950 713 1031 797 fine
1055 712 1130 797 hac
1153 740 1270 796 carne
1292 712 1397 806 solus
1420 715 1641 832 plantarum

214 826 428 906 recentium
448 824 537 910 usus
558 825 607 910 ad
627 823 822 912 medelam
839 825 971 910 fuisset
989 825 1098 930 satis,
1119 825 1145 910 fi
1167 824 1305 942 planta
1323 823 1398 910 illae
1418 829 1640 943 saponaceo

209 937 359 1020 recenti
379 935 502 1022 succo
515 961 720 1052 turgeant,
738 961 783 1021 ut
794 965 888 1022 vere
903 947 945 1024 br
960 965 1150 1022 autumno
1169 937 1317 1022 scatent
1335 935 1408 1023 illae
1425 944 1639 1059 precipue,

212 1050 409 1244 principiis
423 1049 602 1136 nondum
613 1078 683 1166 per
694 1052 862 1136 aestatem
873 1049 1032 1157 adustis,
1049 1075 1166 1162 atque
1176 1047 1345 1135 resumsit
1361 1055 1452 1136 crasi
1471 1055 1641 1144 donatis.

248 1164 357 1244 erum
375 1165 509 1248 omnia
527 1166 610 1248 hacc
618 1227 633 1270 ,
655 1166 723 1249 nisr
744 1159 834 1248 bilis
850 1162 1018 1248 affiduus
1059 1167 1244 1248 roritetur
1261 1163 1430 1249 effluxus
1450 1195 1520 1283 per
1538 1197 1643 1282 repe·

211 1274 276 1404 tita
288 1278 516 1387 purgantis,
529 1279 772 1472 praecipuam
787 1280 1006 1361 amittunte
1052 1280 1201 1361 caciam
1220 1307 1232 1376 3
1251 1303 1326 1360 nec
1346 1304 1479 1362 tamen
1496 1285 1641 1364 cathar·
1745 1357 1746 1360 .

209 1410 285 1469 tica
316 1387 465 1472 temere
500 1423 529 1474 u·
544 1390 740 1505 urpanda,
773 1386 847 1474 sed·
870 1388 1023 1508 semper
1052 1391 1144 1505 agri
1173 1416 1315 1474 natura
1343 1416 1461 1504 atque
1493 1391 1646 1478 viribus·

203 1497 457 1586 admovenda
479 1499 568 1586 sunt
591 1497 916 1618 proportionalia.
1374 1515 1376 1518 ’

460 1679 1320 1821 ‚raulcunu51m

607 1934 675 2019 De
701 1934 876 2021 Auribus
892 1890 1208 2052 fitppurartibusi

197 2253 203 2268 ,
258 2159 370 2246 Inter
390 2156 484 2242 loca
507 2165 608 2245 curis
630 2160 804 2246 maxim&
820 2161 970 2245 morbis
991 2157 1167 2253 curaneis
1188 2157 1364 2242 obnoxia
1382 2153 1466 2260 jure
1482 2159 1655 2246 meritbr

197 2301 287 2383 que
318 2273 540 2375 recensetur
572 2277 673 2358 auris
704 2277 876 2364 humana
897 2271 1057 2384 ejusque
1084 2275 1252 2378 vicinia,
1291 2301 1376 2382 quae
1398 2271 1559 2381 quidem
1588 2278 1651 2360 ita

200 2389 460 2488 constitutam
478 2385 598 2470 habet
615 2387 739 2468 cutim
756 2414 802 2470 ut
813 2383 1074 2496 undequique
1090 2385 1234 2468 scateat
1257 2381 1448 2472 folliculis
1465 2387 1653 2486 humore-

201 2495 403 2581 uneiuoso
433 2494 623 2610 repletis,
657 2495 775 2581 facile
809 2495 1081 2582 inflammabili
1101 2499 1155 2580 ’δι
1190 2497 1239 2580 ad
1273 2500 1407 2610 ignem
1439 2499 1643 2585 evidenter

202 2609 492 2723 decrepitante.
509 2609 611 2719 Qua
633 2614 725 2692 cium
745 2614 879 2694 omnia
897 2615 938 2693 in
955 2614 1083 2724 pueris
1103 2606 1327 2693 molliffima
1347 2611 1441 2714 sint,
1462 2617 1501 2694 be
1520 2615 1652 2699 causis

196 2727 293 2806 riam
316 2724 500 2827 internis,
525 2727 609 2806 tum
631 2726 801 2808 externis
831 2723 1041 2828 cedentia,
1068 2719 1395 2835 depurationique
1423 2749 1511 2836 apta
1537 2726 1611 2810 srnt
1625 2785 1647 2832 ,-

195 2835 299 2918 satis
328 2831 560 2947 intelligitur
583 2863 702 2945 quare
728 2833 878 2920 morbis
902 2838 1077 2918 cutaneis
1100 2832 1201 2918 adei>
1220 2859 1402 2948 pateant,
1422 2839 1651 2949 vitiumque

196 2949 313 3042 inrita
338 2949 514 3030 innatum
540 2951 715 3032 inaures
741 2945 859 3033 facile
885 2947 1116 3062 deponatur.
1227 2997 1231 3008 ·
1268 3037 1271 3042 ,

261 3061 489 3176 Depuratio
514 3061 685 3170 quidem
703 3064 786 3145 haec
814 3061 863 3146 ad
890 3089 1001 3148 aures
1019 3059 1191 3174 incipit,
1212 3057 1280 3142 sed
1303 3061 1357 3141 ita
1380 3063 1652 3148 exnniverso

197 3201 383 3288 corpore
395 3173 589 3289 procedit.
607 3173 718 3258 Hinc
733 3178 839 3260 varia
852 3173 956 3289 apud
973 3174 1149 3256 sudores
1164 3169 1396 3257 morborum
1413 3175 1454 3252 in
1471 3202 1562 3259 cute
1578 3207 1641 3260 au·

195 3291 254 3374 tls
271 3287 540 3371 enascentium
554 3289 717 3370 nomina
728 3295 769 3371 be
781 3287 1073 3401 descriptiones.
1090 3285 1161 3368 Sic
1174 3281 1221 3368 sb
1230 3282 1347 3370 Alex.
1369 3283 1575 3373 Tralliano
1589 3295 1652 3394 (ab

196 3402 359 3484 mentio
376 3401 423 3484 frt
437 3398 568 3483 morbi
579 3411 705 3511 'quem'
715 3397 793 3510 jam
808 3400 1130 3486 denominaverat
1143 3394 1419 3504 Dioscorides,
1430 3407 1505 3482 dec
1515 3399 1640 3485 -susrirs

194 3511 407 3626 descripsrt
435 3509 661 3598 Alexander
703 3512 755 3598 de
784 3511 983 3598 vermibus
1022 3538 1157 3596 aurem
1188 3507 1488 3624 occupantibus.
1512 3512 1640 3598 'Idem

194 3634 246 3711 oe
272 3622 419 3710 Paulus
437 3625 627 3738 AEgineta
645 3625 710 3732 (b)
732 3628 800 3736 qui
818 3626 885 3709 san
942 3629 1046 3708 ineas
1087 3618 1243 3706 ratereiu
1256 3649 1365 3710 aures
1388 3647 1432 3706 ut
1454 3623 1640 3712 morbum

196 3737 413 3852 vulgarem
436 3741 664 3842 annotavit,
689 3735 835 3847 aliique
911 3735 1016 3821 edici
1042 3652 1173 3848 plures
1201 3763 1251 3821 ex
1275 3733 1409 3819 infimi
1429 3737 1640 3824 Gracitate

61 3913 64 3920 .
191 3855 276 3964 qui
292 3850 394 4046 ¹plus
425 3853 466 3935 in
495 3847 785 3967 praescribendis
812 3849 1134 3985 medicamentis,
1166 3845 1285 3958 quitur
1307 3851 1351 3932 in
1376 3845 1639 3938 describendis

196 3993 298 4051 mor
325 3968 358 4048 is
377 3963 620 4050 insudavere.

195 4171 203 4186 .
260 4079 421 4164 verum
430 4076 565 4194 passum
582 4075 851 4194 Hippocrates
866 4072 1011 4188 ipsede
1026 4076 1178 4164 aurium
1194 4071 1370 4156 fluxione
1385 4067 1654 4183 crassiorque·

196 4189 363 4278 viscosi
376 4187 562 4302 tanqulm
579 4189 629 4274 de
646 4193 732 4275 crist
746 4189 907 4274 locutus
921 4191 973 4272 est
987 4195 1049 4294 (c),
1070 4195 1112 4272 δι
1125 4189 1270 4270 horum
1284 4181 1642 4271 considerationem

195 4300 385 4421 pluribus
403 4305 445 4388 in
462 4302 566 4388 locis
583 4307 731 4418 attigit,
753 4329 938 4413 tanquam
953 4300 1004 4384 de
1018 4300 1198 4412 corporis
1216 4297 1463 4414 emundorio
1472 4359 1486 4402 ,
1501 4300 1644 4384 humi..-

195 4417 426 4528 ditatesque
439 4413 547 4503 circi
559 4443 671 4502 aures
685 4414 791 4500 nasci
808 4413 1014 4527 prasertim
1028 4406 1241 4495 infantibus
1251 4434 1374 4518 atque
1390 4412 1518 4522 pueris
1535 4439 1643 4496 com·
1673 4483 1676 4490 .

193 4535 396 4638 monuit,
417 4529 566 4641 easque
595 4532 718 4616 astate
747 4525 988 4642 poriffnnum
1012 4526 1100 4619 sieri
1125 4520 1256 4610 voluit
1275 4521 1539 4612 zanimedvesti
1563 4525 1655 4630 (d),

198 4723 206 4731 -
239 4686 521 4766 (a)lib.3‚cap.
546 4705 591 4748 ro.

243 4766 303 4845 (b)
328 4767 388 4828 Lib.
408 4789 442 4846 3,
460 4787 520 4848 cap.-
540 4788 558 4823 ι

198 4857 202 4868 ’
241 4787 689 4928 (c)Epid.4,107.'l¹'⁰oesius.

243 4925 305 5010 (d)
326 4925 402 5012 aph.
418 4929 494 4991 διὰ.
510 4948 546 5008 3,
565 4945 623 5002 η,
643 4936 723 5005 ὀμ,
