4228 5898
459 427 526 548 aa
687 443 787 530 un
841 429 1660 528 n=1o-x.n1a¹;·ou·anne1s,
1779 559 1781 564 Ι

462 633 539 716 que
551 603 749 692 m'o'tboin
758 594 1257 694 casibusomnibush'abere
1268 595 1600 715 piaculumsoret.
1609 597 1645 683 F
1646 595 1755 684 sirfur
1768 595 1900 722 ipsum

459 747 542 800 non
564 719 718 834 semper
735 751 811 802 una
825 717 1042 822 eademque
1062 741 1123 796 res
1136 715 1209 796 est.'
1490 784 1501 796 .

513 831 599 913 Sim
629 829 850 915 licilssmum
873 830 1051 909 omnium
1067 825 1192 908 furfur
1207 823 1363 910 affesiui
1377 821 1495 910 alicui
1515 849 1686 908 cutaneo
1703 823 1901 914 succedo·

460 971 580 1026 neum
599 861 720 1027 lcmas
740 939 989 1057 epiilcrmidis
1006 935 1216 1043 disjunctas*
1231 933 1382 1040 obiicit.
1403 938 1472 1020 Sic
1494 935 1629 1021 sanato
1718 938 1897 1053 stpelati,

460 1083 527 1137 aut
548 1060 787 1165 cuicumque
801 1049 947 1134 morbo
961 1069 1130 1134 cutaneo
1148 1048 1367 1132 succedens
1380 1049 1505 1132 furfur
1515 1049 1667 1162 signum
1704 1051 1898 1138 arabeun-

459 1173 606 1273 tis‚nec
621 1167 698 1274 jam
711 1165 998 1249 effervescentis
1013 1161 1164 1263 morbi;
1179 1167 1390 1246 'renovatur
1404 1161 1588 1246 scilicete
1615 1163 1896 1272 marniacum

461 1281 630 1366 dilatatis
643 1277 845 1392 'ruptisque
862 1275 1040 1361 vinculis
1058 1275 1208 1359 nullam
1237 1272 1316 1380 jam
1343 1305 1436 1356 cum
1458 1302 1551 1359 cute
1581 1193 1751 1381 linietis
1784 1278 1896 1364 obri-

461 1423 552 1478 neat
578 1395 885 1476 connexionem.
907 1391 1029 1514 ·Hinc
1050 1387 1130 1480 abit
1162 1385 1245 1472 fera
1280 1413 1430 1474 terreus
1454 1391 1495 1472 in
1517 1372 1740 1501 pollinenP
1752 1394 1895 1476 tenuis}

459 1509 610 1588 simum.
1622 1507 1624 1514 ’
1904 1536 1907 1546 ’

530 1616 756 1725 Aliquando
778 1618 858 1700 stne
883 1614 969 1700 ullo
996 1615 1169 1700 evidenti
1202 1617 1269 1723 qui
1294 1611 1698 1726 praecelleritmorlao
1728 1619 1893 1703 mucosa

461 1737 502 1810 ὅ(
527 1728 724 1842 glutinosa
742 1729 973 1846 epidermidi
992 1728 1187 1813 neslendae
1211 1752 1300 1840 apta
1316 1729 1496 1810 materies
1516 1752 1602 1810 tota
1618 1725 1734 1811 srntul
1752 1729 1893 1815 vim&

460 1840 638 1924 indolem
661 1839 859 1954 plasticam
894 1843 1029 1926 amilit.
1052 1843 1174 1925 Tunc
1201 1839 1355 1923 uidetur
1372 1837 1498 1922 'auelli
1516 1839 1736 1954 epidermis
1761 1845 1803 1925 in
1831 1840 1891 1926 la·-

460 1953 598 2038 mcllas
615 2017 630 2060 ‚
654 1963 696 2044 ὅ(
722 1951 862 2064 quibus
882 1959 924 2053 in
948 1955 1050 2039 locis
1068 1955 1207 2038 durior
1224 1957 1277 2037 est
1296 1981 1342 2036 ac
1369 1953 1544 2067 pluribus
1563 1957 1682 2037 stratis
1711 1957 1891 2040 constans

459 2069 629 2150 sormam
661 2067 788 2150 servatw
817 2071 1021 2184 integram.
1053 2069 1101 2150 Id
1130 2073 1170 2151 in
1198 2067 1361 2182 putridis
1391 2067 1578 2178 exquifits
1609 2071 1710 2152 cutis
1740 2067 1894 2154 morbis

460 2178 672 2304 aliquandi)
695 2180 867 2288 accidit,
888 2184 1140 2265 imb&cl1m
1160 2179 1373 2294 putredinis
1395 2189 1437 2264 ὃ(
1458 2178 1698 2267 alterationis
1716 2209 1804 2292 pars
1822 2178 1892 2266 illa

461 2293 611 2375 summd
637 2319 761 2377 terrea
779 2298 846 2376 vix
872 2323 994 2409 capax
1013 2297 1079 2400 stt,
1097 2299 1137 2376 in
1159 2289 1578 2406 semi-putrescentibus
1600 2290 1855 2376 cadaueribus
1873 2356 1892 2400 ,

460 2405 705 2518 epidermisit
722 2404 890 2512 sobieslai
911 2427 1003 2492 cute
1020 2413 1060 2488 in
1072 2405 1473 2520 fingentes‘separatur
1497 2402 1674 2490 laminas.
1696 2406 1744 2489 Id
1763 2407 1894 2490 furfur

459 2516 590 2600 morbi
616 2519 682 2602 seu
709 2523 840 2633 potius
869 2521 1093 2604 nutritionis
1126 2523 1346 2634 interrupta
1370 2543 1436 2601 aut
1458 2520 1644 2633 perversa
1668 2520 1890 2634 symptoma

458 2629 618 2714 titulum
639 2630 769 2715 morbi
786 2631 854 2716 srbi
874 2633 1077 2716 vindicare
1096 2635 1245 2742 nequit.
1266 2635 1269 2642 ’
1663 2635 1667 2642 “
1696 2635 1698 2642 ’

483 2787 491 2806 ·
530 2746 588 2827 At
608 2741 716 2829 aliud
738 2749 792 2830 est
813 2747 1006 2830 furfurum
1030 2773 1153 2858 genus
1173 2743 1195 2828 a
1219 2747 1352 2859 priore
1376 2773 1458 2828 non
1482 2741 1636 2850 sormi,
1663 2743 1730 2828 sad
1753 2747 1890 2834 natur&

459 2861 589 2966 potilts
606 2855 839 2972 discrepans.
861 2857 966 2940 Illud
981 2857 1264 2972 epidermidem
1285 2857 1446 2967 quidem
1475 2865 1516 2939 dr
1540 2885 1678 2940 omnes
1698 2855 1779 2964 ejus
1798 2889 1889 2974 par.

457 2992 517 3048 tes
538 2965 608 3046 sub
626 2968 666 3049 se
693 2970 1024 3084 comprehendit,
1055 2970 1122 3052 sc'd
1144 2967 1255 3052 stmul
1279 2971 1488 3053 mucosum
1517 2977 1735 3054 textum&
1756 2978 1890 3081 muci,

458 3075 597 3185 liquidi
617 3082 812 3192 primitm,
841 3080 932 3165 dein
951 3080 1221 3166 solidescends
1250 3109 1400 3197 partem
1421 3111 1503 3166 non
1518 3086 1735 3167 minimam.
1758 3085 1889 3195 Quod

458 3216 504 3272 ut
518 3189 662 3276 melius
684 3191 958 3312 intelligatur,
974 3221 1035 3278 res
1063 3190 1177 3278 altius
1202 3196 1411 3310 repetenda
1435 3198 1500 3279 est.
1520 3196 1663 3279 Affluit
1689 3196 1738 3281 ad
1763 3203 1890 3282 cutim

458 3330 528 3416 per
548 3307 695 3388 hiantia
712 3307 800 3391 vasa
823 3308 930 3390 muci
948 3304 1180 3420 lymphatici
1202 3334 1244 3390 at
1269 3337 1321 3393 ue
1343 3311 1491 3393 nutritii
1518 3337 1606 3422 pars
1629 3309 1767 3423 ingens
1778 3373 1792 3418 ,
1812 3340 1889 3398 nec

457 3420 594 3529 pariam
613 3415 838 3526 elaborata,
859 3449 942 3530 qua
956 3423 996 3502 in
1009 3419 1103 3502 statu
1118 3337 1282 3505 naturali
1297 3451 1391 3505 cum
1408 3419 1623 3532 quisquiliis
1635 3423 1887 3536 epidermidls

459 3529 648 3638 confusa,
664 3529 782 3619 lintea
797 3596 811 3639 ‚
826 3535 948 3617 vestes
971 3532 1202 3644 &pondere
1217 3529 1416 3646 graviores
1434 3535 1579 3639 efficit,
1601 3541 1642 3618 dr
1657 3535 1824 3620 odorem
1840 3541 1888 3622 iia

457 3639 649 3726 fracidam
667 3655 708 3731 ὃ(
726 3645 930 3730 rancidum
944 3648 1127 3762 impertit.
1144 3645 1242 3728 Hac
1256 3649 1298 3728 in
1312 3649 1475 3731 homine
1488 3649 1707 3732 exercitato
1726 3649 1888 3764 copiosa

458 3755 637 3841 &densa
664 3763 760 3844 aeris
781 3763 862 3844 vim
892 3786 1074 3871 magnam
1097 3761 1303 3858 continet3
1332 3763 1373 3843 in
1393 3758 1492 3871 aqud
1519 3757 1685 3844 solvitur
1711 3767 1886 3876 partim,

456 3873 596 3981 partim
619 3897 744 3958 terrea
770 3871 819 3955 ad
838 3869 1004 3954 fundum
1025 3870 1185 3956 decidit.
1210 3871 1360 3957 Sordes
1383 3899 1567 3958 cutaneas
1587 3873 1729 3957 dixeris
1761 3902 1887 3958 mate-

459 3983 555 4062 riam
573 4013 656 4069 non
684 3983 814 4070 usibus
838 3987 1063 4068 nutritionis
1090 3989 1247 4098 prorsus
1273 3987 1337 4091 ine
1365 4015 1447 4071 tam
1460 4046 1475 4094 ,
1495 4012 1563 4070 aut
1583 3985 1718 4070 saltem
1746 3993 1885 4100 pariam

456 4087 558 4174 ultra
594 4099 788 4185 nutriendi
821 4097 1011 4182 terminos
1046 4101 1284 4210 provedam.
1319 4017 1417 4184 siae
1447 4101 1698 4182 tenacitatem
1726 4097 1809 4180 cuti
1840 4106 1886 4182 dc

457 4205 658 4308 quoddam
675 4211 810 4322 gluten
820 4211 942 4317 addit,
956 4207 1294 4320 stmulquesalsum
1310 4209 1546 4323 gustantibus
1561 4210 1738 4324 saporem
1751 4211 1884 4296 offert.

456 4313 556 4397 Hac
578 4343 646 4430 per
672 4343 825 4405 textum
854 4324 1060 4410 mucosum
1085 4322 1246 4408 exsudat
1271 4327 1516 4433 crustamque
1535 4349 1713 4410 tenacem
1735 4331 1775 4405 dr
1798 4321 1886 4405 sub-

455 4423 563 4530 jeciis
585 4431 755 4540 partibus
771 4435 927 4516 affixam
951 4437 1059 4520 facit.
1079 4435 1278 4552 Spillescit
1291 4435 1443 4522 scilicet
1464 4443 1505 4518 ὃ(
1526 4436 1666 4518 crustas
1690 4431 1777 4518 illas
1799 4465 1885 4548 quae

456 4541 498 4622 in
534 4539 685 4626 morbis
721 4547 896 4632 cutaneis
935 4551 1109 4632 crullosrs
1142 4573 1327 4664 apparent
1360 4549 1517 4654 efficit,
1556 4545 1670 4630 simul
1693 4553 1737 4630 &⁹
1761 4545 1884 4634 lemas

457 4657 501 4737 δι
521 4650 712 4767 pollinem
733 4665 774 4740 dt
794 4657 930 4742 furfur.
953 4657 1068 4743 Unde
1095 4665 1142 4746 iit
1159 4687 1202 4746 ut
1220 4658 1433 4772 aliquandi)
1459 4661 1678 4746 furfuracea
1703 4665 1886 4748 materies

454 4763 897 4884 nntiemmpatcopii.

508 4875 738 4992 Aliquando
763 4885 881 4997 igitur
900 4882 1026 4970 surfur
1041 4834 1262 5000 symptoma
1277 4889 1330 4971 est
1351 4886 1401 4969 ad
1424 4884 1550 4970 solam
1571 4892 1695 4973 cutim
1711 4885 1885 4972 referen-
