4228 5898
500 408 576 500 {aa
750 405 845 495 on
885 360 1192 510 nonnis
1243 399 1644 496 'tuctu-ms.

492 553 538 657 ut
562 571 658 770 ίκὲἓ
681 598 732 660 ex
759 571 837 660 uns
866 577 907 659 in
935 569 1097 659 alteram
1124 569 1280 658 classem
1304 571 1407 658 vires
1436 571 1644 660 videantur
1663 565 1845 680 lluxill'e,
1879 559 1928 658 d?

493 685 601 770 aliun
678 687 795 800 possit
817 699 905 790 a'rs,
934 689 1101 800 cognito
1122 681 1244 770 semel
1268 683 1537 802 &explorato
1559 681 1689 768 morbi
1712 685 1807 768 stam
1819 745 1835 791 ,
1856 709 1925 768 eas

491 802 544 882 ira
571 798 786 884 admiscere
806 801 908 882 inter
929 797 969 882 se
992 825 1038 882 ut
1055 802 1219 884 virtutes
1239 796 1381 910 dirigat
1405 804 1447 882 δι
1468 797 1571 907 quast
1596 795 1761 882 reducat
1784 799 1825 880 in
1849 825 1923 880 nu·

489 941 671 1011 merum;
696 914 755 996 his
776 937 906 996 autern
927 909 1180 996 solventibus.
1195 907 1284 996 olea
1307 907 1537 994 &balsama
1564 908 1734 1022 prudens
1751 937 1833 994 non
1854 907 1924 1005 ad·¹

490 1024 654 1131 miscui,
678 1025 747 1118 etsr
769 1026 875 1108 varia
896 1025 970 1108 srnt
987 1051 1037 1106 ex
1060 1025 1120 1108 his
1137 1023 1188 1108 ad
1205 1019 1372 1135 stragulae
1387 1021 1510 1106 modo
1528 1047 1764 1106 memoratas
1782 1020 1922 1108 classes

487 1135 692 1244 reserenda
701 1197 717 1241 ,
743 1135 853 1245 qubd
869 1133 938 1218 illa
957 1138 998 1221 in
1012 1132 1200 1220 omnibus
1221 1137 1396 1218 cutaneis
1415 1132 1565 1218 morbis
1587 1133 1757 1250 suspesla
1775 1135 1922 1218 merito

486 1249 716 1334 habeantur.
749 1247 877 1332 Poros
902 1252 1008 1332 enim
1046 1250 1315 1362 constringunt
1350 1256 1391 1331 &
1420 1249 1663 1359 constipant,
1689 1249 1921 1356 exitumque

487 1364 646 1445 humori
678 1356 891 1444 morbifico
918 1363 987 1444 ersr
1016 1391 1100 1446 non
1124 1361 1345 1474 denegent,
1379 1385 1424 1442 ut
1453 1361 1730 1473 experimentis
1763 1358 1886 1442 didici
1901 1419 1924 1465 ,

488 1471 721 1558 raucescunt
740 1471 929 1556 facillime
960 1473 1085 1558 calori
1110 1476 1211 1559 cutis
1239 1473 1413 1586 exposita
1427 1532 1440 1575 ,
1469 1479 1511 1556 δε
1542 1471 1806 1587 suppurationi
1855 1499 1932 1554 ros
1968 1500 1972 1514 ·

486 1585 720 1690 movenda,
744 1585 1056 1672 inflammatione
1079 1583 1189 1670 aues
1215 1587 1347 1699 potius
1369 1585 1612 1691 inserviunt,
1633 1581 1751 1696 quim
1770 1501 1919 1668 resiblu-

485 1703 588 1786 tioni
602 1761 616 1806 ,
644 1701 711 1781 cui
736 1700 823 1782 rari)
845 1699 1003 1814 possunt
1027 1699 1267 1782 conducere.
1911 1761 1917 1774 .

543 1815 599 1896 At
616 1835 706 1894 ante
726 1814 859 1894 omnia
882 1839 965 1921 quae
985 1810 1036 1894 ad
1060 1814 1185 1895 cutim
1210 1809 1472 1894 admoventur
1488 1805 1723 1895 resolventia
1748 1814 1921 1923 primum

488 1925 770 2037 &principem
795 1919 934 2006 locum
954 1921 1039 2030 jure
1065 1925 1287 2032 meritoque
1311 1919 1467 2006 obtinet
1493 1925 1720 2026 mercurius.
1746 1922 1832 2032 Qui
1856 1949 1918 2006 ta-

487 2063 580 2122 men
603 2060 686 2116 non
707 2036 887 2118 omnium
918 2038 1132 2142 horarum,
1162 2061 1236 2119 nec
1263 2037 1442 2118 omnium
1475 2031 1708 2119 morborum
1730 2061 1919 2138 cutaneo·

469 2177 576 2230 rum
602 2146 935 2231 medicamentum
960 2149 1024 2231 est.
1059 2150 1115 2230 At
1145 2150 1301 2258 quoties
1324 2150 1502 2232 tenacior
1525 2147 1709 2262 lympha,
1737 2147 1917 2232 nondum

486 2257 677 2344 destructo
695 2258 877 2342 vasorum
899 2257 1168 2346 mechanismo
1188 2263 1306 2345 barret
1321 2261 1362 2342 in
1383 2263 1582 2374 angustiis,
1605 2287 1679 2346 nec
1721 2259 1916 2344 ericulum

487 2373 540 2462 est
561 2368 856 2476 nemobilitate
876 2376 1046 2492 partium
1068 2371 1210 2479 ausis,
1244 2399 1435 2456 venenata
1455 2402 1543 2488 pars
1565 2375 1606 2455 in
1630 2291 1720 2456 vari
1742 2373 1919 2458 ferocior

487 2485 753 2598 regrediatur,
770 2511 998 2570 concretam
1020 2511 1138 2595 atque
1158 2483 1407 2598 coagulatam
1429 2484 1556 2570 solvet
1601 2489 1830 2570 harmacum
1845 2515 1917 2599 po-

485 2598 751 2686 tentiffimum.
775 2595 857 2681 Sed
871 2624 915 2680 ut
929 2597 1099 2684 maxime
1113 2594 1355 2712 penetrabile
1369 2600 1444 2702 est,
1463 2600 1539 2703 ita,
1561 2516 1600 2679 si
1608 2627 1689 2680 non
1705 2601 1838 2684 omnia
1852 2601 1917 2682 in·
1980 2604 2001 2649 ⁶

485 2713 547 2794 tus
569 2708 668 2794 sarta
691 2712 870 2820 reslaque
893 2710 966 2796 srnt
978 2774 994 2818 ,
1015 2739 1216 2822 nunquam
1237 2735 1344 2796 caret
1362 2707 1556 2822 periculo.
1580 2706 1779 2794 Solvenda
1801 2707 1923 2821 aeque'

485 2820 604 2907 solvit
625 2851 671 2906 ac
695 2850 777 2907 non
797 2820 1014 2930 solvenda,
1048 2821 1153 2906 unde
1171 2820 1241 2906 ubi
1265 2819 1373 2906 nulla
1394 2820 1469 2906 luis
1487 2849 1659 2909 venereae
1677 2820 1771 2908 latet
1794 2821 1917 2937 suspi-

485 2939 580 3040 cio,
605 2934 808 3038 moderate
822 2939 996 3128 primurn
1027 2942 1069 3020 δι
1094 2936 1264 3020 refractis
1289 2932 1444 3018 dosrbus
1471 2965 1517 3050 ap
1546 2932 1744 3018 licandum
1766 2937 1845 3039 est,
1871 2943 1915 3020 dt

487 3045 606 3158 quim
621 3049 705 3130 lieri
723 3071 820 3160 pote
898 3047 1126 3132 utillimum.
1148 3047 1193 3131 Si
1212 3049 1319 3134 enim
1336 3075 1429 3132 eum
1443 2965 1560 3131 acido
1578 3046 1755 3135 solvente
1770 3047 1916 3134 foetum

486 3161 588 3242 inter
607 3153 800 3244 solventia
823 3077 1045 3245 adbibueris
1071 3163 1199 3275 provi
1221 3159 1426 3274 superstitis
1444 3161 1546 3245 acidi
1571 3160 1703 3252 evadit
1726 3187 1792 3246 aut
1811 3162 1915 3275 styp-

484 3273 610 3376 ticus,
634 3297 703 3354 aut
721 3271 922 3360 causticus.
952 3273 1053 3382 Quae
1106 3271 1239 3356 uidem
1262 3276 1424 3360 virtutes
1446 3271 1557 3357 suum
1577 3271 1724 3360 habeut
1742 3271 1913 3380 locum,

484 3409 526 3474 at
551 3381 573 3466 ὲ
597 3381 782 3497 firsplicis
808 3389 992 3470 mercurii
1016 3414 1064 3500 ap
1078 3301 1282 3472 beatiore
1302 3381 1509 3490 diversum.
1532 3385 1763 3472 Secundum
1781 3381 1830 3466 ab
1859 3413 1912 3472 eo

471 3493 624 3580 ‘locum
649 3499 750 3583 inter
772 3494 1005 3583 resolventia
1031 3415 1213 3583 obtinent
1263 3524 1443 3612 reparata
1471 3495 1591 3583 salina
1606 3493 1911 3606 antimonialia,

485 3611 570 3702 inab
596 3609 784 3718 &mults
816 3607 960 3698 dilutus
985 3607 1085 3722 equs
1109 3527 1280 3694 famosis
1295 3609 1376 3696 'ille
1402 3637 1563 3696 tartarus
1585 3609 1755 3696 stibiatus
1785 3609 1913 3696 resol-

485 3727 613 3816 ventis
648 3722 765 3808 titulo
793 3725 1011 3840 appositus,
1038 3726 1140 3810 inter
1165 3719 1342 3818 fomenta
1374 3728 1457 3814 vim
1485 3727 1623 3812 miram
1635 3787 1650 3832 ,
1688 3751 1753 3808 rne
1787 3725 1880 3808 teste
1892 3783 1911 3832 ,

486 3841 677 3922 exeruit..

552 3951 629 4037 His
673 3947 915 4036 solientibus
954 3951 1084 4037 morbi
1119 3957 1221 4039 cutis
1256 3955 1408 4042 tenuari
1440 3950 1609 4062 tollique
1641 3948 1824 4063 possunt,
1865 3955 1911 4032 dt

487 4059 633 4172 sanari,
654 4064 826 4147 stramen
840 4067 1016 4149 mitiores
1029 4067 1174 4152 suerint
1187 4066 1270 4176 illi,
1292 4093 1367 4152 nec
1382 4063 1571 4172 ulcerofi,
1586 4089 1653 4147 aut
1667 4063 1835 4148 crustosr.
1848 4059 1913 4144 Ea

486 4199 617 4257 autem
648 4174 840 4268 solventia
868 4177 909 4260 in
941 4175 1250 4290 quibuscumque
1273 4177 1421 4262 morbis
1446 4180 1500 4280 src
1525 4179 1668 4291 apponi
1696 4173 1911 4258 methodus

487 4281 617 4393 jubet,
633 4313 677 4370 ut
700 4297 722 4372 i
743 4287 981 4375 solventibus
1002 4291 1220 4378 laxantibus
1238 4294 1425 4406 incipias,
1455 4287 1585 4405 posted
1607 4290 1804 4372 mercurio
1823 4315 1910 4370 rem

489 4399 804 4507 conficiendam,
835 4429 900 4486 aut
921 4407 1140 4492 antimonio
1165 4408 1417 4510 committas,
1448 4433 1547 4516 opus
1567 4403 1662 4484 verb
1685 4397 1816 4514 posteb
1837 4397 1913 4482 ab·

487 4506 615 4593 solvas
637 4539 706 4624 per
727 4509 953 4598 roborantia
978 4521 1137 4649 topica,
1170 4547 1253 4630 quae
1288 4519 1397 4602 hosle
1428 4515 1639 4631 profligato
1671 4539 1797 4628 partes
1827 4507 1913 4596 ful-

489 4623 626 4728 ciunt,
652 4653 702 4710 ne
728 4631 857 4712 rursbs
886 4627 927 4710 in
947 4625 1165 4724 debilitatas¹
1198 4637 1237 4712 dr
1264 4633 1420 4744 pristino
1447 4629 1656 4710 infirmatas
1688 4622 1835 4708 morbo
1861 4627 1912 4706 ir-

487 4761 679 4850 rumpant.
700 4735 823 4825 Hisce
843 4740 1025 4824 remediis
1056 4739 1184 4851 aliqua
1215 4741 1288 4824 alia
1308 4738 1528 4857 nuperrime
1551 4737 1666 4848 adjun
1695 4739 1704 4757 ‘
1732 4733 1911 4852 placuit,

486 4875 531 4938 ut
549 4853 721 4938 cicutam
741 4881 824 4966 quae
848 4851 1007 4938 externe
1025 4852 1178 4968 semper
1198 4856 1306 4968 inter¹
1327 4852 1590 4972 potentissima
1617 4847 1808 4938 foventia
1837 4877 1911 4932 nu-

1762 4986 1915 5052 mesaia
