4228 5898
501 393 1345 512 ·rvvnooucrrnlr
1499 457 1632 542 ,ης

253 579 418 700 Veteres
441 575 548 664 enim
571 577 752 687 Medici,
774 605 983 694 antequam
1008 589 1222 672 mercurius
1243 591 1284 670 dr
1307 581 1501 673 stibiumit
1523 590 1633 704 Chy-

196 694 313 778 micis
331 716 473 776 vexata
493 691 659 798 fuerint,
680 697 773 778 clim
789 694 968 780 viderent
982 694 1003 782 i
1015 695 1144 786 valida
1156 699 1363 785 relinarum
1380 705 1632 814 purgantium

27 911 28 920 .
195 807 352 890 abbione
375 806 559 888 homines·
585 807 639 887 ita
664 802 785 912 solvi,
808 819 852 892 ut'
876 809 980 918 quast
1007 803 1131 898 subita
1157 813 1308 895 anione
1329 811 1630 925 marcellerent,

199 917 505 1032 potentillrmam
532 913 609 1001 illis
635 914 814 1006 solvendi
837 922 920 1006 virn
946 917 1186 1027 tribuerant,
1213 930 1255 1008 dt
1280 930 1372 1010 tum
1397 922 1530 1010 nullos
1554 929 1632 1014 elle

197 1025 381 1145 pu'tarent
412 1059 514 1140 quos
549 1058 635 1114 non
671 1027 858 1118 valerent
882 1029 1029 1121 elic'ere
1061 1037 1277 1141 humores,
1310 1035 1441 1122 morbi
1475 1041 1630 1126 causam

197 1169 318 1254 arque
340 1142 523 1230 fomitem
549 1144 611 1234 his
637 1144 747 1340 polle
770 1140 905 1233 abradi
933 1146 1190 1238 crediderant.
1218 1145 1426 1263 Peplium,
1455 1149 1631 1238 hellebo-

196 1285 288 1340 rum·
305 1281 516 1367 utrumque
527 1319 541 1362 ,
567 1285 642 1367 cyc
661 1284 796 1364 amen,
819 1258 1169 1369 colocynthidem,
1192 1265 1419 1374 turpethum
1439 1263 1488 1348 ad
1512 1266 1630 1352 revel-

36 1433 39 1442 .
196 1367 370 1476 leodos,
391 1367 621 1464 avellendos
645 1377 687 1456 lit
711 1369 932 1460 tenuandos
954 1374 1144 1464 humores
1168 1399 1357 1463 cutaneos
1380 1372 1629 1466 adhibebant.

194 1479 383 1591 Plerique
401 1485 486 1596 post
502 1495 755 1598 ptaeparatum
772 1498 917 1598 argtum
926 1546 941 1591 ,
961 1482 1082 1597 aliq'ui
1099 1485 1245 1576 insulso
1265 1493 1306 1572 dt
1324 1485 1407 1602 fere
1419 1490 1629 1576 mortifero

194 1593 286 1680 freti
327 1596 538 1682 ratiocinio
578 1595 686 1684 malo
721 1597 833 1684 nodo
864 1595 1015 1686 malurn
1045 1629 1218 1686 cuneum
1246 1598 1325 1688 elle
1356 1601 1631 1712 quarendum,

195 1709 321 1792 statim
345 1733 393 1794 ea
420 1731 513 1797 cum
541 1710 692 1822 ingenti
719 1739 912 1824 agrorum
938 1713 1061 1825 strage
1083 1715 1125 1798 in
1150 1712 1264 1800 usum
1290 1711 1543 1799 advocarunt
1575 1719 1633 1801 Ar
1697 1737 1701 1744 ’

196 1818 422 1906 observatio
439 1821 700 1910 formidinem
725 1823 906 1924 in'cullit3
925 1827 1096 1912 terrifica
1119 1825 1405 1916 medicamenta
1427 1831 1633 1937 torretis,

188 1929 440 2040 adulterata,
468 1937 646 2052 mitigata
666 1934 752 2022 usui
773 1934 942 2067 luerunt.
960 1935 1087 2022 'Hinc
1115 1963 1179 2022 tot
1193 1939 1521 2070 pharmaceutica
1544 1970 1632 2071 pnr-

192 2071 328 2177 parata
335 2107 350 2153 ,
375 2051 729 2162 panchymagoga,
753 2049 896 2156 brerae,
919 2047 1072 2136 tabellae
1094 2049 1144 2134 de
1167 2076 1295 2157 erno,
1321 2049 1474 2160 aliaque
1497 2051 1629 2159 hujus-

195 2159 338 2265 modi,
364 2190 450 2271 quae
480 2159 801 2249 ravenniana
827 2160 910 2247 dost
936 2160 1162 2249 solventem
1184 2157 1396 2250 exerebant
1417 2164 1602 2250 virtutem
1613 2229 1630 2274 ,

196 2270 394 2358 mediocri
413 2267 617 2387 pur'gantia
627 2337 645 2382 ‚
667 2275 825 2360 fortiori
844 2273 1004 2359 drallica
1025 2302 1147 2360 erant.
1171 2275 1254 2361 Sed
1279 2272 1410 2390 posteit
1432 2303 1502 2389 per
1524 2307 1631 2363 mer-

199 2382 361 2470 curialis
380 2391 423 2474 &
442 2385 709 2478 antimonialia
719 2415 781 2474 res
799 2389 931 2474 mitiirs
950 2390 1015 2504 agi
1033 2390 1170 2584 coepit.
1190 2387 1310 2474 Tunc
1329 2392 1533 2584 purffiantia
1546 2391 1630 2476 haec

203 2502 336 2584 omnia
355 2526 407 2584 err
428 2498 500 2587 usu
524 2501 656 2592 nolito
674 2499 758 2588 fere
781 2495 1020 2600 exolevdr'e3
1046 2504 1084 2584 n'
1104 2527 1268 2588 ttamen
1289 2503 1410 2613 priori
1439 2531 1483 2586 us
1503 2506 1632 2588 mine-

201 2607 342 2696 ralibut
364 2614 488 2703 mixta
513 2611 798 2720 exliibeantur,
833 2639 902 2698 aut
925 2640 976 2698 ex
999 2614 1191 2700 Dodioris
1219 2613 1463 2727 praescripta,
1493 2642 1560 2698 aut
1587 2619 1629 2698 in·

200 2722 541 2840 Pharmacopaeis‚
570 2749 617 2810 ut
640 2727 728 2812 sunt
752 2722 882 2841 pilula
909 2723 1160 2810 mercuriales
1180 2728 1294 2812 varia
1304 2785 1320 2830 ‚
1347 2721 1511 2808 morsuli
1529 2731 1631 2812 anri»

197 2836 419 2943 moniales,
439 2841 611 2929 nnuurae
626 2899 642 2947 ,
660 2837 820 2925 elixiria
840 2845 883 2924 dt
908 2836 985 2922 alia
1009 2834 1171 2944 hujusce
1196 2837 1322 2924 modi.
1638 2843 1645 2854 '

257 2950 337 3037 Vix
348 2953 412 3038 'est
430 2951 541 3063 qubd
555 2980 630 3036 nos
648 2949 761 3060 hujus
779 2949 1005 3037 voluntaria
1024 2945 1259 3068 paupertatis
1280 2952 1490 3065 prunireat,¹
1504 2950 1631 3038 faran·-

204 3061 302 3146 dum
316 3088 447 3152 tamen
464 3067 542 3172 est,
565 3094 647 3152 non
666 3065 848 3154 eamdem
867 3066 945 3150 effe
960 3067 1044 3150 vim
1062 3061 1285 3150 solventem
1302 3062 1524 3171 hellebori,
1546 3095 1630 3151 non

200 3175 383 3262 eamdem
402 3175 742 3289 colocynthidos,
768 3207 852 3262 non
876 3176 1057 3264 eamdem
1083 3179 1319 3285 antimonii,
1341 3205 1424 3260 non
1448 3178 1630 3264 tamdem

200 3287 495 3392 aloericorum3
523 3293 606 3376 hac
626 3291 934 3378 hemorrhoides
960 3293 1137 3406 aperiunt
1160 3299 1202 3374 δι
1228 3285 1376 3376 debent
1396 3291 1568 3405 praeferti
1587 3293 1630 3374 in

200 3401 352 3488 morbis
373 3405 548 3488 curantis
567 3407 634 3515 qui
652 3403 700 3490 ab
720 3407 859 3490 harum
875 3404 917 3488 su
945 3403 1138 3519 prellione
1155 3400 1400 3517 sumpserunt
1421 3405 1630 3517 originem.

201 3513 431 3602 Helleboro
450 3521 520 3602 vis⁴
531 3519 626 3602 inest
640 3515 717 3629 quit
735 3519 864 3604 serum
882 3435 1067 3631 adcapur
1083 3513 1258 3600 delatum
1274 3517 1400 3600 trahat
1415 3518 1634 3629 potentibst

202 3626 458 3742 colocynthis
470 3631 615 3718 inertes
629 3657 746 3741 atque
761 3633 916 3833 stupore
930 3627 1105 3741 quodam
1128 3629 1340 3714 hairtanrts
1360 3625 1635 3741 glandularum

202 3739 319 3826 fibras
369 3745 541 3836 orandus
565 3739 779 3828 vellicabit.
833 3742 971 3858 alappa
987 3746 1030 3826 in
1046 3739 1170 3826 bilem
1190 3739 1430 3854 movendam
1452 3743 1634 3856 princeps
1739 3801 1743 3808 -

203 3855 303 3940 este
350 3851 483 3962 cacirl,
512 3857 621 3938 hunc
643 3857 672 3938 st
698 3859 850 3970 gummi
877 3857 1129 3939 ammoniaco
1153 3847 1395 3967 seponique,
1426 3852 1635 3938 ueletiam

206 3963 317 4052 melli
344 3992 462 4079 atque
490 3965 679 4053 saccharo
712 3967 915 4053 miscueris
953 3969 1165 4074 intimiirs,
1204 3975 1320 4078 quam
1350 3965 1448 4049 mire
1477 3963 1634 4071 solvat,

204 4082 270 4166 vix
301 4078 437 4165 referri
470 4082 607 4194 potest.
656 4079 777 4166 Varia
807 4080 901 4193 quid
928 4082 993 4165 hlc
1020 4085 1243 4165 memor'em‘
1269 4077 1318 4160 ad
1346 4074 1519 4190 singulos
1547 4079 1636 4161 arti*

206 4190 319 4282 culos
355 4198 398 4276 δι
435 4195 705 4278 nudationem
731 4192 986 4310 peculiarem
1010 4189 1255 4291 ¹morborum
1290 4217 1386 4270 mox
1420 4189 1633 4286 referenda.

209 4302 330 4391 Certe
411 4308 511 4390 timo
538 4309 680 4422 pariter
704 4302 877 4392 instituto
896 4310 938 4391 in
961 4307 1069 4390 hisc'e
1094 4301 1244 4386 morbis
1266 4303 1430 4385 inv'entae
1446 4284 1541 4387 lsunt
1561 4305 1635 4417 pti-

207 4419 303 4502 sanae
317 4333 539 4504 suddriferae
554 4445 786 4537 purgantes,
809 4417 949 4531 quibus
965 4423 1026 4511 vir
1040 4413 1221 4506 indoiius
1239 4423 1281 4500 dt
1296 4417 1476 4517 inficetus
1490 4414 1637 4513 famam

29 4583 30 4620 r
206 4529 274 4614 srbi
290 4538 334 4616 δι
351 4530 507 4617 lucru'm
522 4535 564 4634 in
580 4535 661 4634 ,bac
682 4535 843 4626 civitate
861 4530 961 4616 olim
977 4530 1158 4644 qualitit.
1178 4527 1227 4619 In
1239 4527 1349 4613 hisce
1366 4524 1472 4612 enim
1484 4525 1637 4652 morbis

208 4641 459 4754 qudcumque
485 4644 579 4754 vib,
615 4643 864 4758 qudcumque
890 4647 1043 4740 ratione
1064 4669 1221 4734 tenuata
1245 4667 1413 4728 vacuare
1441 4645 1638 4760 optimum

209 4759 287 4866 er,
309 4765 358 4844 a
378 4755 510 4842 nnus
528 4755 695 4870 autin,
716 4761 744 4846 n
763 4761 943 4884 prasion
964 4755 1166 4849 flandum·
1188 4757 1241 4841 est
1259 4753 1329 4870 qn
1344 4755 1386 4838 n
1402 4749 1639 4845 nnuma

32 4916 33 4920 Ν
209 4893 318 4960 terra
338 4868 568 4988 regionibus
590 4873 829 4964 medicinam
849 4873 1069 4960 faciitarrnrr
1078 4935 1095 4984 ,
1117 4871 1212 4984 quin
1235 4867 1291 4954 ibi
1316 4866 1530 4952 sudorillsra
1557 4859 1641 4946 sola

1329 4977 1419 5087 vrj
