4186 5908
621 427 1250 550 C'UTANrEIss·
1524 469 1613 557 <275

174 585 328 676 summa
346 588 466 708 partis
481 594 522 680 in
537 589 656 708 quam
673 595 921 684 derandum
940 599 1159 686 differentia
1170 597 1447 718 discrepantias
1458 599 1628 718 aliquas.

173 705 380 820 imprimit,
408 707 529 824 ¹Novi
557 707 753 818 juniorem
783 711 959 846 puellum
986 715 1055 804 cui
1076 711 1209 798 sunilis
1235 717 1381 808 hunror
1409 719 1454 802 in
1479 720 1611 810 ocullr

173 813 355 905 lemarus
396 822 701 938 ras&copiosas
714 823 1133 940 ffillrcidiumqueacre
1143 825 1341 914 effecerat.
1352 829 1464 916 Huic
1475 829 1607 920 subito

174 933 330 1045 impetu
376 965 494 1020 umor
510 940 550 1020 in
565 937 751 1052 genitalia
766 938 977 1048 decubuit,
998 939 1066 1024 ubi
1078 944 1187 1056 puris
1199 941 1361 1053 quidem
1375 945 1513 1030 eadem
1527 973 1610 1033 erar

172 1071 338 1153 natura,
366 1073 405 1134 at
424 1075 560 1134 rumor
581 1047 736 1136 cellulis
755 1053 975 1139 tumescitis
994 1056 1200 1159 inanunis,
1226 1081 1267 1138 at
1285 1057 1412 1140 fluxus
1424 1059 1608 1148 humoris

172 1187 229 1242 co
260 1161 461 1248 ‘osrffimus
486 1162 591 1270 albi,
617 1164 783 1272 fracidi,
805 1163 1000 1252 br‘nrixto
1021 1167 1152 1251 odore
1173 1167 1362 1252 nauseusi.
1380 1167 1492 1254 Hinc
1500 1234 1513 1278 ,
1537 1177 1605 1258 ets

177 1189 333 1356 nullum
358 1301 427 1388 per
454 1275 492 1362 se
513 1276 735 1394 periculum
755 1276 825 1364 illa
842 1284 1085 1393 importent,
1113 1308 1197 1390 quae
1219 1307 1352 1365 tamen
1374 1284 1606 1400 profundius

177 1387 296 1470 inusta
319 1388 479 1474 fuerunt
491 1453 504 1496 ,
534 1394 659 1476 cutim
681 1391 889 1506 deturpant
907 1402 950 1478 br
967 1391 1062 1478 altas
1084 1394 1291 1478 cicatrices
1312 1393 1502 1503 inurunt,
1522 1401 1607 1482 imb

175 1504 394 1584 maximum
413 1503 455 1584 in
474 1503 682 1588 discrimen
702 1503 859 1620 possunt
874 1504 1090 1618 aliquando
1109 1506 1270 1590 miseros
1286 1505 1499 1592 adducere.

233 1614 290 1698 At
317 1617 357 1698 in
386 1618 572 1730 prognosr
598 1618 830 1706 instituendi
857 1620 949 1704 ansb
980 1601 1115 1703 omnia
1143 1620 1421 1730 inquirendum
1442 1625 1497 1704 est
1522 1649 1607 1732 quae

174 1725 220 1808 srt
244 1729 453 1812 crustarum
481 1727 639 1814 illarum
670 1736 817 1846 origo,
855 1763 939 1846 qur
961 1735 1034 1816 srnt
1057 1731 1229 1816 amabas
1252 1729 1480 1843 Aliquando
1496 1738 1607 1818 enim

170 1838 332 1924 valente
357 1849 398 1924 ὅ(
431 1842 525 1926 sano
552 1871 723 1958 corpore
744 1845 991 1930 enascuntur.
1027 1843 1155 1956 Quod
1179 1841 1315 1928 sanum
1340 1844 1453 1929 antei
1480 1846 1607 1936 suerat

174 1951 455 2066 corpusculum
473 1954 609 2040 sanum
626 1983 813 2044 remanet.
835 1956 1019 2044 Cruslosa
1035 1957 1259 2074 superficies
1277 1961 1458 2071 corporis
1476 1956 1610 2074 super-
1660 2059 1668 2070 ,

173 2093 343 2150 vacuam
368 2069 489 2152 inesse
516 2073 558 2152 in
585 2098 756 2186 corpore
783 2075 952 2158 materie
980 2074 1146 2156 nutritiae
1172 2070 1272 2156 sarra
1300 2073 1406 2154 inem
1430 2071 1605 2180 indicat,

174 2177 273 2262 nihil
283 2181 466 2294 praeterei
484 2175 710 2269 murarissAt
727 2184 938 2296 aliquando
952 2188 1036 2300 posi
1049 2187 1231 2268 erraticas
1312 2209 1394 2289 res,
1410 2180 1479 2266 ubi
1497 2215 1607 2300 appa·

174 2319 360 2400 ruerunt,
382 2294 547 2380 salutem
572 2298 823 2383 interioribus
844 2296 1057 2384 visceribus
1081 2296 1271 2382 inducere
1291 2295 1378 2380 visae
1403 2295 1517 2398 sunt;
1539 2324 1606 2384 aur

174 2403 356 2519 languori
376 2435 493 2518 atque
511 2415 682 2494 marcori
701 2411 950 2496 succedaneae
960 2470 973 2519 ,
992 2411 1090 2494 dum
1103 2407 1340 2526 corpuscqu
1355 2407 1605 2523 deperibant,

174 2517 340 2604 salutem
368 2523 453 2604 imo
481 2530 524 2606 br
557 2524 801 2608 torosrtatem
829 2528 989 2638 corpori
1010 2523 1223 2607 adduxere.
1251 2521 1330 2606 His
1356 2521 1540 2608 omnibus
1562 2527 1605 2606 in

174 2659 242 2716 eru
273 2632 447 2719 tionibus
460 2633 553 2719 verb
566 2638 713 2720 criticis
785 2637 953 2724 riculum
968 2641 1023 2720 est
1040 2664 1091 2721 ne
1110 2633 1211 2719 inrri
1228 2634 1517 2748 regrediantur,
1538 2661 1605 2720 aut

173 2663 724 2862 mlbnguidiusexeant.Und
761 2750 970 2832 nascuntur
983 2752 1185 2854 horrores,
1197 2750 1363 2862 rigores,
1376 2742 1506 2830 febres
1519 2775 1607 2832 acu·

170 2884 221 2942 tae
239 2890 334 2943 cum
350 2860 539 2946 decubitu
554 2865 595 2946 in
606 2865 796 2947 interiora
815 2897 823 2946 :
842 2891 926 2974 quae
941 2860 1069 2947 febres
1084 2857 1229 2975 vulgo,
1243 2887 1318 2944 nec
1333 2860 1413 2942 srne
1427 2861 1602 2967 ratione,

176 2971 446 3086 opericulum
468 2975 642 3091 speeies,
667 2975 846 3092 malignae
865 3000 1062 3060 vocantur
1083 3007 1095 3074 ς
1119 2977 1203 3058 imb
1224 2980 1266 3056 dr
1288 2971 1385 3087 saepe
1403 2976 1537 3058 evenit
1560 3000 1605 3064 ut

174 3084 311 3172 naturi
328 3091 369 3171 in
388 3089 641 3174 excernendo
661 3093 831 3174 humore
849 3093 1006 3204 proruis
1020 3086 1161 3194 devii,
1189 3083 1303 3171 lente
1317 3081 1446 3170 febres
1465 3092 1602 3170 conci-

173 3201 332 3307 rentur,
362 3201 557 3286 viscerum
586 3229 851 3319 congerantur
879 3205 1112 3286 interiorum
1144 3199 1379 3315 grandinosa
1406 3198 1600 3312 coagula,

174 3311 501 3428 lymphaticrrque
524 3318 767 3424 inflationes,
789 3323 833 3400 br
857 3344 979 3401 muco
1000 3314 1285 3400 concrescente
1308 3311 1600 3396 indurationes:

174 3451 241 3510 aut
265 3425 426 3511 demum
455 3427 751 3543 suppurationes
780 3429 892 3516 lentae
920 3431 1051 3514 tacitis
1080 3423 1343 3544 progressibus
1372 3424 1607 3508 marasmum

109 3586 122 3600 ν
174 3539 397 3647 inducunt,
426 3569 546 3652 quem
575 3545 602 3626 sr
634 3543 881 3660 prohibuerit
907 3541 1088 3637 debilitas
1118 3565 1290 3646 namrae,
1326 3541 1459 3622 atonia
1486 3561 1604 3650 atque

175 3655 351 3767 hydrops
374 3655 585 3741 metuenda
602 3656 802 3771 supersunt
832 3689 846 3760 3
877 3640 962 3768 qiu
982 3657 1064 3740 duo
1084 3653 1317 3737 morborum
1338 3677 1482 3766 genera
1501 3648 1606 3764 apud

175 3793 247 3852 nos
268 3764 464 3881 precipue
479 3766 682 3852 infantese
702 3771 836 3854 medio
857 3768 1019 3855 tollunt.
1033 3765 1225 3854 Verbmsr
1244 3763 1401 3850 aliunde
1419 3765 1607 3849 accersita

174 3879 283 3966 labes
313 3877 489 3962 crustosae
511 3877 679 3968 diathesr
699 3879 919 3997 jungatur,
947 3885 976 3965 sr
1003 3882 1157 4000 putrida
1188 3879 1300 3966 srmul
1330 3878 1353 3962 b
1380 3875 1604 3976 ventriculo

174 3991 330 4078 saburra
357 3989 623 4101 resorbentur,
647 4021 724 4082 nec
751 4023 798 4081 ea
823 3996 1005 4081 remediis
1041 3993 1193 4082 marurb
1226 3994 1343 4076 fuerit
1365 3987 1603 4096 emundata,

174 4101 424 4220 duplicantur
443 4103 617 4220 pericula
636 4110 906 4226 praesagienda.
930 4109 1090 4195 Etenim
1112 4109 1335 4219 eruptiones
1355 4098 1429 4182 illae
1448 4128 1517 4214 per
1536 4099 1577 4185 se
1586 4161 1602 4208 ,

176 4223 274 4304 &in
290 4223 485 4336 principio
501 4220 551 4304 ad
565 4249 636 4305 cor
665 4228 744 4310 oris
760 4222 922 4310 salutem
938 4226 1113 4306 institutae
1131 4212 1290 4301 misceli
1305 4214 1450 4329 putridi
1463 4217 1606 4298 humo-

175 4336 227 4416 ris
242 4333 408 4449 pessrmae
421 4335 527 4418 faeta
537 4395 551 4440 ,
566 4253 827 4446 undequaque
848 4365 931 4418 non
949 4339 991 4417 in
1007 4357 1139 4414 cutem
1158 4326 1307 4433 solum,
1321 4328 1386 4412 sed
1406 4337 1448 4412 br
1466 4331 1507 4411 in
1522 4355 1605 4410 om·

177 4450 242 4528 nia
257 4446 407 4531 viscera
421 4447 643 4554 exundant,
660 4475 785 4558 eaque
803 4444 1131 4554 colliquefaciunt
1139 4506 1152 4549 ‚
1167 4441 1360 4550 erodunt,
1383 4440 1604 4547 destruunt,

177 4557 282 4642 unde
307 4561 376 4642 nisr
401 4561 582 4675 prudenti
606 4565 696 4646 artis
717 4561 952 4675 potentioris
973 4549 1120 4640 auxilio
1140 4555 1411 4661 succurratur,
1436 4558 1503 4639 vix
1524 4551 1612 4638 ulla.

179 4672 327 4758 miseris
348 4674 431 4788 spes
451 4697 646 4783 remanet,
666 4681 710 4760 br
728 4671 851 4759 tabidi
870 4697 988 4782 etque
1006 4671 1290 4755 marcescentes
1303 4669 1559 4753 emoriuntur.

232 4784 397 4900 Duplex
411 4789 531 4901 igitur
536 4787 710 4984 periculi
727 4815 851 4904 genus
870 4785 1038 4872 infantes
1056 4787 1225 4868 minatur
1243 4780 1265 4866 ὲ
1280 4781 1486 4896 superficie
1503 4772 1606 4863 crus·

170 4895 264 4986 rosi
288 4927 355 4990 aut
374 4925 535 5017 retropu
553 4898 615 5009 si,
647 4929 813 4992 autnon
832 4925 1014 4990 exeunte.
1042 4903 1223 4988 'Acutum
1238 4898 1346 5096 Ἣ,
1371 4895 1607 5026 elnonicum

1319 5038 1360 5094 m
1386 5037 1411 5113 ¹1
