4186 5908
19 757 20 760 t
186 684 365 770 medicas

641 335 1170 496 otuu-rumas„
1541 449 1627 526 ‚243

187 569 402 658 endemico
424 581 635 708 acceptum
656 571 776 662 suerit
787 575 970 708 ,mirum
987 572 1251 708 est·Plirrium-
1263 579 1327 682 (a)
1339 577 1418 690 ‘qui
1438 573 1546 680 circi
1564 609 1627 670 ros

184 795 333 884 morbo
347 684 1627 918 haiiriliieliueiunitererisiiilnffiniieittecgisliteltqirilpiilliiliiiliiiliurncotlrii

183 911 340 1000 fudiffe.
367 913 453 998 Hic
474 910 653 1004 lichenes
676 942 740 1000 ro
755 915 871 1002 sanci
884 912 1030 1002 morbo
1047 912 1184 1004 haberi
1198 913 1285 1000 vult
1295 977 1309 1024 ,
1328 922 1422 1002 cium
1438 948 1523 1005 non
1536 918 1625 1034 plus

184 1025 417 1127 adfaciem,
434 945 885 1140 quenadreiiquascm
913 1030 993 1114 oris
1008 1051 1136 1145 partes
1152 1030 1356 1144 pertineat.
1377 1031 1473 1124 ¹Nec
1488 1058 1626 1125 tunes)

184 1137 275 1254 plus
291 1139 490 1224 Manirdo
507 1141 572 1246 (b)
593 1142 840 1228 assentiemur
878 1141 1033 1229 ¹linium
1050 1171 1098 1228 cs
1169 1145 1226 1228 nti
1244 1142 1356 1255 quod
1374 1139 1553 1234 lichenes
1573 1145 1624 1234 ab

185 1255 420 1368 impetigine
436 1252 678 1362 distinxerit,
693 1283 811 1368 quam
826 1253 914 1342 vult
927 1254 1009 1389 ipse
1021 1253 1093 1338 sub
1141 1284 1194 1341 oc
1214 1260 1378 1342 nomine
1393 1254 1442 1343 ab
1460 1257 1625 1376 Hippo·

186 1364 1625 1484 crate&Galenointellesiam,saltemrnaliqnisuispccie,imi>&quam

187 1477 340 1595 abipso
357 1477 491 1564 Plinio
510 1486 572 1587 (c)
596 1479 691 1566 alibi
708 1512 802 1567 cum
817 1485 864 1568 iis
886 1481 1093 1567 confusam
1112 1513 1154 1566 ar
1208 1484 1252 1572 it.
1273 1480 1356 1568 Sed
1369 1485 1443 1569 viri
1459 1487 1500 1568 in
1515 1486 1624 1574 hisce

187 1589 443 1678 enucleandis
472 1592 713 1680 versatilsrmi
740 1594 940 1682 sententiae¹
975 1625 1085 1679 non*
1119 1625 1146 1679 ο
1178 1625 1293 1680 umus
1326 1626 1465 1684 manus
1496 1596 1623 1709 dare,

186 1710 282 1790 cum
299 1707 518 1823 impetigo,
541 1733 587 1792 ut
605 1707 698 1794 alibi
718 1709 896 1816 dicetur,
918 1711 1021 1794 inter
1088 1711 1195 1792 eiius
1209 1707 1413 1795 ulcerosos
1429 1706 1478 1794 ab
1495 1717 1625 1800 omni-

185 1815 266 1903 bus
285 1845 541 1921 numeretur;
563 1820 778 1907 Manatdus
796 1825 926 1907 verbi
954 1821 995 1906 se
1011 1817 1190 1908 lichenes
1209 1819 1435 1937 adpopulos
1456 1824 1623 1936 reserat,

186 1961 273 2043 quae
292 1941 494 2044 nunquam
515 1931 742 2022 ulceranrur
761 1934 829 2022 sed
849 1938 891 2019 in
911 1853 1077 2020 sirmam
1087 1983 1102 2042 ,
1129 1935 1196 2021 seu
1221 1933 1349 2020 furfur
1371 1932 1461 2020 leve
1482 1936 1626 2026 abeant

185 2045 282 2132 vere
304 2043 588 2150 lichenosum3
611 2046 717 2134 unde
740 2046 917 2146 lichenes
936 2052 1074 2164 parirm
1092 2045 1121 2134 ti·
1133 2048 1283 2134 Grecis
1304 2046 1552 2159 intellesios,
1580 2061 1625 2139 &t

179 2155 458 2268 *abArabibum
471 2159 1262 2278 utmihisaltemvidetur,praetermiisos,
1276 2189 1350 2278 pro
1364 2159 1624 2278 deputatione

186 2276 291 2361 cutis
304 2271 536 2472 particpllari
552 2265 941 2474 ffibiffiifflm
959 2273 1088 2474 militi
1100 2273 1244 2406 ideam·
1258 2273 1448 2363 exhibere
1465 2277 1625 2393 possunt

185 2413 257 2472 eru
286 2411 416 2474 nones
483 2417 514 2472 ae
561 2419 619 2474 uae
835 2414 980 2476 cunnu
1086 2418 1146 2474 res
1185 2419 1316 2474 ormeu
1331 2417 1384 2474 es.
1457 2415 1460 2420 ·
1549 2413 1553 2420 ·

244 2415 354 2587 gum
376 2503 475 2616 ergb
494 2417 611 2588 nolis
630 2501 756 2588 desint
771 2505 971 2610 aussores,
992 2529 1077 2588 rem
1094 2521 1145 2588 e'x
1156 2387 1441 2602 {bserviiione
1453 2499 1626 2617 punici

188 2609 349 2725 qualem
375 2617 475 2699 mihi
503 2613 640 2702 videre
665 2615 781 2702 licuit
805 2643 855 2702 ex
884 2615 1039 2714 endam.
1068 2616 1133 2700 Ac
1161 2616 1291 2730 primo
1320 2610 1389 2696 sub
1418 2610 1625 2700 lichenum

182 2729 354 2818 nomine
374 2724 630 2843 intelligitur,
652 2729 757 2816 reos
770 2731 838 2841 qui
866 2755 931 2814 em
942 2787 957 2835 ,
980 2755 1057 2812 nec
1073 2724 1149 2812 alis
1164 2729 1318 2810 ratione
1336 2726 1625 2840 comprehendi

188 2841 342 2955 potest,
377 2841 424 2925 as
443 2844 558 2928 eritas
588 2840 747 2928 summae
779 2844 883 2930 cutis
913 2844 955 2926 in
985 2839 1109 2927 lentas
1139 2864 1278 2925 tenues
1302 2835 1555 2924 soliolorum'
1574 2839 1625 2926 ad

181 2955 302 3036 instar
319 2871 447 3038 divitie
457 3017 472 3063 ,
497 2957 604 3068 quali
621 2953 644 3039 *a
661 2951 809 3040 subla'tl
827 2953 1071 3072 epidermide
1080 3016 1095 3062 ,
1116 2982 1224 3039 nunc
1245 2954 1372 3058 hanc,
1390 2980 1497 3054 nunc
1512 2949 1624 3038 illam

188 3092 340 3182 partem
362 3071 464 3152 cutis
487 3097 717 3186 occupans,
746 3069 834 3164 raro
861 3068 1094 3156 universam.
1121 3063 1297 3152 Aliunde
1318 3065 1445 3160 siccus
1471 3064 1624 3182 semper

182 3181 243 3266 ‘est
265 3175 402 3264 lichen
425 3189 468 3265 st
489 3181 648 3289 aridus,
674 3209 753 3278 nec
774 3179 904 3269 ullum
923 3177 1038 3269 stillat
1061 3185 1284 3278 humorem.
1314 3177 1376 3272 Ite
1392 3204 1440 3280 ut
1455 3203 1535 3277 tres
1553 3183 1567 3262 i
1595 3181 1624 3262 sr

189 3295 403 3378 carafileres
423 3291 444 3379 i
465 3292 601 3382 naturi
623 3296 795 3411 impressi
816 3297 903 3380 sint.
935 3294 994 3381 1⁰.
1014 3290 1239 3404 SubjeEiam
1259 3294 1385 3378 cutim
1405 3319 1489 3376 non
1510 3209 1623 3376 imili-

97 3491 106 3497 .
190 3433 260 3492 rat
293 3404 350 3490 2⁰.
375 3407 517 3494 Siccus
543 3411 609 3494 est.
637 3408 694 3516 3⁰.
723 3407 1020 3526 Epidermidem
1041 3411 1083 3494 in
1108 3403 1252 3493 foliola
1276 3408 1488 3494 convertit.

246 3519 409 3605 Lichen
429 3549 498 3636 per
520 3521 561 3607 se
578 3525 647 3607 vix
667 3519 790 3606 ullam
806 3525 1049 3637 pruriginem
1067 3520 1181 3616 offert
1191 3581 1206 3627 ,
1227 3517 1379 3606 sensum
1398 3513 1539 3604 contri
1560 3513 1627 3600 ol>

190 3631 351 3739 tundit,
386 3633 599 3745 aliquando
631 3649 764 3722 tamen
796 3649 867 3749 p'er
897 3635 1155 3721 accidens&
1182 3631 1377 3748 precipui
1405 3631 1454 3717 ad
1479 3626 1627 3716 limbos

181 3795 186 3804 ·
217 3749 384 3834 ruritum
407 3749 613 3854 concitat,
639 3747 751 3862 quod
765 3745 883 3834 facile
905 3745 1181 3855 hariolaberis,
1202 3747 1233 3832 si
1251 3743 1301 3832 ad
1321 3740 1629 3862 ejusvarietates

190 3775 352 3944 lbuerit
374 3855 588 3946 attendere.
782 3905 785 3910 ·
1605 3907 1609 3920 ‚

247 3971 408 4057 Lichen
431 3975 538 4058 enim
558 3971 657 4060 alius
676 3975 729 4060 est
751 3971 988 4090 simplicior,
1011 3971 1157 4059 aliuse
1184 3968 1419 4058 idennidem
1442 3971 1484 4052 in
1507 3965 1631 4064 deter-

189 4083 343 4170 mina'to
358 4083 484 4200 spatio
501 4085 708 4196 attollens,
724 4085 853 4174 limbo
863 4093 1096 4176 terminatur
1111 4004 1291 4190 miens,
1308 4101 1427 4192 quem
1442 4077 1629 4190 licitene,

192 4198 259 4283 seu
277 4199 410 4314 p'oriits
434 4198 638 4290 lichenum
659 4201 863 4318 speciem,
890 4201 987 4289 liclt
1004 4225 1051 4286 ut
1075 4197 1287 4316 plurimum
1311 4192 1437 4309 ligurit
1457 4193 1630 4288 donetur
1708 4239 1710 4244 ·

191 4309 420 4426 irregulari,
450 4310 663 4425 aliquando
685 4319 739 4399 ita
760 4312 996 4404 circularem
1017 4316 1059 4398 in
1081 4308 1259 4426 plurimis
1309 4305 1456 4406 artibus
1479 4308 1563 4406 vidi
1580 4331 1631 4397 ut

180 4427 350 4510 circino
369 4425 565 4542 descripta
594 4425 806 4515 videretur.
842 4423 939 4536 Eius
962 4428 1083 4514 etium
1107 4421 1264 4534 aliquan
1291 4425 1319 4511 ὸ
1347 4419 1629 4537 multiplicatio

185 4539 301 4622 mnis
332 4539 405 4636 est,
430 4565 476 4626 ut
500 4535 610 4626 nulla
634 4569 722 4658 pars
745 4540 857 4628 suin
878 4561 973 4632 toto
997 4563 1171 4656 corpore
1192 4565 1280 4651 quae
1297 4565 1383 4624 non
1400 4537 1453 4632 iis
1466 4531 1631 4634 euotlis

233 4747 523 4892 (a)1.su.26,cpp·
543 4771 590 4817 ιο.
667 4755 671 4763 “

235 4829 289 4912 (b)
307 4829 372 4891 Lib.
389 4847 422 4901 7,
437 4827 481 4914 Ep

236 4917 291 4989 (τ)
314 4909 375 4974 Lib·
394 4929 448 4978 ιο,
465 4931 490 4973 t·
511 4930 534 4972 r.

1277 4989 1415 5108 unt,
