4228 5898
550 371 1364 474 'turnonucvro·
1588 399 1641 502 n

213 536 352 624 similes
382 541 427 624 dt
453 539 629 646 rotunda
660 543 843 630 ominosb
879 548 1076 648 emicant3
1111 549 1193 634 imb
1225 549 1276 634 ali
1304 547 1438 636 uandb
1470 553 1640 644 miliares

211 649 364 764 pustula
386 657 519 768 potiris
544 651 662 780 quim
683 656 844 742 maculae
861 658 1039 744 dicendae
1068 659 1167 745 sunt.
1184 663 1249 746 Eae
1276 577 1427 779 semper
1446 691 1640 756 terrorem

211 763 504 878 inspicientibus
517 769 725 876 injiciunt,
751 777 793 854 bc
812 776 1023 856 maximam
1049 775 1289 860 medentium
1315 774 1508 893 postulant
1526 779 1640 868 solli-

212 876 440 964 citudinem.
463 877 498 962 F
499 878 564 963 ere
589 909 728 966 omnes
751 882 995 999 temporibus
1015 886 1147 970 aestivis
1173 893 1214 970 ὅ(
1233 889 1402 974 maxime
1417 889 1553 976 calidis
1568 925 1638 1010 apa

211 1017 346 1104 parent
357 1053 371 1098 ,
399 995 443 1075 in
457 989 632 1078 febribus
648 995 773 1080 acutis
794 1025 879 1107 quae
900 995 1106 1082 sudoribus
1130 996 1341 1109 diffluunt,
1367 1010 1409 1087 bt
1433 1007 1475 1086 in
1491 1011 1637 1091 consti·

209 1101 427 1188 tutionibus
443 1103 677 1190 morborum
697 1137 781 1218 quae
805 1109 1010 1194 sudoribus
1040 1111 1270 1198 arcessendis
1296 1139 1388 1228 apta
1408 1113 1521 1218 sunt3
1545 1119 1638 1204 tali«

210 1211 281 1300 bus
310 1216 476 1302 maculis
502 1221 645 1303 meritb
659 1218 769 1305 fuste
786 1221 976 1329 infames,
997 1221 1209 1338 prasertim
1235 1225 1448 1310 secundnm
1473 1229 1557 1364 Hip
1586 1262 1636 1317 o-

210 1332 329 1414 ctatis
355 1335 678 1441 annotationem,
708 1329 861 1434 calores
895 1334 1181 1450 athmosphaerae
1209 1336 1237 1417 si
1268 1337 1413 1423 fuerint
1435 1264 1636 1428 humidio-

207 1469 285 1526 res.
300 1442 414 1526 Unde
439 1451 481 1528 ὃ(
495 1443 598 1560 apud
611 1474 685 1529 nos
705 1437 894 1554 Picardis,
908 1449 1152 1534 Aremoricis
1167 1479 1215 1534 ac
1230 1450 1457 1562 regionibus
1509 1487 1565 1540 uae
1584 1457 1635 1544 ad

206 1550 343 1638 littora
357 1559 481 1670 magis
496 1555 627 1664 jacent
640 1560 812 1644 maximi
826 1557 1035 1648 familiares
1051 1562 1159 1668 sunt,
1176 1587 1243 1646 aut
1255 1565 1295 1644 in
1308 1562 1456 1648 morbis
1483 1483 1647 1654 summe·

98 1737 103 1740 .
206 1665 369 1780 putridis
384 1667 779 1786 pestilentialibusque
793 1702 1027 1761 communes
1055 1672 1651 1808 3undemultb1nagisration'e·

208 1780 328 1864 causat
357 1783 565 1868 nutuendae
589 1785 677 1870 sunt
689 1849 704 1894 ,
737 1785 856 1899 quim
877 1817 984 1871 vana
1009 1789 1023 1870 i
1051 1785 1183 1872 sorum
1214 1792 1458 1902 eruptionts;
1482 1793 1553 1874 nist
1575 1817 1654 1878 tasv

205 1921 299 1978 men
317 1921 481 1982 notante
496 1895 561 1982 Cl.
583 1897 633 1981 de
649 1898 768 1991 Haen
788 1898 927 1984 talium
947 1907 989 1984 bt
1009 1817 1191 1983 similium
1217 1897 1458 1986 macularum
1477 1909 1636 2018 eruptio

205 2005 361 2092 duobus
381 2013 502 2094 causis
523 2010 745 2098 adventitiis
766 2009 982 2118 debeatur,
996 2010 1149 2096 scilicet
1171 2011 1238 2097 vel
1256 2017 1461 2127 regimini,
1482 2042 1549 2099 aut
1562 2047 1634 2130 pet

114 2187 117 2200 .
205 2125 501 2234 agrotantium,
515 2150 582 2208 aut
600 2123 867 2210 medicantum
891 2153 1066 2210 errorem
1084 2123 1263 2210 calidiori
1274 2189 1289 2232 ,
1309 2124 1506 2212 ueletiam
1520 2132 1634 2216 vietae
1664 2143 1667 2158 ’

206 2261 321 2345 atque
336 2236 479 2319 effoetae
499 2265 567 2350 per
587 2236 824 2348 squallorem
849 2246 892 2323 δι
918 2237 1104 2324 'utridam
1118 2236 1324 2322 'diathestm
1343 2240 1633 2354 athmosphaera

206 2350 309 2432 vitiis
335 2347 598 2434 adscribenda
622 2347 699 2434 illae
724 2353 808 2437 sint.
831 2269 1017 2458 Ejusdem
1035 2351 1177 2436 oscuras
1202 2349 1291 2436 sunt
1310 2349 1473 2436 macula
1500 2351 1633 2466 plures

209 2489 293 2570 quae
309 2463 424 2546 variis
444 2459 670 2548 nominibus
695 2463 798 2579 apud
820 2468 996 2550 austores
1016 2464 1262 2578 designantur
1280 2493 1354 2579 pro
1376 2468 1528 2549 ratione
1545 2467 1632 2551 sor-

210 2603 302 2679 rnae,
322 2577 581 2682 extensronis,
594 2603 711 2686 atque
736 2575 910 2685 coloris,
928 2576 1105 2682 vibices,
1121 2579 1401 2682 urticationes,
1423 2582 1629 2692 petechiae-

209 2714 283 2796 que
301 2687 490 2795 demum,
512 2690 541 2771 st
560 2687 742 2772 colorem
757 2693 913 2802 nigrum
932 2691 1134 2794 afferrent,
1151 2717 1235 2796 qua
1258 2685 1383 2800 vulgb
1401 2691 1631 2801 gravissimis

207 2799 636 2916 cumsyniptomatibus
650 2827 886 2917 erumpunt,
911 2799 1073 2917 anginis,
1097 2798 1385 2907 suffocatione,
1411 2799 1631 2912 dysenteria

206 2911 385 3028 putridi,
402 2923 482 3000 &c
505 2943 669 3026 quarum
689 2917 755 3001 hlc
775 2914 992 3030 diagnofim
1014 2914 1042 2998 st
1060 2912 1364 3017 institueremus,
1382 2912 1489 2998 certe
1503 2921 1631 2998 maxi-

205 3021 753 3144 mambomprehenderetuus
771 3054 922 3142 partem
947 3052 1156 3115 acutorum
1179 3033 1221 3110 bt
1239 3023 1549 3143 pestilentialium
1569 3029 1630 3118 as«.

205 3138 378 3224 fefluum
389 3203 404 3248 ,
425 3168 645 3254 eorumque
659 3142 924 3257 pessimorum.

260 3251 390 3338 Tertii
446 3258 571 3364 eperis
598 3282 807 3367 erumpunt
834 3284 918 3365 quar
942 3255 1086 3340 critica
1117 3278 1343 3369 apparentes
1367 3251 1629 3369 symptomata

204 3363 381 3474 tollunt,
404 3283 472 3452 sid
492 3393 587 3452 runc
612 3365 854 3452 maculatum
872 3367 1041 3452 formam
1059 3364 1341 3478 relinquunt&
1364 3365 1628 3482 pustularum,

204 3483 408 3563 autetiam
428 3505 630 3566 tumorum
658 3507 835 3566 naturam
849 3478 959 3571 brevi
978 3481 1183 3581 affeslant3
1203 3507 1295 3562 narn
1318 3481 1360 3561 in
1374 3476 1529 3568 medici
1548 3477 1628 3562 ob·

202 3591 423 3677 servatione
450 3594 668 3678 inauditum
703 3594 877 3679 sanatum
909 3609 1147 3706 quemquam
1177 3591 1288 3676 fuisse
1332 3589 1626 3705 erumpentibus

204 3702 445 3819 simplicibus
465 3703 629 3790 maculis
646 3734 729 3816 quae
750 3713 843 3792 clim
864 3710 1017 3792 nocivae
1044 3702 1146 3810 sunt,
1168 3701 1284 3787 nullo
1312 3703 1416 3792 fatto
1440 3730 1625 3809 tumore,

205 3819 287 3900 irnb
312 3815 453 3905 contr‘a
473 3822 501 3902 st
523 3817 819 3934 deprimantur,
847 3845 1051 3906 vertuntur
1080 3821 1122 3900 in
1147 3845 1419 3933 gangrenam,
1440 3833 1543 3923 ne'c,
1557 3819 1627 3904 nili

204 3927 271 4014 ubi
284 3928 366 4034 jam
386 3929 647 4039 attolluntur,
672 3930 829 4046 possunt
845 3932 1028 4016 salutares
1048 3930 1225 4018 evadere.

258 4044 381 4130 Extra
395 4043 558 4129 morbos
574 4071 713 4130 acutos
732 4043 863 4130 multae
881 4045 971 4130 sunt
990 4074 1154 4157 quarum
1169 4043 1250 4126 aliae
1266 4106 1280 4148 ,
1296 4044 1364 4126 etsr
1377 4043 1626 4234 improprio,

202 4183 367 4273 recepto
389 4185 521 4242 tamen
546 4161 710 4243 nomine
728 4185 923 4244 vocantur
939 4221 953 4266 ,
970 4184 1035 4241 aut
1054 4154 1191 4240 saltem
1210 4158 1345 4238 vocari
1367 4183 1421 4267 po
1453 4182 1524 4246 unt
1547 4159 1625 4238 cri-

203 4273 301 4355 ticae.
322 4269 446 4354 Tales
468 4270 556 4354 sunt
574 4301 656 4382 quae
675 4270 905 4360 scorbuticae
928 4279 970 4354 bc
985 4270 1074 4354 sunt
1091 4278 1134 4353 ὅ(
1149 4269 1421 4355 nominantur.
1437 4265 1511 4348 Hae
1527 4271 1624 4354 citra
1681 4295 1684 4302 ’

204 4383 412 4490 ordinem,
432 4387 528 4468 citra
543 4379 761 4497 regularem
773 4385 944 4469 formam
957 4386 999 4466 in
1020 4377 1195 4464 cruribus
1213 4406 1419 4574 apparent3
1434 4378 1623 4494 pedibus,

201 4499 287 4580 irnb
309 4504 352 4582 bt
382 4493 551 4582 brachiis
576 4492 784 4613 prasertim
812 4494 1007 4600 insident,
1025 4489 1165 4580 leviter
1185 4491 1238 4578 do
1257 4495 1401 4578 orificae
1413 4551 1428 4598 ,
1454 4521 1528 4576 nec
1554 4495 1624 4578 nist

201 4613 395 4725 provesio
423 4607 611 4693 fcorbuto
633 4611 831 4715 emicant,
865 4603 1105 4718 aliquandi),
1133 4632 1178 4691 ut
1199 4609 1350 4690 notavit
1373 4604 1596 4720 Eugalenus
1609 4665 1625 4712 ,

201 4751 300 4806 cum
320 4719 545 4809 levamento
566 4724 690 4807 totius
720 4723 899 4924 coms
930 4717 1121 4821 notabili;
1151 4717 1260 4830 quod
1280 4743 1412 4802 tamen
1444 4745 1491 4802 ut
1510 4720 1626 4800 nimis

196 4834 421 4922 universale
437 4839 498 4922 vir
520 4832 725 4954 preclarus
753 4867 775 4922 a
846 4838 915 4922 '1t.
941 4833 1046 4920 Ciam
1074 4835 1245 4922 enimin
1268 4829 1504 4922 scorbuticis
1524 4859 1627 4918 con-

1372 4943 1423 5030 M
