4186 5908
912 421 1021 516 DE
1071 419 1452 515 -MO'RBIS

817 653 1385 775 PAARAGRAPHUS
1440 651 1535 744 IV.

1008 867 1077 952 De
1104 835 1347 956 Terminrhis.
1431 793 1434 800 ⁴

519 1099 659 1204 Gradu
679 1105 721 1184 δι
743 1095 953 1184 ferocitate
975 1093 1071 1182 mali
1089 1093 1278 1212 proximae
1295 1092 1383 1190 sunt
1397 1119 1450 1178 eae
1464 1121 1560 1205 quas
1583 1092 1714 1188 Greci
1729 1097 1908 1196 τερμηθοι

461 1216 684 1321 vocavere,
733 1207 876 1306 ustulat.
909 1209 1009 1296 Hoc
1029 1215 1194 1306 nomine
1214 1210 1364 1297 donare
1382 1208 1538 1292 videtur
1558 1207 1735 1296 Galenus
1758 1215 1819 1315 (a)
1836 1237 1905 1302 eas

462 1363 546 1444 quae
560 1328 637 1414 basr
651 1243 781 1434 rubii,
792 1321 1003 1450 purpurei,
1016 1328 1058 1418 in
1074 1328 1228 1440 apicem
1243 1327 1397 1438 nigrum
1407 1321 1600 1429 desinunt,
1614 1333 1802 1434 eumque,
1814 1351 1905 1412 utut

462 1441 614 1530 summe
634 1438 864 1547 dolentem,
885 1465 1119 1525 nontamen
1139 1469 1351 1554 gangraenae
1372 1438 1596 1526 imminenti
1616 1435 1798 1552 periculo
1820 1436 1906 1522 des-

462 1563 648 1664 titutum,
665 1555 749 1638 irnb
763 1556 800 1638 ei
814 1556 1069 1668 proximum;
1091 1552 1197 1638 unde
1216 1553 1376 1670 pessima
1395 1551 1666 1666 symptomati's
1686 1551 1816 1636 forma
1836 1579 1928 1640 aut·

462 1675 504 1758 in
525 1671 726 1756 chronicis
748 1695 815 1760 aut
834 1670 876 1750 in
895 1670 1020 1752 acutis
1041 1669 1235 1762 imminet.
1260 1663 1521 1750 Dioscorides
1543 1661 1821 1756 Alexandraeus
1837 1667 1905 1771 (b)

464 1785 583 1870 aliam
614 1779 745 1866 morbi
773 1781 947 1898 speciem
968 1778 1039 1866 sub
1063 1783 1145 1870 hoc
1170 1783 1334 1870 nomine
1357 1777 1560 1892 defignat,
1582 1778 1827 1896 pustulasque
1850 1807 1905 1864 ex

465 1904 582 2014 nigro
602 1893 881 1982 viridescentes
906 1893 1079 2001 indicat,
1102 1895 1170 1979 sed
1192 1897 1396 1980 existentes
1423 1919 1492 2007 per
1509 1891 1550 1977 se
1572 1919 1690 2004 atque
1715 1890 1905 1984 morbum

464 2015 770 2115 constituentes,
792 2008 943 2122 pessimi
964 2007 1127 2118 quidem
1149 2011 1298 2108 moris,
1320 2005 1388 2094 sed
1413 2011 1498 2090 non
1522 2009 1577 2090 ita
1601 2005 1775 2096 feralem.
1801 2008 1905 2118 Quo

465 2125 630 2212 insensu
646 2120 732 2208 illas
745 2121 939 2238 accepisse
950 2120 1107 2207 videtur
1121 2126 1189 2234 qui
1203 2123 1320 2206 sustin
1334 2148 1398 2204 eas
1411 2119 1610 2236 descripsit
1625 2119 1827 2212 Oribasrus
1839 2127 1904 2229 (c),

465 2236 788 2324 Thetebinthum
810 2235 965 2321 vertere
995 2234 1106 2319 latini
1130 2269 1143 2336 ;
1171 2238 1499 2344 curationemque
1518 2237 1713 2349 phymatis
1734 2236 1906 2350 pustula-

405 2381 410 2412 τ
467 2383 556 2438 rum
579 2352 754 2468 speciem
782 2350 942 2434 serentis
966 2352 1008 2433 in
1024 2378 1087 2462 ,eo
1112 2352 1167 2434 ait
1188 2350 1394 2435 consistere
1421 2374 1466 2432 ut
1488 2373 1624 2433 tumor
1642 2375 1750 2438 totus
1772 2354 1815 2436 in

464 2492 650 2566 vertatur.
678 2463 760 2549 Sed
782 2463 832 2548 de
852 2461 1041 2580 peculiari
1061 2465 1143 2547 hoc
1163 2489 1322 2549 tumore
1349 2457 1443 2546 alibi
1463 2460 1678 2550 dicendum
1700 2383 1857 2551 eritis

464 2581 620 2668 versum
647 2609 791 2695 corpus
816 2580 903 2662 raro
928 2575 1061 2666 fimilis
1084 2573 1170 2662 lues
1192 2579 1360 2690 attingit.

471 2795 474 2804 Ι
520 2697 621 2780 Non
638 2696 782 2779 mirum
796 2693 849 2776 est
863 2694 891 2778 sr
904 2696 945 2777 in
961 2695 1166 2780 concinno
1180 2693 1261 2778 hoc
1277 2693 1408 2778 nostro
1424 2715 1542 2804 atque
1556 2687 1618 2776 ele
1648 2692 1726 2778 anti
1741 2690 1908 2782 vivendi

464 2836 636 2924 genere,
661 2810 702 2891 in
727 2835 809 2918 quo
835 2806 985 2892 summa
1011 2806 1224 2893 mundities
1251 2808 1372 2892 etiam
1400 2721 1698 2920 pauperioribus
1727 2802 1908 2916 colitur,

465 2921 616 3006 malum
643 2919 743 3006 illud
774 2921 863 3006 tari>
895 2946 1089 3037 appareat.
1125 2919 1276 3010 Verum
1307 2949 1392 3002 non
1423 2918 1525 3004 adeo
1557 2919 1725 3007 invisum
1754 2921 1808 3007 est
1838 2947 1910 3008 aut

464 3034 686 3120 inauditum
708 3034 844 3120 videre
867 3031 1033 3150 pustulas
1055 3031 1142 3118 illas
1165 3037 1366 3148 nigrantes
1383 3063 1468 3145 quae
1488 3030 1614 3148 vulgi)
1637 3035 1681 3118 in
1700 3030 1909 3122 ulcuscula

466 3147 681 3264 degeneres
701 3146 868 3256 abeunt,
892 3147 1099 3262 praesertim
1115 3152 1158 3233 in
1170 3150 1262 3236 viris
1278 3149 1346 3258 qui
1366 3149 1408 3232 in
1426 3146 1668 3235 seneilutem
1688 3145 1909 3234 inclinante

464 3289 577 3349 aetate
601 3265 742 3350 vivunt
765 3264 986 3370 incautiirs,
1015 3260 1216 3374 salsrsque,
1249 3261 1415 3347 sumove
1447 3260 1635 3346 induratis
1663 3257 1908 3348 delectantur

465 3375 649 3484 cibariis,
672 3378 699 3460 sr
722 3375 930 3492 praesertim
952 3377 1177 3462 humidiora
1194 3373 1438 3461 incoluerint
1456 3403 1574 3487 atque
1595 3375 1769 3490 depressa
1791 3373 1909 3478 loca;

465 3494 519 3575 ita
542 3517 587 3578 ut
607 3489 723 3584 causa
745 3521 828 3584 non
846 3493 985 3596 unica,
1006 3489 1073 3575 sed
1095 3488 1226 3606 plures
1246 3487 1360 3574 smrul
1380 3489 1429 3576 ad
1449 3491 1556 3575 hunc
1581 3487 1767 3576 morbum
1787 3491 1908 3576 indu·

466 3606 640 3692 cendum
666 3629 918 3696 concurrant.
941 3604 1119 3691 Affesius
1140 3601 1211 3690 ille
1228 3634 1278 3688 va
1306 3603 1406 3718 pidis
1426 3600 1660 3691 humoribus
1678 3611 1721 3690 dt
1737 3603 1821 3690 sere
1842 3604 1908 3690 de-

466 3749 562 3804 com
594 3717 699 3804 osrtis
722 3718 971 3832 supervenit,
998 3721 1138 3834 partlm
1164 3635 1326 3826 critici,
1352 3723 1445 3804 cirm
1466 3716 1678 3829 aliquandb
1701 3719 1762 3801 his
1786 3748 1909 3834 appa-

465 3750 642 3920 rentibus
659 3830 848 3938 desrnant,
865 3858 931 3919 aut
945 3829 1083 3919 saltem
1097 3833 1322 3920 minuantur
1336 3829 1617 3946 symptomata,
1633 3833 1773 3946 partim
1785 3830 1868 3943 sym

466 3943 683 4055 tomaticb,
704 3949 798 4038 ciam
813 3944 935 4030 causae
950 3945 1162 4040 vacuandae
1178 3975 1262 4056 quae
1277 3944 1386 4032 sedet
1404 3949 1508 4030 intus
1527 3947 1568 4029 in
1586 3941 1822 4031 humoribus
1837 3863 1909 4030 dli

1858 2381 1906 2437 us

1845 2469 1906 2551 ni.

467 4088 670 4171 nunquam
685 4057 921 4162 suffecerint.
942 4045 1185 4146 Scorbutico
1205 4060 1366 4144 humori
1380 4057 1505 4192 vulgo
1523 4055 1795 4144 adscribuntur
1807 4058 1908 4256 pus-

468 4171 558 4266 tulae
578 4173 679 4280 illa,
701 4174 816 4286 quod
828 4172 989 4289 quidem
1004 4199 1049 4259 ut
1066 4168 1278 4282 aliquando
1293 4200 1460 4280 verum,
1484 4199 1538 4258 rta
1556 4197 1690 4262 tamen
1709 4201 1793 4258 non
1825 4201 1909 4260 em-

468 4313 538 4428 per
563 4291 810 4402 experientiae
836 4290 1034 4401 congruit.
1064 4283 1146 4370 Sed
1170 4287 1315 4372 humor
1335 4281 1739 4376 illemelancholicus
1762 4287 1909 4372 crassus

468 4399 691 4596 adegeneti
705 4402 900 4516 sanguinis
917 4401 1173 4492 crassamento
1187 4399 1387 4522 pendens,
1401 4398 1497 4515 saepe
1511 4429 1574 4484 eas
1591 4399 1801 4515 producit:
1819 4403 1910 4486 rarb

469 4509 520 4601 ab
581 4509 618 4600 id
643 4513 760 4600 caussa
780 4517 983 4622 oriuntur,
1011 4519 1066 4602 ita
1093 4540 1138 4599 ut
1162 4513 1341 4600 universa
1361 4511 1518 4598 illarum
1536 4516 1688 4598 curatio
1712 4511 1761 4600 ab
1789 4513 1910 4602 alter-

469 4625 592 4714 uarios
615 4629 800 4720 humoris
816 4629 1021 4716 curatione
1044 4627 1319 4746 repetendasrt
1334 4659 1348 4728 ς
1366 4628 1588 4744 chirurgica
1606 4629 1703 4718 verb
1726 4631 1908 4720 tractatio

505 4785 562 4869 (a)
588 4781 702 4849 comm.
723 4805 757 4854 4.
778 4787 804 4842 iu
822 4783 881 4847 libr.
902 4793 919 4844 6
939 4782 1019 4865 Epid.

507 4863 562 4940 (l)
588 4861 696 4926 Gorroei
715 4861 799 4925 defin.
821 4868 891 4929 med.

506 4951 563 5026 (c)
582 4945 646 5010 Lib.
662 4967 697 5022 7,
719 4945 826 5030 Syuop.
846 4943 1027 5010 cxxxvi.
