4186 5908
460 459 550 552 ,ns
905 441 1028 536 nn.
1064 435 1464 534 'moznurs

526 611 619 696 Nec
632 611 738 720 uero
756 607 912 698 variola
935 607 1026 695 sole
1048 606 1097 691 ab
1119 604 1236 712 hujus
1249 605 1418 693 mucosae
1442 605 1561 720 partis
1582 600 1723 689 affellu
1744 601 1906 690 in'fla'rn-

469 725 645 807 matorio
661 728 850 809 oriuntur.
872 721 1011 808 Locus
1031 719 1112 806 sese
1124 717 1231 806 dabit
1240 749 1313 854 per
1330 717 1554 804 universum
1568 712 1682 824 hujus
1696 715 1904 804 Traeanb

459 829 661 920 ambitum
690 833 820 951 plures
848 832 948 918 alios
972 832 1021 917 ab
1047 830 1124 921 haic
1150 835 1305 947 origine
1326 831 1541 950 pendentes
1569 826 1734 914 morbos
1761 857 1904 916 recen-

470 946 580 1031 sendi
600 950 668 1059 qui
687 974 826 1031 omnes
843 945 893 1030 ad
912 944 1136 1033 abscessum
1147 945 1379 1030 reseruntur.
1403 945 1448 1028 Si
1465 941 1563 1028 verb
1582 971 1688 1026 nnnc
1704 943 1754 1026 ad
1768 946 1903 1028 vario-

468 1057 597 1144 larum
613 1061 857 1144 curationem
872 1057 1148 1176 exponendam
1167 1059 1295 1142 nostra
1310 1085 1393 1140 non
1411 1055 1493 1140 sese
1508 1056 1626 1140 vertit
1645 1083 1787 1167 opera,
1807 1055 1903 1142 inde

469 1201 545 1256 nos
559 1169 726 1257 velimus
747 1170 974 1278 excusatos,
993 1171 1174 1282 qubdres
1191 1167 1240 1253 ab
1255 1166 1478 1254 rudioribus
1495 1165 1725 1279 amplissime
1741 1169 1904 1254 tradate

469 1285 603 1388 nostro
629 1311 712 1368 non
735 1284 909 1399 indigeat
937 1281 1101 1389 labore,
1131 1280 1268 1392 resque
1292 1282 1344 1367 de
1364 1279 1513 1366 morbis
1538 1281 1715 1364 cutaneis
1737 1283 1901 1364 oseam

468 1392 573 1480 tibus
597 1395 643 1479 stt
664 1401 821 1511 prorsbs
848 1394 1007 1480 inutilis.
1043 1396 1224 1510 Superest
1251 1422 1349 1508 ergo
1375 1418 1420 1478 ut
1445 1389 1544 1476 nihil
1563 1391 1767 1477 videamur
1794 1395 1902 1476 omi-

464 1507 552 1593 srlse
563 1532 608 1591 ut
623 1508 673 1593 de
686 1512 732 1594 iis
745 1538 904 1622 agamus
917 1505 1067 1592 morbis
1079 1510 1148 1618 qui
1163 1533 1239 1592 nec
1252 1505 1551 1622 suppuratione,
1568 1529 1643 1588 nec
1656 1501 1901 1604 resolutione

466 1623 750 1730 terminantur,
772 1620 887 1706 idest
907 1623 1025 1736 partis
1044 1622 1324 1736 corruptione,
1346 1643 1415 1704 aut
1433 1618 1692 1725 arefaffioue,
1712 1616 1780 1702 seu
1803 1647 1900 1734 gan·

466 1730 689 1961 grlllllspleu
704 1847 757 1932 est
771 1845 1004 1933 morborum
1020 1847 1359 1963 depuratoriorum
1374 1873 1497 1962 genus
1512 1843 1623 1986 quod
1636 1869 1767 1930 morte
1772 1847 1899 2044 partis

466 1961 711 2044 terminetur.
743 1959 1077 2045 Violentiffimum
1106 1959 1212 2046 aliud
1224 2022 1240 2067 ,
1273 1958 1380 2044 aliud
1410 1982 1549 2045 contra
1574 1955 1688 2065 lene,
1712 1983 1772 2041 tar
1799 1989 1868 2041 um
1880 2019 1896 2068 ,

469 2077 514 2156 dt
539 2068 686 2155 viribus
717 2069 991 2158 deficientibus
1021 2070 1196 2158 imbelle.
1228 2072 1278 2156 In
1305 2075 1435 2188 primo
1461 2097 1606 2184 genere
1635 2072 1771 2154 omnia
1795 2069 1898 2158 uitri

467 2181 680 2268 allionisl
733 2186 847 2268 'timae
877 2187 1068 2270 terminos
1095 2189 1350 2272 vehementer
1386 2181 1545 2298 abrepta
1582 2179 1681 2267 nihil
1716 2182 1897 2297 regulare

468 2293 661 2401 afferunt,
705 2296 756 2381 ed
809 2298 890 2381 uod
915 2297 1147 2412 depuramr,
1173 2323 1248 2382 aut
1276 2293 1521 2414 praematuri
1558 2293 1708 2380 summe
1742 2295 1897 2409 putridl

468 2411 771 2605 cprrrumpitunrfli
805 2411 871 2494 'cb
882 2471 910 2544 ,·
923 2412 1159 2608 coslionerens
1177 2409 1383 2604 respueres,
1410 2432 1478 2494 aut
1495 2434 1661 2604 με,
1676 2410 1896 2608 vehemerss

466 2543 715 2747 gridieandalu
737 2547 1267 2758 pahlindlgddegllangrraedbllbs
1277 2528 1612 2774 ,ὃίὴῑξῒυέἓπίᾀπ
1634 2659 1675 2718 ta
1702 2547 1896 2748 drtrlrgan-

463 2745 684 2858 graenosum
704 2776 786 2858 quo
808 2773 967 2863 turgent
988 2747 1206 2834 effundunt.
1228 2749 1437 2862 Separanrr
1454 2775 1476 2830 a
1493 2742 1660 2854 subsedi
1677 2773 1767 2832 cute
1785 2749 1893 2857 quali

465 2885 539 3050 per
568 2857 692 2943 lemas
717 2859 926 2976 epidermis
937 2923 951 2968 ,
981 2868 1023 2946 dt
1049 2859 1261 2972 aliquando
1286 2858 1433 2944 accidit
1458 2883 1504 2943 ut
1531 2858 1641 2973 pedis
1664 2883 1729 2944 aut
1754 2861 1893 2948 mantia

485 2997 636 3054 ormam
658 2973 849 3086 integram
868 2972 1018 3058 servare
1037 2977 1225 3088 potueris.
1251 2971 1445 3056 Mucosus
1465 2997 1595 3056 textus
1617 2970 1773 3079 defluit,
1789 2977 1895 3062 cutia

464 3075 587 3164 livida
610 3086 651 3164 ὅ(
671 3112 791 3168 muco
815 3087 1000 3199 perunsla
1024 3087 1175 3192 tenaci,
1202 3083 1270 3170 sed
1292 3083 1465 3199 vappido
1492 3082 1623 3169 linteis
1645 3083 1893 3199 superpositis

464 3191 667 3294 adhaeret3
694 3219 800 3279 tanta
830 3199 883 3280 est
908 3200 1052 3284 veneni
1082 3193 1206 3332 illius·
1224 3198 1392 3313 pestiferi
1426 3196 1606 3283 efficacia
1634 3196 1744 3309 quod
1776 3199 1894 3286 nobis

346 3375 372 3398 .
464 3301 590 3390 descri
620 3303 702 3391 sere
731 3305 1017 3422 Thucydides,
1045 3309 1284 3420 Lucretius,
1317 3311 1402 3396 imo
1431 3313 1473 3396 dt
1506 3305 1652 3422 aliquit-
1667 3313 1823 3408 ratione
1851 3315 1894 3400 in

462 3419 560 3522 affin
576 3335 702 3504 lead.
725 3419 939 3508 Parisrensrs
957 3422 1188 3538 Poupartus.
1666 3467 1669 3472 ·

520 3531 570 3616 In
590 3535 804 3646 posteriore
829 3533 920 3623 casu
945 3537 992 3620 fit
1016 3535 1178 3621 macula,
1195 3535 1302 3622 arida
1314 3597 1329 3644 ,
1351 3533 1418 3622 seu
1448 3533 1722 3650 gangrenosa,
1753 3565 1825 3652 per
1850 3539 1891 3626 se

462 3639 575 3730 sensu
597 3643 774 3732 destituta
780 3709 795 3754 ,
818 3647 886 3734 sed
910 3647 1060 3734 summe
1084 3647 1310 3737 dolentibus
1331 3651 1471 3735 vicinis
1496 3647 1700 3765 partibus;
1725 3679 1891 3760 quarum

461 3754 750 3844 rubro-fuscus
781 3759 899 3846 color
928 3759 1083 3876 serpere
1114 3761 1262 3850 malum
1292 3761 1465 3870 indicat,
1495 3838 1498 3846 .
1528 3760 1614 3846 ulsu
1647 3765 1795 3848 interea
1822 3769 1892 3876 qui

460 3869 655 3956 summam
672 3872 798 3958 modo
821 3871 1007 3960 exerebat
1022 3873 1252 3962 violentiam
1276 3793 1526 3989 summopcrl
1544 3872 1749 3960 debilitato
1771 3901 1891 4074 atpue

461 3981 686 4072 vacillante.
722 3985 818 4070 Hire
842 3985 1062 4072 reseruntur
1088 3989 1278 4104 petechiae
1289 4049 1305 4096 ,
1333 3985 1505 4095 vibices,
1534 3985 1696 4073 macule
1728 3986 1803 4072 luri
1833 4021 1889 4100 ae,

461 4123 546 4204 qua
556 4095 705 4212 singula
718 4097 812 4184 dtim
825 4124 1010 4216 appareat
1019 4098 1150 4184 morbi
1164 4103 1284 4184 linem
1299 4103 1540 4207 annuntiant,
1554 4097 1619 4185 sed
1631 4103 1889 4188 teterrimum.

461 4206 582 4292 Licet
607 4235 738 4296 tamen
763 4209 995 4324 aliquando,
1019 4238 1183 4300 notante
1201 4211 1382 4319 Galeno,
1409 4215 1526 4326 nigra
1548 4213 1710 4300 macule
1731 4217 1888 4328 optimo

462 4321 598 4404 omine
621 4320 671 4406 ad
702 4349 838 4410 cutem
859 4330 1126 4442 apparuerint,
1150 4328 1179 4412 st
1199 4324 1353 4411 scilicet
1378 4321 1489 4412 brevi
1511 4351 1645 4410 natura
1666 4329 1890 4440 invigorata

459 4457 618 4518 morosa
643 4431 665 4519 'a
690 4435 790 4522 vivis
817 4437 1018 4545 secernat,
1041 4467 1205 4550 remque
1229 4438 1411 4526 accidere
1432 4439 1597 4524 viderim
1622 4441 1664 4522 in
1684 4441 1759 4523 viri
1783 4467 1889 4554 opu-

458 4541 558 4628 lenti
576 4542 731 4630 servulo
749 4544 857 4654 cujus
875 4553 959 4664 post
978 4556 1097 4636 trium
1117 4578 1185 4638 aut
1204 4555 1336 4667 potiiu
1354 4577 1522 4664 quatuor
1537 4550 1691 4635 dierum
1709 4549 1886 4664 febrem,

458 4683 596 4742 manus
618 4663 660 4740 dt
680 4656 883 4746 brachium
901 4668 1114 4750 enormiter
1132 4666 1387 4752 tumefaslum
1405 4664 1574 4750 cessante
1595 4661 1707 4752 febre
1726 4668 1768 4748 in
1792 4695 1888 4780 gan-

453 4795 627 4886 grenam
659 4767 861 4882 abierunt,
891 4773 913 4860 l
939 4771 1015 4884 qud
1042 4778 1113 4862 usu
1137 4777 1251 4892 largo
1278 4784 1363 4864 tirrn
1394 4797 1589 4883 externo,
1613 4782 1695 4862 tum
1726 4781 1887 4866 interno

453 4883 656 5008 kinakine
676 4883 760 4970 cito
778 4881 962 4978 liberatus
981 4885 1069 5000 suit.
1092 4889 1316 5012 Fatendum
1337 4917 1469 4981 tamen
1487 4891 1648 4986 astato
1667 4890 1888 4988 admodum
