4226 5916
495 413 580 504 4³0
950 353 1063 481 nn'
1123 391 1488 482 nouare
1581 325 1588 334 ⁵

500 567 634 654 altero.
653 559 809 647 crallrus
836 561 1074 646 remanserit.
1092 558 1272 646 Pluribus
1300 559 1349 646 ab
1376 564 1486 646 annis
1515 555 1566 644 ad
1593 560 1705 648 liunc
1732 559 1859 673 usquo
1883 557 1945 646 lu·

499 685 603 800 pinis
622 676 775 762 laborat
788 673 987 763 ulceribus
1008 674 1148 785 quibus
1166 678 1382 763 identidem
1405 673 1700 791 erumpentibus
1720 675 1806 792 spes
1828 673 1943 760 afful-

530 819 600 900 et,
615 817 660 876 ut
680 790 893 900 aliquando
919 792 1042 877 cruris
1062 793 1245 876 crallrties
1263 791 1312 876 ad
1336 791 1529 905 pristinam
1546 788 1757 874 reducatur
1772 787 1937 874 molem.

499 827 608 998 blant
624 904 721 988 licet
734 903 972 988 decennium
996 901 1072 1010 jam
1093 904 1115 990 b
1137 903 1297 990 variolis
1316 908 1495 990 exailum
1517 907 1586 1010 srt,
1635 903 1941 1018 uoriescumque

500 1021 616 1106 ulcus
640 1017 802 1129 aliquod
827 1024 998 1126 eminet,
1021 1019 1072 1104 de
1090 1020 1213 1102 crutis
1234 1017 1345 1104 mole
1365 1018 1581 1103 detrahitur
1599 935 1786 1130 ailquid„

558 1135 686 1246 Quod
703 1131 751 1215 ad
773 1139 1021 1218 curationem
1037 1137 1195 1237 attinet,
1215 1135 1241 1216 fi
1259 1135 1394 1248 topica
1412 1134 1660 1247 speeiaveris,
1676 1160 1722 1217 ea
1737 1127 1938 1246 seligenda

498 1251 588 1335 sunt
602 1278 686 1360 que
696 1249 831 1331 neutrai
841 1252 986 1332 virtute
995 1248 1211 1353 donantur,
1226 1275 1289 1354 ne,
1304 1245 1554 1353 sistimul'ent,
1567 1245 1659 1332 mali
1700 1241 1939 1360 rogteffibua

500 1364 631 1450 ansam
650 1358 868 1480 prebeant,
891 1365 918 1445 sr
937 1362 1195 1475 adstringant,
1218 1361 1351 1445 falsam
1376 1361 1601 1478 praepostere
1622 1279 1813 1446 inducant
1832 1360 1939 1442 cica-

499 1483 668 1582 tricem,
695 1483 976 1587 materiamque
1001 1480 1101 1560 intus
1118 1474 1334 1560 cohibeant
1355 1507 1438 1588 quae
1453 1476 1665 1590 stagnando
1681 1470 1792 1590 pejor
1813 1475 1936 1560 fieret.

500 1593 697 1702 Adeoque
728 1591 916 1675 mollities
945 1595 1027 1674 cuti
1057 1615 1174 1699 atque
1198 1586 1317 1673 lavor
1344 1619 1414 1705 per
1443 1593 1579 1704 topica
1611 1589 1798 1674 servanda
1823 1587 1935 1690 sunt,

499 1709 583 1794 irnb
611 1713 653 1788 bt
681 1703 792 1812 quod
820 1707 952 1820 sepibs
982 1705 1127 1788 accidit
1154 1705 1194 1786 in
1225 1731 1334 1817 parte
1356 1701 1437 1788 fere
1464 1705 1689 1818 frigescenti
1702 1703 1769 1811 ,st
1797 1699 1937 1814 aliquit

499 1821 616 1906 ichor
646 1819 804 1928 effluat,
835 1817 1035 1933 emplastra
1061 1817 1310 1901 admovenda
1333 1817 1420 1900 sunt
1443 1819 1676 1925 fenestrata,
1708 1821 1790 1928 qub
1821 1817 1959 1932 pollrt¹

497 1937 657 2020 tenuior
677 1935 792 2016 ichor
810 1937 863 2015 ita
883 1933 1072 2038 effluere,
1094 1957 1139 2014 ut
1158 1931 1316 2014 crassior
1336 1937 1375 2013 br
1396 1933 1558 2016 mucosa
1578 1963 1665 2048 pars
1688 1933 1736 2015 ad
1757 1963 1832 2048 pus
1848 1959 1934 2015 con·

498 2045 713 2134 ficientium
739 2045 947 2130 macellaria
971 2047 1202 2152 retineatur,
1231 2043 1428 2158 superfluo
1455 2045 1543 2130 sero
1571 2049 1771 2132 effluente.
1809 2043 1934 2158 Quod

500 2162 550 2246 ad
578 2164 765 2244 interiora
790 2160 814 2243 s
834 2162 957 2262 eblat,
992 2157 1112 2240 causae
1139 2154 1360 2242 adhibenda
1391 2161 1626 2264 meditatio,
1659 2189 1704 2244 ut
1728 2159 1932 2250 scotbunrs

500 2303 570 2392 per
589 2273 772 2388 specifica
786 2191 987 2386 abigatur,
1008 2269 1322 2356 melancholicus
1339 2273 1484 2357 humor
1498 2301 1567 2389 per
1585 2275 1776 2360 diluentia
1792 2275 1932 2362 fluxilis

500 2390 598 2494 liat,
624 2417 706 2470 non
728 2383 916 2498 negleblis
941 2381 1088 2469 intereb
1109 2386 1275 2492 tonicis,
1297 2415 1382 2496 quae
1400 2385 1548 2472 viribus
1564 2389 1713 2474 alendis
1728 2411 1850 2500 atque
1863 2389 1934 2475 sul

499 2497 1366 2607 tentandisnecellariasunt,&quorumusus
1396 2503 1933 2608 titmextetne,tbminterne

498 2617 624 2729 magis
648 2612 776 2698 multb
785 2611 1066 2809 predicandus
1089 2614 1188 2716 erit,
1212 2613 1262 2719 lr,
1287 2641 1334 2698 ut
1356 2562 1453 2727 laepe
1471 2617 1534 2722 lit,
1556 2645 1768 2730 gangraenae
1788 2619 1832 2700 in
1852 2651 1933 2706 cru-

499 2728 607 2828 ribus
631 2728 767 2813 senum
802 2753 938 2843 emper
960 2722 1277 2839 pertimescenda
1303 2753 1431 2812 metus
1455 2730 1622 2842 ingruat.
1653 2733 1753 2843 Quo
1777 2734 1819 2816 in
1847 2734 1931 2820 casu

500 2840 597 2954 quid
619 2842 669 2928 de
692 2839 882 2946 scordio,
912 2835 1080 2944 albarii,
1104 2842 1328 2936 aromaticis
1344 2841 1528 2927 omnibus
1548 2843 1819 2953 sentiendum,
1840 2849 1931 2958 quid

496 2951 1268 3184 ἓὲῗῖῗρἓιέἶιἓὲἓῖἳὲιῖρῗιῖζὲῗζιῗ
1292 2957 1565 3184 bacilli,
1578 2964 1861 3160 illidii
1882 2961 1932 3161 bi

496 3183 548 3266 ad
567 3181 642 3266 alia
660 3176 960 3295 properantibus
975 3177 1093 3261 fustits
1115 3178 1164 3263 de
1185 3184 1231 3264 iis
1253 3179 1446 3268 dill'erere.

556 3293 621 3381 Ad
650 3289 763 3400 hujus
792 3292 945 3406 generis
971 3287 1073 3373 mala
1100 3299 1297 3405 pertinent
1322 3295 1488 3410 plurima
1516 3298 1591 3385 alia
1616 3297 1774 3386 diverlls
1801 3303 1929 3390 nomi-

495 3405 612 3494 nibus
643 3404 691 3490 ab
720 3402 944 3488 audioribus
970 3404 1173 3518 descripta.
1205 3405 1322 3492 Talia
1349 3411 1438 3495 sunt
1466 3411 1601 3499 ulcera
1628 3411 1819 3500 Balecbia
1849 3449 1929 3528 qua

494 3518 663 3608 barbaro
681 3522 844 3602 nominc
866 3514 975 3629 Haly
996 3515 1131 3601 Abbas
1154 3519 1278 3604 deseri
1308 3523 1365 3608 lrt.
1388 3524 1669 3635 Phlyzacium,
1694 3526 1760 3611 seu
1788 3523 1930 3656 φλυζιί·

496 3673 560 3722 aru
587 3631 697 3744 quod
720 3629 835 3714 ulcus
861 3631 962 3714 inter
989 3629 1158 3827 pustulas
1189 3553 1330 3719 Cellbs
1360 3638 1570 3754 descriplrt.
1605 3640 1774 3726 Scilicet
1807 3647 1849 3728 in
1879 3673 1928 3730 eo

494 3749 633 3833 affeetu
661 3748 852 3862 reperitur
877 3747 1026 3857 pustua
1055 3745 1213 3854 durior,
1241 3747 1467 3859 subalbida,
1496 3783 1546 3838 ex
1568 3753 1644 3867 quai
1666 3757 1776 3866 quod
1800 3761 1928 3872 expri-

493 3868 614 3947 mitur
633 3857 839 3944 humidum
860 3857 939 3962 est,
972 3865 1013 3940 δι
1042 3885 1125 3969 quat
1153 3862 1262 3946 certe
1286 3893 1371 3949 non
1395 3869 1520 3980 potest
1547 3871 1625 3952 fine
1653 3867 1930 3985 suppuratione

493 3976 543 4061 ad
576 3975 788 4091 persediam
819 3973 1063 4057 curationem
1098 3971 1255 4060 deduci.
1297 3977 1493 4087 Quamvis
1521 3981 1763 4096 gravissimus
1798 3987 1931 4068 anaor

493 4087 530 4176 J.
557 4089 770 4172 Manardus
803 4073 996 4220 φλιζακιον
1026 4081 1124 4167 illud
1156 4083 1178 4169 ὲ
1205 4087 1327 4174 Celso
1358 4091 1596 4207 descriptum
1661 4125 1707 4180 ro
1739 4125 1931 4214 corrupto

493 4199 695 4284 vocabulo
707 4199 805 4284 velit
818 4202 945 4314 ac'crpi
953 4261 965 4298 ,
978 4198 1198 4310 referatque
1217 4199 1316 4287 illud
1331 4205 1379 4288 ad
1395 4205 1603 4318 dulpdure,
1620 4126 1685 4292 ldu
1705 4207 1929 4324 psydracia,

496 4339 580 4424 qua
598 4311 735 4397 eidem
756 4313 988 4398 definitione
1007 4313 1203 4426 gaudent,
1225 4314 1346 4426 id'que
1367 4317 1513 4405 habent
1537 4320 1729 4434 srngulare
1748 4323 1857 4434 qubd
1883 4321 1931 4406 ad

495 4449 614 4538 caput
632 4424 825 4540 praecipue
845 4429 1084 4540 pertineant,
1108 4456 1189 4538 quo
1210 4433 1373 4518 nomine
1388 4433 1436 4516 ad
1451 4435 1548 4518 ficus
1565 4441 1607 4518 bt
1623 4434 1771 4520 licosos
1786 4435 1933 4524 Galerii

495 4561 672 4622 tumores
687 4538 880 4622 referendi
899 4541 996 4644 srnt,
1018 4543 1194 4648 quamvis
1216 4547 1352 4658 partim
1368 4549 1515 4631 interfit
1534 4550 1575 4629 in
1596 4547 1705 4632 tantai
1720 4555 1932 4634 nominum

493 4647 686 4761 farragine
716 4681 838 4733 unum
869 4647 1085 4736 alterumve
1113 4654 1307 4740 admittas.
1349 4658 1610 4772 Singulariter
1645 4687 1779 4748 tamen
1816 4660 1930 4768 hujus

493 4765 740 4848 mentionem
754 4763 944 4848 faciemus
957 4766 1136 4850 humoris
1155 4797 1274 4876 quem
1293 4769 1356 4857 M.
1371 4772 1558 4860 Aurelius
1572 4773 1785 4862 Severinus
1800 4783 1851 4884 (a)
1867 4805 1932 4862 ro-

528 4921 591 4996 (at)
612 4915 659 4978 De
678 4913 830 4976 lltcoudiri
847 4915 956 4982 abietis.
975 4918 1025 4984 lib.
1039 4941 1055 4990 4
1062 4963 1074 4994 ,
1094 4941 1151 5004 cap.
1172 4943 1215 4987 tt.
