4226 5916
645 403 1188 503 CUT'AN-EIS.
1249 452 1255 463 ·
1552 442 1636 532 43'5

197 577 305 665 certe
329 593 414 661 non
436 575 514 662 line
535 576 677 694 magud
696 575 972 693 glandularum
996 573 1245 664 sebacearutn
1271 565 1430 667 laessone'
1452 582 1639 672 invadere

177 691 335 777 *debuit
358 724 370 793 3
401 691 580 805 adeoque
607 721 681 806 pro
708 693 980 808 magnitudine
1001 691 1164 777 lassonis
1184 697 1430 780 curationem
1454 726 1538 781 non
1588 729 1636 782 oa

197 808 274 890 tuit
296 810 502 920 accipere,
538 806 617 891 stne
640 804 770 916 aliqud
801 805 972 921 perfeell
999 807 1312 922 suppuratione:
1346 810 1526 895 confusio
1559 727 1640 896 lor-

197 919 264 1002 san
291 918 385 1002 inde
409 945 496 1002 orta
518 921 597 1026 est,
628 946 704 1003 nec
728 919 816 1004 latis
847 919 1046 1004 intellecta
1071 921 1262 1004 distinctio
1291 922 1422 1006 morbi
1447 928 1489 1006 in
1514 925 1638 1040 p'riml

198 1031 264 1116 sual
281 1036 459 1147 origine,
481 1061 527 1115 ac
541 1029 684 1118 deinde
699 1037 740 1117 in
754 1037 869 1121 variis
887 1033 1048 1118 suorum
1063 1061 1287 1150 temporum
1308 1037 1491 1150 periodis.
1517 1034 1650 1126 Certe

197 1145 255 1228 nil
280 1173 497 1230 commune
517 1149 641 1261 magis
667 1151 709 1230 in
728 1145 1000 1263 eruptionibus
1024 1146 1273 1262 lymphaticis
1299 1146 1638 1262 quibuscumque,

200 1258 319 1369 quam
336 1263 638 1375 phoenomenon
662 1260 760 1345 illud
779 1292 791 1362 ;
817 1260 971 1346 scilicet
989 1262 1097 1373 quod
1144 1266 1246 1346 rimo
1268 1265 1339 1346 her
1367 1266 1515 1348 eticum
1531 1292 1637 1373 etat,

200 1377 427 1458 tottionem
446 1377 655 1490 accipere,
683 1383 724 1458 dt
740 1379 780 1457 in
798 1405 870 1490 pus
884 1379 996 1459 verti.
1019 1294 1142 1489 Quid
1152 1379 1290 1461 enim?
1347 1377 1434 1462 erso
1453 1377 1641 1464 locorun't

136 1481 141 1489 ¹
185 1485 299 1594 dtu,
325 1487 496 1572 mitescit
516 1493 624 1572 virus
648 1496 690 1572 δι
715 1489 760 1570 sat
789 1488 811 1572 ὲ
833 1493 996 1573 cauterii
1017 1492 1149 1573 vicem
1172 1487 1361 1606 adimplet
1381 1490 1632 1606 suppuratio.-

182 1603 187 1638 ⁸
255 1603 356 1685 Non
376 1605 516 1714 igitur,
543 1605 627 1714 post
651 1597 727 1707 jam
745 1520 846 1686 dicia
864 1608 1106 1718 repetitaque
1130 1605 1180 1688 de
1202 1601 1370 1718 lympha
1387 1609 1491 1688 vitiis
1514 1609 1641 1690 corri-

198 1715 339 1827 gendis
351 1777 365 1822 ,
391 1717 647 1829 diagnostque
668 1715 898 1800 instituendi
922 1715 1153 1823 causarum,
1182 1717 1233 1800 de
1251 1722 1457 1802 curatione
1479 1719 1641 1805 melice-

200 1827 310 1912 ridos
338 1827 506 1913 multum
532 1829 711 1914 insudare
737 1831 892 1914 necelle
918 1833 984 1914 est.
1021 1831 1114 1914 Nec
1142 1854 1307 1940 utraque
1332 1831 1480 1945 species
1510 1832 1640 1918 oculis

152 1981 163 1996 ·
196 1947 355 2026 tantum
385 1942 562 2049 diversa,
600 1971 717 2053 quarn
748 1947 901 2028 notavit
930 1941 1100 2049 Celsus,
1135 1942 1282 2054 aliquid
1310 1945 1561 2060 discrepantis
1591 1947 1640 2032 ad

194 2060 447 2140 curationem
468 2054 646 2170 postulat.
676 2057 839 2172 Quippe
860 2087 943 2168 quae
966 2054 1033 2142 vel
1053 2060 1189 2172 topica
1205 2059 1277 2164 est,
1297 2055 1363 2142 vel
1379 2060 1427 2142 ad
1442 2063 1642 2144 internum

197 2172 343 2254 vitium
359 2231 374 2276 ,
407 2169 473 2254 seu
508 2179 643 2254 veram
670 2169 764 2254 mali
798 2172 952 2254 causam
980 2170 1336 2255 accommodanda.
1369 2172 1491 2257 Certe
1529 2201 1642 2258 exte·

196 2285 306 2366 riora
340 2283 506 2394 postulat
541 2284 715 2369 remedia
747 2283 939 2368 abfcelius
973 2282 1044 2367 ille
1070 2312 1120 2368 ex
1145 2283 1439 2400 suppurantium
1467 2314 1639 2400 genere,

196 2425 286 2506 quae
317 2425 409 2476 cum
440 2396 663 2480 emollienti
693 2396 881 2482 facultate
913 2397 1161 2511 putredinem
1192 2423 1340 2480 certam
1370 2401 1452 2482 cuti
1479 2399 1643 2484 afferant

194 2509 433 2592 efficaciter.
458 2509 549 2590 Imo
568 2515 610 2590 dt
628 2512 669 2590 in
685 2508 804 2594 nimii
819 2514 919 2595 cutis
937 2511 1171 2615 tenacitate,
1193 2537 1244 2593 ne
1259 2509 1481 2596 indurescat
1496 2515 1642 2596 humor

195 2644 445 2725 contentus,
479 2627 521 2704 ὅ(
551 2646 724 2706 vertatur
754 2649 888 2706 tumor
919 2625 1244 2705 inflatnmatorius
1274 2621 1384 2730 cujus
1415 2625 1483 2737 sup
1513 2630 1642 2711 uratio

194 2735 353 2819 radices
378 2740 536 2849 prorsus
564 2731 764 2820 sustulillet
791 2737 831 2818 in
854 2759 1053 2820 tumorem
1079 2733 1327 2820 indolentem
1355 2743 1396 2821 dt
1422 2655 1641 2850 cyldcum,

193 2848 379 2964 proderit
397 2849 569 2932 caustico
588 2848 753 2932 admoto
775 2874 909 2933 cutem
928 2847 1080 2934 violare
1101 2879 1113 2951 3
1137 2853 1229 2933 clam
1248 2849 1352 2934 illius
1372 2851 1537 2934 remedii
1558 2853 1642 2936 effi-

193 2964 547 3074 caci·opetatione
569 2961 725 3045 annosa
747 2966 807 3048 vis
828 2991 933 3047 nova
957 2965 998 3045 in
1022 2990 1222 3048 tumorem
1248 2962 1471 3048 universum
1496 2965 1643 3051 diffun-

196 3076 316 3160 datur
332 3083 374 3158 &
393 3074 645 3182 extendatur,
663 3106 746 3160 non
759 3078 800 3160 in
813 3099 1012 3163 tumorem
1037 3076 1163 3161 sollum
1172 3139 1187 3183 ,
1209 3075 1276 3160 sed
1297 3077 1339 3159 in
1364 3105 1525 3162 omnem
1543 3082 1640 3166 vici-

198 3191 322 3272 niam.
345 3188 415 3271 Sic
441 3192 576 3305 topica
601 3189 784 3305 phlogosr
830 3195 1023 3276 excitatur
1047 3193 1088 3273 in
1114 3192 1281 3274 tumoris
1308 3189 1639 3279 destruclionem:

198 3311 244 3388 δι
273 3300 397 3386 semel
423 3327 558 3416 aperto
583 3330 742 3389 tumore
766 3221 840 3388 illo
862 3309 903 3389 dt
927 3302 1005 3412 jam
1034 3304 1234 3388 sanatione
1259 3304 1342 3390 fere
1365 3303 1565 3416 perfetta,
1592 3308 1643 3394 ad

199 3418 403 3502 interioris
414 3420 499 3501 vitii
514 3417 646 3502 caulas
665 3445 752 3504 tota
770 3414 810 3503 se
828 3421 946 3504 vertit
968 3421 1160 3523 attentio,
1177 3445 1271 3528 quas
1286 3419 1447 3528 quidem
1470 3417 1644 3506 sollicite

200 3528 397 3647 expiscari
421 3557 593 3644 oportet.
627 3533 728 3617 Non
761 3535 869 3617 enim
896 3535 976 3616 una
1001 3531 1116 3616 caula
1142 3529 1249 3615 hisce
1270 3531 1483 3618 inferendis
1506 3531 1643 3642 valet,

156 3651 165 3672 ⁸
200 3647 308 3729 inter
329 3672 423 3756 quas
442 3668 575 3728 tamen
623 3650 808 3762 raecipuas
826 3669 954 3760 partes
974 3671 1110 3748 tenet,
1134 3639 1276 3751 utiam
1299 3644 1489 3752 diximus,
1508 3646 1647 3762 herpe-

201 3760 334 3840 tlcum
358 3759 477 3840 virus.
504 3759 561 3840 At
595 3759 674 3873 apd
688 3787 857 3844 venerea
875 3756 959 3843 lues
979 3757 1070 3842 talia
1087 3760 1239 3842 invexit
1263 3758 1391 3866 mala,
1421 3789 1504 3870 quae
1524 3785 1645 3870 tunc,
1698 3817 1700 3824 ›

198 3869 369 3984 vulgato
389 3870 493 3986 apud
515 3869 737 3986 Chirurgos
761 3873 924 3956 nomine
935 3933 950 3978 ,
975 3874 1127 3986 gummi
1150 3870 1360 3979 dicuntur,
1390 3871 1444 3955 ob
1466 3875 1645 3959 naturam

200 3983 418 4069 mucosam
442 3991 482 4067 ὅ(
510 3982 669 4069 sordide
698 3983 959 4101 purulentam.
995 3985 1077 4071 Sed
1107 4012 1154 4072 ea
1184 4015 1268 4096 non
1293 3989 1410 4068 unica
1438 3984 1526 4068 sunt
1551 3987 1648 4072 mali

200 4095 364 4182 latentis
383 4097 669 4214 symptomata,
686 4105 824 4186 verdm
839 4125 983 4184 eorum
1003 4129 1138 4186 natura
1158 4126 1208 4183 ex
1231 4099 1478 4183 enarratione
1499 4100 1647 4212 prace'·
1667 4119 1675 4134 ·

205 4211 388 4298 dentium
408 4210 742 4307 &observatione
763 4215 850 4302 satis
870 4215 1166 4300 demonstratur.

574 4403 1275 4494 nauseatustt

534 4587 603 4675 ue
631 4585 849 4674 Acronus
875 4589 911 4672 a
941 4585 1061 4674 aava
1094 4553 1314 4699 affatum..

265 4777 450 4864 Achorea
473 4787 618 4896 Αχὸρες
643 4785 822 4890 Grecis,
848 4783 927 4866 favi
956 4779 1142 4870 dicuntur
1168 4775 1371 4870 Latinlsd
1398 4767 1653 4864 similitudine

207 4923 305 4979 cum
315 4923 433 5010 apum
445 4893 554 5000 ¹favis
558 4957 575 5005 ,
594 4898 699 4984 unde
714 4906 756 4983 δι
775 4897 825 4982 ad
840 4895 942 5008 anpln
966 4921 1146 4988 veterum
1167 4891 1498 5096 ‘efemffflsfissEst
1517 4912 1650 4976 autem

1342 5033 1437 5112 arn

1605 4507 1630 4604 l
