4228 5898
552 456 1277 556 turnonucrro
1540 469 1632 584 aa,

171 709 181 721 x
247 623 307 712 'At
325 623 562 714 mulieribus
578 657 662 741 quo
676 628 919 748 graviditatie
938 659 1039 716 onm
1060 629 1273 748 suscipiunt
1296 637 1337 717 bt
1350 631 1492 744 quibus
1506 641 1633 724 mens-

191 763 376 826 truorum
398 742 439 826 in
457 739 598 826 locum
614 740 759 829 latreus
776 745 921 828 humor
938 741 1033 829 vete
1053 745 1096 828 in
1109 773 1273 832 mucum
1290 747 1632 842 mutanduaexun-

187 853 285 960 dat,
310 883 417 942 noua
436 858 606 970 aperitur
629 853 864 941 morborum
889 881 1150 942 cutaneomm
1170 857 1285 943 scena
1299 920 1314 964 ,
1328 867 1377 946 ’δι
1398 859 1632 971 quidem'tis·

187 966 309 1054 dem.
335 969 590 1052 hoenomem'e
615 995 733 1078 atque
759 971 888 1052 ceteri
910 971 1014 1054 cutis
1038 967 1192 1074 morbi,
1217 969 1370 1056 scilicet
1390 975 1553 1060 insareiu
1581 978 1631 1062 ad

33 1159 34 1196 Ν
223 1079 286 1162 lan
315 1079 401 1168 ulas
429 1089 471 1164 ὁ(
496 1079 685 1166 artimlos
716 1083 899 1195 provio,
929 1083 1105 1196 hincque
1131 1083 1231 1168 fiunt
1254 1085 1311 1166 'a'd
1334 1112 1465 1170 cutem
1499 1093 1631 1174 crustae

190 1111 354 1299 siuet,
380 1197 573 1299 achotes,
598 1195 703 1301 favi,
729 1203 949 1304 ceteraque
962 1192 1039 1278 illa
1066 1199 1200 1280 omnia
1223 1195 1456 1282 morborum
1483 1231 1628 1318 genera

188 1335 279 1414 quae
331 1311 467 1389 rimam
492 1309 675 1391 infestant
694 1309 913 1421 pueritiam.
941 1306 1061 1390 Odor
1092 1308 1229 1414 idem',
1259 1311 1329 1392 nist
1363 1314 1471 1421 qubd
1501 1323 1625 1432 magis

188 1337 389 1524 fracidus,
408 1421 564 1506 foeditae
590 1420 759 1530 eadem,
778 1445 818 1504 at
835 1423 1001 1503 tenuitas
1025 1424 1192 1534 partium
1211 1419 1365 1530 major,
1391 1433 1433 1508 dt
1444 1417 1626 1531 vasorum

184 1535 297 1616 ,cutis
318 1533 554 1646 profundior
576 1533 795 1617 destruam.
829 1533 920 1616 Imb
944 1530 967 1614 a
997 1530 1098 1616 laile
1122 1560 1313 1648 corrupto
1339 1543 1381 1618 dt
1405 1541 1625 1628 immaniter

189 1648 413 1730 inacorem
435 1645 635 1760 putridum
656 1645 825 1730 abeunte
847 1645 928 1728 offa
956 1645 1036 1760 ipsa
1054 1649 1257 1760 corrumpi
1279 1645 1360 1731 visa
1378 1648 1492 1757 sunt,
1514 1657 1625 1764 quod
1748 1721 1753 1736 .

190 1759 241 1842 ad
263 1757 495 1874 presentem
522 1761 795 1844 mediationem
818 1785 905 1840 non
926 1762 1107 1874 pertinet.
1137 1760 1219 1846 Sed
1236 1758 1362 1874 vulgo
1379 1765 1465 1875 post
1494 1770 1626 1852 varios

189 1871 430 1978 decubitus,
446 1898 514 1955 aut
532 1872 710 1984 adipem,
726 1898 796 1955 aut
813 1874 1024 1958 humorem
1039 1875 1142 1957 curis
1162 1873 1373 1978 mucosum
1384 1877 1533 1960 humor
1545 1878 1625 1964 lac

189 2010 275 2068 teus
297 1985 486 2100 degener
520 1985 700 2091 invadit,
735 1985 891 2099 adipm
924 2013 1033 2097 parte
1065 1987 1202 2098 pingui
1233 1986 1462 2071 cremorosal
1507 1992 1622 2078 ador-

188 2123 227 2183 ta
246 2159 263 2205 „
294 2103 434 2183 'cutem
461 2125 570 2216 parte
597 2095 756 2182 caseoei
783 2093 997 2204 invadens,
1025 2097 1197 2207 indeque
1228 2097 1326 2214 sape
1360 2097 1445 2184 total
1471 2102 1625 2217 sangui-

190 2213 248 2295 nis
276 2219 318 2294 ὅ(
335 2209 569 2296 alimentalis
594 2214 764 2296 materia
787 2209 897 2294 mole
922 2207 1108 2324 corrupti
1132 2209 1288 2325 pessima
1310 2213 1623 2326 prodeuutmala

188 2349 387 2523 curangpa,
423 2353 548 2438 eaque
566 2326 634 2410 vix
652 2321 872 2432 sanabilia,
906 2330 949 2408 &a
975 2348 1106 2408 morte
1143 2320 1308 2438 optabili
1340 2331 1491 2414 tantum
1522 2329 1624 2414 redi-

185 2464 254 2523 me
1145 2489 1148 2502 ι

221 2542 227 2550 ’
245 2549 329 2634 Hic
348 2553 403 2636 est
427 2550 529 2634 ordo
552 2577 694 2634 natura
718 2547 931 2633 laborantis
952 2545 1057 2632 illius
1074 2550 1232 2659 quidem
1252 2557 1292 2633 b(
1318 2553 1545 2659 infirmata,
1566 2556 1621 2640 ita
1657 2563 1661 2572 '

188 2686 235 2747 ur
252 2662 391 2748 eadem
406 2662 523 2750 causa
542 2661 619 2745 alia
644 2667 914 2780 phoenomena
931 2664 974 2742 in
988 2662 1162 2767 infante,
1183 2660 1258 2744 alia
1278 2666 1319 2743 in
1340 2663 1494 2746 saeniinal
1504 2669 1622 2782 possrt

187 2775 437 2892 producere,
455 2775 543 2860 aliie
566 2770 892 2889 symptomatibuc
906 2775 1014 2856 viros
1037 2799 1153 2882 atque
1172 2773 1285 2872 ,senes
1306 2801 1436 2859 vexet.

239 2889 489 2994 adventitii,
506 2897 548 2972 dt
571 2916 616 2972 ut
628 2893 683 2972 ita
704 2885 848 2997 loquar
860 2945 874 2992 ,
894 2883 1157 2970 accidentales
1185 2886 1274 2968 sunt
1297 2892 1339 2969 ὅ(
1363 2886 1444 2970 dici
1461 2889 1620 3002 possunt

188 2999 260 3086 alii
282 3005 387 3087 cutio
406 2999 565 3107 morbi,
585 3026 756 3111 quorum
775 2997 841 3082 alil
861 3002 1051 3112 contagio
1071 3001 1386 3104 contrahuntur,
1414 2997 1479 3082 alii
1498 3029 1548 3084 ex
1560 3006 1621 3086 'in-

186 3141 303 3201 terno
321 3113 533 3200 nascunttu
559 3119 673 3198 vitio.
701 3113 906 3225 Coniugio
925 3115 1131 3227 propagari
1160 3137 1299 3196 acutos
1321 3115 1387 3222 qui
1413 3111 1462 3195 ad
1485 3139 1619 3200 cutem

188 3227 426 3315 deferuntur
442 3225 606 3313 morbos
638 3229 723 3338 quin
751 3253 802 3310 ne
831 3231 908 3309 etl
933 3227 1040 3310 Rem
1062 3228 1185 3307 ailam
1216 3253 1420 3338 ageremus
1444 3227 1473 3308 st
1499 3226 1549 3310 de
1571 3232 1618 3312 iic

183 3341 301 3434 fultio
327 3340 441 3452 loqui
470 3344 620 3428 animur
643 3337 753 3424 esset.
791 3255 930 3450 {uim
953 3337 1179 3454 periculosa
1206 3339 1279 3420 srnt
1295 3335 1454 3422 variolae
1467 3398 1482 3444 ,
1499 3337 1619 3450 qu‘am

183 3452 373 3542 matribus
393 3453 605 3561 detestata,
630 3454 767 3538 omnia
788 3449 998 3570 personant
1021 3455 1144 3551 atria;
1170 3474 1210 3534 at
1227 3447 1342 3536 rebus
1367 3454 1410 3533 in
1435 3476 1524 3534 tuto
1550 3481 1618 3566 po
1703 3503 1708 3516 ·

183 3568 288 3674 fitis,
316 3567 622 3686 composttoque
641 3568 791 3653 saeviori
808 3563 981 3650 tumulm
999 3589 1175 3648 remanet
1190 3563 1285 3648 hinc
1306 3566 1407 3648 cutis
1423 3563 1618 3679 imperspi

182 3679 346 3787 rabilis,
373 3679 465 3765 inde
491 3681 655 3796 pristine
683 3678 781 3764 labis
809 3680 1025 3791 vestigium.
1060 3677 1196 3760 Haeret
1222 3673 1390 3762 occlusis
1415 3675 1464 3760 ad
1493 3679 1618 3761 cutim

183 3792 379 3878 meatibus
403 3792 588 3878 mucosus
608 3797 753 3876 humor
766 3794 945 3897 uitiante,
965 3788 1035 3874 sub
1052 3793 1157 3903 purit
1171 3792 1319 3876 incoffi
1331 3785 1460 3872 formal
1470 3852 1485 3894 ,
1508 3819 1617 3872 nunc

183 3909 291 4012 huc,
310 3936 418 3988 nunc
440 3905 536 3990 illuc
556 3903 760 3991 ulcerosos
782 3905 992 3990 efformatis
1014 3931 1190 3990 tumores
1209 3907 1250 3985 in
1268 3899 1510 4010 junioribus(
1523 3903 1615 3984 Imb

182 4023 269 4134 post
294 4019 419 4134 ipsam
455 4017 683 4104 lenissimam
715 4019 996 4125 insertionem,
1031 4015 1244 4128 aliquando
1270 4012 1512 4098 variolosum
1539 4013 1614 4096 ser·

183 4160 367 4224 mentum
392 4159 554 4226 mutum
579 4159 711 4218 toturn
737 4135 837 4217 cutia
860 4135 917 4216 ita
941 4133 1106 4214 mutavit
1140 4133 1181 4212 in
1209 4132 1367 4240 pueris,
1394 4150 1439 4206 ut
1462 4125 1611 4238 epidor-¹

182 4250 257 4330 mis
287 4245 466 4329 universa
500 4271 567 4330 aut
592 4243 835 4332 inflamellas
847 4308 861 4352 ,
894 4271 962 4330 auc
992 4247 1035 4325 in
1056 4241 1184 4322 furfur
1213 4235 1358 4354 pluries
1394 4235 1612 4322 redivivum

181 4359 346 4460 abierim
370 4357 480 4467 quod
511 4385 641 4443 autem
659 4359 884 4463 mucosum
901 4361 944 4441 in
967 4356 1096 4468 pueris
1128 4353 1325 4464 erumpit,
1354 4348 1611 4436 adultioribus

183 4469 446 4577 furunculos,
476 4469 696 4576 abscessus,
725 4468 905 4554 bubones
926 4463 1138 4586 producit,
1163 4461 1414 4592 cumcontra
1435 4463 1613 4604 morbilll
1645 4507 1648 4516 ·
1728 4593 1729 4596 p
1883 4459 1886 4466 ’

179 4583 310 4688 uulob
330 4589 372 4667 in
394 4587 600 4686 thoracem
624 4583 821 4670 decidant.
953 4611 956 4620 ’
1281 4673 1282 4678 Ν
1405 4632 1409 4647 ·
1500 4643 1532 4660 ..

243 4690 288 4779 Si
313 4699 413 4812 ergo
439 4695 557 4782 seb'ris
583 4727 760 4811 quacum
789 4721 841 4779 ue
861 4721 978 4800 ,non
1007 4695 1217 4808 ephemera
1241 4686 1334 4793 illa,
1353 4686 1611 4804 sed'plurium

181 4805 338 4894 dierum
359 4809 409 4893 ad
428 4812 550 4894 cutim
578 4839 647 4897 aut
665 4723 938 4896 exanbemata
962 4806 1159 4924 deponat,
1176 4803 1243 4887 a'ut
1281 4800 1420 4886 ust'ulas
1431 4861 1444 4908 ,
1470 4800 1611 4911 quibus

182 4921 481 5040 erumpentibus
507 4927 627 5013 cesset
648 4923 767 5013 sebrit
778 4985 802 5036 ,·
819 4948 896 5012 trec
921 4921 1147 5012 resarciatur
1170 4831 1423 5112 perlegerim
1450 4913 1614 4998 abibunt

1343 5055 1368 5132 ¹l
