4246 5900
823 461 849 515 e
912 461 936 528 ·.
973 443 1199 532 :rats
1248 419 1660 520 :rastra

857 659 889 686 ..
1071 587 1906 701 .;-;-..-:·:scorporis‚atqueab-eopendent

856 763 901 778 .-
1056 699 1902 892 ·.=ii'r.i·'-cr‡tperparalyfimtassus,&sppk

740 887 746 896 .
830 895 868 915 ,,
904 875 916 906 -.
999 815 1386 902 -.··.1·.·.veidemum
1402 811 1596 895 obstmtto
1611 815 1815 917 nervo‚se
1859 843 1904 896 ua

828 991 836 1002 .
870 991 877 1000 .
1057 955 1153 1008 rarae
1181 926 1367 1037 disperit,
1392 924 1477 1008 aliis
1495 927 1656 1008 intatiis.
1681 925 1750 1006 Sic
1775 930 1905 1008 virum

531 1133 542 1145 ,
637 1118 656 1138 ,,
711 1091 716 1100 ·
794 1089 814 1137 a
869 1098 898 1129 ...-
911 1087 948 1129 21
984 1035 1306 1142 tal-:demat
1330 1035 1488 1146 reliquis
1510 1035 1693 1118 omnibus
1714 1040 1905 1150 integris,

549 1240 555 1251 ,
590 1236 599 1250 ,
736 1202 780 1250 m
807 1201 838 1247 t.
874 1179 1117 1252 ..·.·.·..rernr‚
1153 1145 1283 1232 nullus
1306 1153 1572 1232 concitaretur
1600 1148 1794 1232 novaculsr
1818 1149 1908 1233 sen-

524 1343 540 1362 „
557 1341 584 1357 .,
601 1338 638 1364 „.
662 1312 722 1364 κς,
740 1321 788 1364 ,gt
822 1338 838 1354 ,
864 1286 1027 1346 ...ecus
1049 1257 1157 1343 sensu
1180 1259 1335 1344 donatis
1357 1261 1406 1344 ad
1424 1257 1659 1344 insensibiles
1680 1263 1904 1344 instrumen-

525 1464 530 1472 ,
577 1456 584 1470 ,
630 1423 811 1476 .·...=..t...
843 1381 885 1459 Ζ..
917 1377 985 1454 uni
1013 1375 1131 1454 etiam
1160 1368 1286 1484 digito
1324 1375 1469 1456 cateris
1509 1374 1660 1456 incastis
1689 1374 1772 1456 vidi
1802 1377 1906 1458 acci·

511 1577 517 1586 ·
585 1537 594 1588 :
663 1514 668 1523 ·
810 1519 854 1570 ur
876 1486 1004 1566 careri
1025 1509 1162 1566 omnes
1182 1481 1309 1568 sensus
1333 1481 1354 1566 'a
1380 1483 1527 1598 frigore
1555 1481 1813 1596 obstupescit,
1835 1483 1908 1568 ob-

524 1683 540 1696 ,
575 1678 579 1687 ,
620 1648 628 1658 -
706 1675 714 1687 ,
740 1600 943 1684 meoticis
957 1657 970 1700 ,
999 1621 1115 1706 atque
1140 1597 1283 1681 vinosrs
1309 1595 1517 1710 spirituosrs
1531 1657 1544 1700 ‚
1569 1599 1814 1678 imminuitur
1839 1596 1907 1681 de.-

641 1755 652 1800 =.
694 1711 908 1796 :otiandiori
927 1711 1142 1791 attentione
1163 1707 1212 1791 ad
1236 1705 1310 1792 alia
1333 1705 1496 1816 objecta.
1514 1707 1580 1791 De
1595 1733 1646 1791 eo
1667 1706 1782 1792 fufius
1797 1707 1908 1792 diffe-

620 1859 697 1908 ret
726 1829 767 1904 in
807 1821 905 1902 loco
934 1821 1087 1902 videtur
1119 1817 1282 1924 inutile,
1315 1819 1501 1932 tanquim
1532 1819 1582 1904 de
1606 1848 1649 1903 re
1676 1817 1830 1902 abunde
1855 1819 1905 1904 ab

502 1939 717 2030 natanias
739 1929 976 2044 pertractati.
1001 1931 1143 2014 Liceat
1171 1933 1294 2014 modo
1317 1932 1367 2014 de
1395 1929 1479 2014 aliis
1502 1936 1602 2014 cutis
1625 1929 1906 2016 sensationibus

499 2087 550 2144 co
568 2049 772 2134 dilucidius
787 2043 898 2154 loqui
916 2043 1023 2152 quod
1038 2041 1194 2155 plurimi
1211 2043 1261 2126 de
1277 2046 1325 2126 iis
1343 2048 1519 2128 autiores
1537 2043 1684 2127 filuere.

577 2161 783 2270 Proprium
812 2158 865 2239 est
899 2158 998 2237 cutis
1040 2152 1303 2238 titillationem
1335 2159 1501 2269 experiri
1539 2164 1579 2238 ot
1610 2159 1758 2269 pruritu
1787 2155 1908 2238 affici.

496 2275 648 2356 Omnia
671 2273 712 2350 in
735 2265 984 2378 quicumque
1007 2263 1082 2350 alia
1104 2295 1212 2379 parte
1238 2266 1414 2350 sensuum
1442 2297 1612 2380 organa,
1636 2268 1664 2348 li
1688 2267 1907 2382 nimiopere

493 2385 544 2468 ab
570 2384 738 2466 externis
760 2381 1006 2484 afficiantur,
1034 2379 1205 2462 distracta
1230 2377 1456 2488 divulsaque
1492 2377 1652 2463 dolores
1682 2383 1906 2492 patiuntur,

495 2497 564 2602 qui
584 2491 605 2575 l
633 2491 712 2576 levi
733 2493 846 2574 initio
866 2494 907 2573 in
929 2493 1122 2575 cruciatus
1143 2494 1353 2576 acerrimos
1378 2492 1623 2595 increscunt,
1642 2490 1908 2576 erethismum·

493 2633 573 2714 que
592 2603 994 2708 vehementissimum,
1023 2631 1105 2685 non
1134 2601 1213 2685 sme
1243 2629 1405 2715 ruptura:
1435 2601 1626 2715 periculo.
1649 2601 1761 2685 Idem
1789 2606 1909 2686 etiam

492 2719 612 2798 taoni
632 2715 788 2798 accidit.
805 2719 861 2797 Ar
882 2745 962 2797 non
978 2717 1077 2797 inter
1094 2713 1353 2796 sensationum
1371 2715 1512 2826 gradus
1535 2717 1727 2796 numerati
1753 2713 1910 2828 poliunt

474 2835 539 2912 ·&
589 2830 728 2911 ruritus
756 2835 798 2910 ot
832 2824 1018 2910 titillatio.
1051 2825 1239 2908 Formam
1273 2855 1417 2910 novam
1449 2826 1664 2930 sentiendi,
1700 2852 1815 2934 atque
1842 2827 1911 2910 vix

494 2859 758 3022 deliniendam
773 2941 1019 3052 exprimunt,
1043 2963 1160 3046 quam
1175 2935 1241 3020 vel
1255 2942 1447 3021 acerrimo
1465 2935 1607 3022 dolor'e
1629 2937 1831 3020 miserrimi
1850 2965 1909 3021 re-

496 3049 656 3133 dimant.
683 3049 795 3135 Prior
820 3046 1076 3132 convulsione
1113 3052 1298 3132 &animi
1325 3047 1501 3161 deliquio
1535 3052 1790 3156 terminatur,
1826 3077 1909 3133 non

495 3163 574 3244 sme
596 3159 902 3278 vitaepericu103
930 3161 1118 3276 posterior
1138 3189 1288 3275 ungues
1304 3163 1406 3275 ipsos
1423 3167 1464 3245 in
1478 3187 1612 3247 cutem
1627 3187 1748 3244 armat
1759 3223 1773 3266 ‚
1793 3191 1911 3271 quam

495 3272 680 3386 sanguine
702 3275 874 3380 soedaim,
900 3277 942 3358 dt
968 3270 1199 3387 discerptam
1219 3275 1486 3380 inflammant,
1513 3272 1707 3377 avellunt,
1728 3274 1913 3388 proscen-

497 3385 596 3468 dum
617 3385 745 3468 miseri
766 3415 865 3496 quos
891 3387 1063 3470 enormis
1084 3412 1201 3470 vexat
1221 3384 1406 3470 titillatio.
1429 3387 1621 3497 Utrinque
1637 3383 1841 3470 convulsio
1862 3385 1914 3470 ad

497 3524 628 3610 portas
645 3499 696 3580 est
711 3561 724 3604 ,
743 3501 783 3580 in
799 3495 1025 3581 titillatione
1046 3497 1295 3691 diaphragma
1302 3511 1322 3605 ‚'
1343 3497 1450 3610 laryn
1479 3527 1569 3604 em,
1586 3529 1652 3604 os,
1668 3495 1769 3580 labia
1783 3501 1914 3611 praci-

496 3609 573 3722 pud
598 3609 800 3712 afficiens,
841 3613 879 3692 in
913 3613 1059 3723 pruritu
1113 3606 1285 3716 ubjedlos
1307 3532 1530 3695 musculos.
1557 3613 1688 3694 Mixta
1716 3612 1766 3693 est
1789 3609 1913 3696 sensui

495 3717 709 3834 voluptatis
731 3721 944 3805 dolorifera
962 3721 1125 3806 sensatio
1136 3785 1149 3828 ‚
1179 3722 1337 3806 delicias
1358 3725 1524 3840 spondet
1543 3751 1735 3834 utraque,
1750 3749 1912 3832 utraque

496 3835 536 3914 in
551 3835 745 3918 cruciatur
759 3831 1313 3918 desinitSubsultantmodice
1327 3841 1522 3948 primurn,
1552 3833 1680 3948 posted
1692 3837 1914 3920 immaniter

496 3941 775 4033 convelluntur
788 3949 896 4030 nervi
918 3953 959 4028 ὅ(
976 3975 1058 4055 qua
1073 3975 1217 4030 nerveo
1237 3947 1345 4030 sensu
1360 3949 1530 4060 gaudent
1544 3972 1669 4064 partes
1683 3949 1914 4044 vicinat;to

498 4079 582 4138 turn
597 4085 740 4174 corpus
751 4058 962 4140 trahiturin
972 4057 1213 4140 consortium
1228 4123 1242 4164 ‚
1259 4064 1312 4144 ita
1326 4087 1371 4142 ut
1383 4059 1446 4143 vel
1463 4065 1503 4143 in
1515 4059 1597 4173 ipso
1609 4059 1746 4141 mortis
1760 4087 1911 4170 agone,

497 4167 564 4249 ubi
590 4166 665 4272 jam
690 4201 764 4282 pra
791 4169 991 4256 debilitate
1016 4199 1152 4254 omnes
1180 4170 1516 4286 obstupescunt&
1544 4169 1824 4282 elanguescunt
1843 4171 1914 4252 do·

498 4279 603 4361 iores
622 4336 633 4382 ‚
650 4281 835 4364 'membra
856 4289 877 4364 ai
900 4281 1124 4368 titillatione
1157 4289 1333 4370 retraclet
1360 4283 1628 4368 moribundus.
1660 4283 1749 4363 Nec
1783 4309 1914 4368 tamen

500 4419 638 4476 onmes
667 4421 791 4506 partes
814 4399 914 4476 cutis
940 4395 1153 4480 titillationi
1175 4424 1334 4510 patent,
1364 4397 1459 4480 licet
1492 4425 1627 4480 omncs
1656 4391 1762 4501 aque
1793 4401 1913 4505 pruri-

498 4529 582 4583 tum
607 4509 881 4618 exper'rantur;
911 4535 992 4616 quae
1017 4509 1096 4592 duo
1121 4513 1203 4592 cuti
1231 4515 1385 4625 propria
1418 4534 1613 4592 tormenta
1632 4507 1845 4588 maximum
1873 4513 1912 4590 in

500 4613 649 4696 morbis
680 4621 778 4700 cutis
812 4622 1029 4702 cruciatum
1059 4625 1288 4726 concitant,
1328 4628 1418 4705 cirm
1455 4625 1495 4702 in
1528 4620 1677 4750 pruritu
1713 4619 1913 4718 enormia

500 4725 694 4838 scalpturai
716 4754 931 4843 temperare
947 4757 1027 4814 non
1045 4733 1191 4844 pollint.
1207 4733 1274 4820 vel
1290 4738 1498 4816 hominum
1520 4729 1790 4845 lapientissrmi.
1890 4775 1898 4808 r

485 4902 490 4911 .
553 4841 816 4946 Sialreoriam
840 4845 975 4929 haram
1002 4843 1394 4932 sensatioruunaltilr's
1419 4849 1586 4960 rimari,
1606 4853 1653 4932 dt
1673 4837 1914 5042 serutarfilsrhi

1717 5037 1724 5050 ,
1846 4983 1918 5042 ent
