4186 5908
439 415 530 498 '204
617 481 622 490 ,
895 375 1001 465 DE
1067 373 1194 462 Mo
1223 374 1448 464 R‘BIS·

445 555 534 639 smit
546 545 801 652 erethismus‚
818 544 1031 650 omniaque
1049 545 1354 654 temperatiora,
1379 567 1465 628 non
1484 541 1606 626 causa
1623 545 1777 627 matiam
1822 569 1893 628 ro-

446 671 590 774 ximz,
617 663 828 752 sedetiam
852 652 1079 739 accedentia
1105 653 1267 738 saburra
1290 660 1487 741 rationem
1513 653 1650 741 haberi
1676 573 1893 772 postulant.

448 781 578 894 Quod
614 775 776 890 quidem
807 769 857 854 ad
890 795 1030 852 omnes
1058 766 1168 878 aque
1202 768 1474 884 eryfipelatum
1504 769 1528 852 s
1573 774 1655 856 cies
1688 773 1893 886 pertinett

447 925 540 980 nam
576 886 811 1004 erysrpelatis
843 875 1127 992 cujuscumque
1164 882 1280 965 causa
1306 884 1486 968 efficiens
1521 797 1752 1018 gesuptessd
1773 885 1891 1079 piers-

1818 1001 1891 1082 cit.

446 1010 642 1205 piratione
669 999 815 1117 pendet
875 1023 933 1078 uae
963 993 1116 1108 semper
1147 997 1375 1082 coctionem
1409 997 1579 1111 primam
1610 999 1713 1082 vitro
1749 1025 1771 1080 a

471 1123 539 1204 mo
567 1117 679 1233 plura
708 1113 797 1196 sunt
884 1108 929 1194 sta
959 1135 1104 1222 genera
1132 1103 1288 1218 quarab
1313 1105 1671 1196 hacuniclcausa
1698 1110 1891 1225 pendent.

448 1231 566 1319 Unde
585 1233 627 1314 in
640 1223 771 1313 vultis
788 1231 831 1308 et
845 1221 964 1306 faciei
983 1221 1191 1333 prasertim
1206 1221 1433 1338 erysipelate
1448 1221 1580 1338 plures
1599 1221 1688 1308 sunt
1706 1226 1891 1309 autioree

449 1347 541 1460 qui,
561 1335 805 1455 posthabiti,
828 1337 1031 1420 immerito
1051 1334 1238 1448 quidem,
1262 1365 1371 1422 venat
1393 1337 1594 1444 scaione,
1615 1335 1731 1421 illico
1753 1335 1890 1442 alvum

450 1455 682 1545 solvendam
709 1451 950 1572 predicant,
979 1445 1003 1533 a
1031 1445 1109 1560 qui
1136 1447 1338 1537 solutione
1368 1450 1589 1536 &summa
1616 1452 1663 1535 fit
1690 1449 1891 1562 revulsro,

448 1581 492 1658 dt
513 1571 682 1656 materia
704 1565 834 1653 crudae
860 1570 904 1649 dt
926 1565 1093 1647 incotlae
1116 1560 1352 1650 substractio.

506 1683 659 1770 Verum
689 1677 790 1765 licet
821 1673 973 1762 mature
1002 1674 1310 1762 subtrahendum
1344 1675 1460 1761 illurn
1494 1674 1680 1763 fomitem
1714 1707 1806 1762 cum
1837 1681 1890 1764 iic

451 1796 709 1900 arbitremur,
737 1821 783 1878 ea
807 1816 942 1875 tamen
967 1786 1081 1906 seligi
1105 1786 1293 1876 volumus
1321 1789 1610 1877 medicamenta
1639 1819 1725 1904 quae
1753 1789 1890 1876 alvum
1984 1879 1988 1890 ,

449 1910 613 2025 quidem
638 1903 851 2011 subluunt,
877 1902 945 1988 sed
974 1903 1055 1986 sme
1081 1901 1162 1988 ulla
1194 1905 1412 1990 irritatione
1442 1900 1595 1990 incussi
1606 1965 1622 2012 ‚
1652 1931 1720 1988 aut
1741 1903 1892 2021 suppri-

450 2022 602 2112 menda
669 2018 735 2105 ers
755 2019 931 2102 irationis
960 2027 1093 2102 metu.
1138 2016 1193 2102 Ut
1229 2017 1319 2105 sunt
1356 2017 1429 2137 pol
1455 2018 1621 2133 podium
1661 2045 1890 2129 quemum‚

449 2136 619 2222 mercuri
661 2134 695 2217 is
752 2133 875 2243 'aque
897 2127 1038 2246 plantae
1060 2127 1137 2213 illac
1161 2129 1306 2218 molles
1329 2049 1454 2216 samus
1477 2141 1519 2216 ὅ(
1551 2131 1726 2215 laxantes
1746 2130 1892 2242 quibua

450 2250 630 2335 addimus
653 2273 819 2353 manna,
844 2243 968 2328 caffiae
991 2240 1208 2328 medullam
1219 2304 1235 2351 ‚
1253 2275 1378 2359 pruna
1396 2243 1567 2329 laxantia
1577 2299 1593 2352 ‚-
1616 2245 1888 2353 tamarindos‚

448 2365 535 2448 imo
561 2363 670 2450 &in
694 2355 948 2465 durioribus,
973 2385 1049 2442 nec
1075 2355 1194 2441 facile
1217 2355 1394 2442 laxandis
1426 2361 1573 2442 naturis
1605 2354 1815 2441 folliculos
1845 2365 1888 2441 dt

447 2473 549 2560 folia
580 2475 719 2560 senna.
754 2468 937 2580 Difficile
967 2471 1021 2555 est
1048 2496 1095 2554 ea
1129 2475 1203 2586 pro
1235 2470 1392 2556 diverfis
1423 2473 1570 2555 naturis
1603 2471 1656 2554 ita
1684 2495 1818 2583 aptare
1847 2477 1891 2554 dc

451 2588 665 2702 disponere¹
678 2603 725 2671 ut'
744 2588 787 2668 in
808 2611 851 2667 re
894 2580 987 2692 lam
1010 2582 1270 2668 universalem
1295 2583 1490 2668 transeant
1508 2615 1521 2684 3
1546 2579 1697 2668 notasse
1718 2583 1893 2667 sufficiet

449 2701 621 2788 laxantia
642 2699 711 2786 illa¹
736 2699 842 2782 form
894 2695 1104 2810 prasertim
1129 2694 1283 2806 liquida
1303 2695 1382 2781 esse
1405 2694 1628 2796 exhibenda
1657 2703 1700 2779 ὃ(
1725 2697 1774 2779 eo
1796 2693 1889 2780 seli-

449 2820 535 2902 ciiaa
560 2842 678 2929 agere
705 2809 788 2925 qui)
815 2809 1036 2896 offeruntur
1060 2806 1304 2920 liquidiora;
1332 2811 1385 2893 src
1415 2813 1525 2894 enim
1553 2817 1596 2894 dt
1626 2806 1780 2894 difflant
1792 2869 1809 2916 ,
1840 2817 1888 2893 dc

450 2927 638 3034 solvunt,
664 2935 707 3012 δι
730 2925 987 3039 aperientium
1009 2921 1123 3007 dotes
1145 2920 1423 3036 adipiscuntur.

502 3039 603 3126 Hac
625 3036 786 3150 quidem
807 3039 943 3120 omnia
962 3035 1013 3119 ad
1029 3063 1288 3146 quecumque
1306 3035 1578 3153 erysipelatum
1598 3065 1743 3152 genera
1766 3039 1892 3152 perti·

451 3180 549 3240 nent
568 3149 779 3262 aqualiter.
799 3148 880 3233 Sed
898 3145 1075 3256 jamtem
1105 3179 1150 3232 us
1174 3151 1291 3265 primi
1312 3150 1454 3235 furoris
1475 3149 1650 3235 sedatum
1672 3153 1897 3262 omniaque

451 3271 494 3354 in
515 3264 621 3356 vado
646 3264 770 3378 posrta
795 3260 958 3347 suadent
979 3178 1102 3344 atad

449 3411 541 3468 mua
564 3408 690 3464 curas.
717 3374 883 3491 Quippe
902 3379 945 3458 ni
963 3371 1126 3459 tollatur
1145 3373 1212 3459 illa
1223 3438 1238 3484 ‚
1255 3376 1323 3462 vel
1347 3382 1499 3490 ocyirs,
1523 3376 1590 3464 vel
1609 3377 1756 3462 tardius
1775 3401 1893 3462 tanto

452 3521 563 3611 parta
583 3490 723 3576 labore
742 3486 1002 3599 tranquillitas
1025 3488 1244 3574 evanescet.
1276 3489 1513 3575 Catharralis
1541 3491 1655 3575 causa
1678 3490 1893 3594 resarcien-

451 3609 544 3694 dam
570 3605 648 3690 effe
672 3601 768 3721 pers
787 3603 996 3686 irationem
1017 3601 1177 3686 indicat.
1209 3602 1291 3686 Sed
1320 3606 1430 3712 hac,
1462 3607 1531 3688 nist
1561 3601 1698 3688 laxatis
1723 3605 1821 3690 vasae
1847 3611 1892 3689 dt

453 3716 704 3809 rudioribus
732 3631 785 3800 ad
806 3713 1015 3800 meliorem
1045 3744 1227 3800 normam
1253 3719 1433 3826 mutatis,
1458 3722 1500 3804 in
1523 3721 1721 3833 integrum
1743 3720 1891 3803 restitui

451 3866 541 3923 non
558 3834 698 3952 potest.
729 3825 892 3944 Quippe
915 3826 1261 3914 elaboratiffimum
1286 3850 1584 3916 excrementum
1611 3858 1756 3916 natura
1777 3829 1891 3916 labo·

451 3977 538 4034 rem
565 3953 765 4064 integrum
791 3944 965 4053 requirit.
993 3941 1103 4028 Bene
1130 3945 1259 4027 aslum
1285 3947 1338 4029 est
1364 3943 1386 4028 *a
1414 3943 1548 4029 naturai
1574 3974 1669 4029 cum
1694 3974 1827 4060 aegro,
1855 3945 1886 4028 st

453 4087 604 4146 retenta
621 4059 803 4146 materies
822 4055 873 4142 ad
892 4059 1022 4141 urinae
1040 4053 1234 4141 deferatur
1253 4089 1266 4158 ;
1292 4056 1359 4142 sed
1378 4061 1441 4142 via
1464 4061 1546 4142 hac
1566 4085 1611 4144 ut
1630 4060 1720 4142 raro
1734 4055 1887 4172 integre

455 4181 499 4259 dt
527 4171 706 4260 absoluta
737 4174 915 4258 vitiatam
945 4196 1090 4255 vacuat
1120 4168 1355 4277 ritateriem,
1390 4171 1442 4254 src
1476 4171 1525 4255 ad
1559 4199 1735 4256 naturam
1767 4169 1890 4256 unice

454 4288 635 4402 pertinet.
661 4283 868 4370 Possumus
887 4283 1085 4369 undosum
1107 4286 1305 4368 urinarum
1324 4281 1484 4368 laticem
1504 4313 1674 4398 augere3
1698 4310 1738 4370 at
1758 4287 1908 4369 crisrm-

453 4425 524 4514 per
544 4399 673 4484 urinae
701 4395 872 4491 aenudmi
897 4396 1085 4513 satagenti
1114 4400 1186 4483 arti
1214 4394 1431 4483 nonlicet.
1461 4399 1571 4511 Ergo
1602 4401 1629 4481 st
1651 4397 1894 4483 obstinatum

453 4511 573 4597 fuerit
590 4505 818 4624 erysipelas,
840 4513 1044 4595 materiem
1057 4509 1166 4596 illam
1180 4540 1249 4645 per
1266 4507 1399 4597 alvum
1413 4510 1578 4624 superest
1593 4538 1637 4595 ut
1651 4513 1889 4618 evehamus,

450 4620 568 4712 srmul
594 4623 692 4708 veri>
719 4620 791 4706 tibi
819 4619 1004 4708 insederit
1031 4625 1251 4734 memorre,
1276 4625 1364 4739 ipsas
1388 4651 1516 4707 amara
1536 4625 1775 4708 stomachica
1798 4623 1891 4708 mis-

452 4735 575 4826 cuiffe
583 4796 599 4845 ,
613 4759 659 4820 ut
670 4733 758 4820 sunt
774 4732 1049 4850 &plantarum
1065 4765 1281 4824 amararum
1296 4737 1462 4822 decotla
1469 4797 1484 4843 ‚
1500 4735 1608 4821 succi
1616 4800 1632 4845 ‚
1646 4743 1726 4821 erc.
1741 4735 1889 4848 quibua

450 4877 500 4942 et
524 4847 730 4969 praecptis
753 4847 985 4966 pharmacia
1008 4850 1110 4938 fiunt
1134 4877 1390 4968 apozemata,
1423 4847 1573 4960 juscula
1584 4911 1599 4966 ,
1627 4851 1712 4940 imo
1734 4857 1778 4940 δι
1800 4847 1890 4938 boli

1113 3262 1268 3346 causam
1288 3267 1575 3378 generatricem
1593 3265 1740 3348 nostras
1763 3289 1896 3350 verta·
2005 3291 2019 3324 ·
