4250 5898
656 399 1153 488 estimare
1514 409 1631 524 an

256 555 503 650 Crediderim
527 585 661 647 tamen
686 563 789 678 apud
811 553 1027 680 AEgpptios
1050 568 1171 650 rarihs
1191 569 1374 681 reperiri,
1399 571 1491 658 crim
1515 575 1567 661 de
1588 580 1637 664 iis

201 673 323 759 altum
353 678 524 780 tenuerit
561 674 755 762 silentium
796 677 1025 763 observator
1067 676 1222 763 sedulus
1255 679 1421 795 Prosper
1453 685 1635 802 Alpinus.

202 787 322 872 Certe
342 789 536 904 diagnosrs
559 788 651 872 mali
672 788 774 904 apud
798 790 921 874 indos
944 787 1099 898 facilis,
1129 792 1232 905 apud
1251 823 1325 876 nos
1344 795 1400 878 nil
1419 797 1498 882 tald
1519 805 1636 916 cogi-

199 925 325 986 tantes
354 900 590 986 difficillima
612 902 737 1008 ellet,
762 903 789 985 sr
813 931 1073 1009 occurreret,
1103 911 1144 988 ὅ(
1171 935 1254 988 non
1277 908 1347 989 nist
1371 907 1418 990 ab
1449 913 1635 998 itinerum

201 1022 244 1100 dt
266 1019 350 1098 vitae
372 1017 553 1098 anteaslae
580 1014 736 1098 historia
762 1017 974 1130 repetenda
994 1017 1111 1100 soret.
1138 1019 1195 1101 At
1220 1023 1423 1132 prognosse
1450 1023 1635 1112 molestis-

202 1126 287 1211 stmi
311 1125 403 1210 mali
430 1129 517 1228 est,
549 1128 632 1210 imi>
663 1135 705 1211 ὅ(
736 1154 854 1241 rupto
880 1157 1015 1214 verme
1041 1129 1204 1240 aliquod
1231 1129 1452 1245 periculum
1479 1139 1558 1246 est,
1582 1165 1636 1223 ne

201 1239 426 1354 suppuratio
454 1243 594 1354 ingens
627 1240 822 1347 accedat,
855 1269 906 1327 ne
933 1240 1147 1326 fistulosum
1174 1241 1289 1328 ulcus
1320 1247 1424 1352 fiat,
1457 1275 1508 1335 ne
1539 1248 1634 1335 tabo

202 1380 392 1468 corrupto
419 1352 566 1438 infame
594 1384 668 1470 pus
697 1355 839 1440 exedat
862 1357 1026 1462 omnia,
1051 1356 1161 1466 quod
1188 1359 1276 1442 rato
1304 1362 1463 1444 evenire
1489 1361 1635 1449 debere

106 1527 110 1536 ,
200 1465 282 1580 ipsa
303 1470 403 1550 ratio
425 1465 586 1552 indicat.

259 1578 485 1663 Curationis
497 1583 593 1664 vero
607 1579 736 1665 forma
751 1575 1026 1694 simplicissima
1037 1579 1105 1686 est,
1123 1587 1164 1664 dt
1182 1579 1264 1696 ipsi
1276 1583 1516 1700 experientis
1529 1588 1633 1674 duce
1688 1669 1695 1678 ,

201 1689 475 1805 comprobata.
515 1691 659 1777 Paulus
692 1694 855 1804 quidem
888 1723 982 1777 cum
1012 1690 1217 1806 emplastro
1249 1694 1272 1778 ὲ
1308 1696 1441 1784 baccis
1474 1697 1636 1786 laurinis

197 1830 321 1913 atque
351 1803 435 1888 aliis
467 1808 691 1890 aromaticis
721 1805 929 1892 contendit
960 1805 1052 1890 tolli
1077 1805 1283 1914 vermem,
1314 1817 1355 1892 ὅ(
1382 1812 1421 1892 in
1448 1812 1534 1924 ipso
1561 1813 1634 1898 suo

201 1915 342 2000 nidulo
358 1921 546 2020 enecari·;
572 1947 610 2002 at
624 1921 760 2004 A'e'tius
810 1922 866 2001 0st
885 1919 1132 2027 Leonidam,
1155 1944 1200 2004 ut
1216 1921 1395 2028 videtur,
1416 1927 1550 2008 testem
1569 1953 1636 2011 au-

199 2051 369 2142 topten,
389 2031 624 2116 methodum
638 1950 865 2116 adhucrihm
878 2030 1000 2116 hodie
1015 2055 1215 2145 receptam
1231 2031 1454 2145 descripsrt3
1469 2043 1509 2119 dt
1526 2043 1635 2123 certe

200 2143 313 2226 nulla
331 2169 413 2227 erat
426 2172 512 2226 eam
526 2143 759 2228 immutandi
776 2144 1435 2256 ratic,ci1mtesteKempsaero(a),
1451 2148 1635 2262 industrie

200 2253 393 2362 dedudia,
418 2287 619 2368 nunquam
639 2254 813 2343 succellu
835 2255 1006 2340 excidat.

259 2367 496 2453 Maturanda
525 2369 685 2480 quidem
720 2369 850 2483 primo
878 2367 931 2484 est
944 2425 959 2472 ‚
991 2365 1082 2449 ante
1111 2369 1272 2477 omnia,
1302 2365 1461 2454 durities
1490 2379 1636 2462 vermis

201 2482 428 2596 praenuntia.
458 2479 505 2563 ld
527 2476 760 2593 emplastr0,
781 2477 912 2562 aliove
931 2479 1224 2564 medicamento
1245 2479 1467 2566 emollienti
1485 2492 1636 2602 peragi·

201 2619 293 2694 tur;
307 2592 583 2707 suppuratione
593 2595 699 2677 enim
710 2591 952 2706 protruditur
964 2590 1241 2700 dracunculus,
1259 2601 1300 2676 δι
1316 2623 1402 2708 pars
1414 2592 1494 2701 ejus
1508 2605 1635 2690 textui

202 2703 386 2791 cellulari
400 2704 619 2812 adherens,
640 2711 680 2788 ὃ(
702 2735 794 2790 cum
814 2733 865 2789 eo
884 2705 988 2814 quast
1008 2702 1170 2789 confusa
1185 2703 1359 2790 solvitur.
1374 2705 1636 2822 Deprehenso

200 2817 328 2907 semel
341 2845 501 2926 verme,
524 2816 605 2926 ejus
618 2844 753 2902 extans
766 2820 898 2932 portio
913 2846 996 2927 qua
1014 2815 1147 2903 lenem
1168 2820 1438 2902 attradiionem
1461 2820 1636 2931 sequitur

202 2928 314 3018 circi
328 2929 491 3044 ligulam
505 2930 705 3044 polliceris
723 2929 980 3045 longitudinis
995 2933 1320 3038 circumrotatur,
1342 2934 1636 3045 &epithemate

139 3111 144 3116 -
203 3047 419 3151 retinetur,
436 3071 487 3128 ne
502 3047 543 3127 in
556 3041 668 3129 ulcus
683 3045 843 3130 recedat
862 3045 1017 3128 vermis.
1042 3044 1090 3126 In
1107 3043 1190 3127 dies
1213 3040 1372 3157 gemini
1395 3042 1636 3160 deligatione

201 3158 230 3244 ὲ
276 3183 345 3241 ure
366 3156 437 3242 suo
462 3155 671 3266 liberatur,
691 3154 826 3242 iterati
845 3155 997 3270 semper
1021 3159 1251 3241 attrasiione
1276 3153 1476 3268 &aliquo
1500 3161 1636 3249 totalis

202 3188 427 3356 etihfflonis
442 3275 667 3355 tentamine.
682 3268 915 3355 Cavendum
927 3271 978 3353 est
991 3296 1042 3353 ne
1055 3273 1124 3352 fiat
1135 3271 1312 3352 attractio
1326 3269 1453 3378 fortis,
1464 3300 1530 3357 aut
1540 3273 1638 3360 subi·

202 3406 335 3470 tanea.
354 3381 430 3466 Illa
445 3385 568 3468 inanis
581 3387 654 3491 est,
669 3393 709 3467 dt
724 3382 909 3467 dolorem
922 3385 1089 3488 excitat,
1100 3381 1218 3574 lpuhel
1233 3385 1377 3468 vermis
1399 3389 1498 3496 parti
1517 3385 1637 3472 alicui

204 3493 523 3582 circumvolutus
531 3493 624 3602 ,vel
637 3495 899 3690 applutinatus
912 3492 1044 3576 frustra
1055 3493 1098 3575 so
1132 3498 1308 3600 icitatut,
1323 3496 1544 3626 priusquam
1557 3530 1638 3583 ma·

203 3607 378 3694 rorando
405 3605 635 3692 abscesserit.
714 3638 768 3691 aec
793 3608 890 3692 veri>
918 3601 1136 3721 periculosa
1161 3607 1240 3711 est,
1270 3635 1361 3717 quta
1385 3611 1528 3691 vermis
1553 3611 1637 3724 ple·

107 3717 109 3720 ’
205 3717 379 3828 rumque
406 3719 694 3823 introrecedit,
722 3725 807 3802 tirm
833 3747 938 3802 nova
964 3716 1123 3825 diraque
1151 3715 1410 3830 symptomata
1435 3724 1637 3832 concitat,

206 3833 345 3918 donec
375 3828 518 3916 oborta
548 3830 602 3914 lar
631 3834 707 3915 iori
727 3831 1003 3946 suppuratione
1015 3890 1030 3935 ,
1054 3827 1120 3913 vel
1140 3828 1284 3915 eodem
1309 3828 1409 3936 illo,
1435 3831 1502 3916 vel
1525 3863 1638 3921 novo

200 3944 349 4031 ulcere
364 3941 535 4052 reliquiar
551 3862 644 4026 maii
660 3969 876 4058 erumpant.
900 3942 962 4026 Ex
983 3942 1118 4026 scroto
1140 3969 1273 4027 tamen
1294 3939 1492 4054 subitanei
1511 3946 1636 4032 educ-

205 4063 326 4143 tione
349 4083 526 4140 vermem
540 4059 675 4140 vivum
702 4055 889 4142 eduxerat
914 4055 1172 4169 Kempsaerus.
1206 4055 1250 4137 si
1276 4058 1483 4168 contingat
1509 4058 1640 4169 aliqud

203 4167 272 4255 sul
290 4194 398 4281 parte
417 4171 575 4252 retineri
595 4166 693 4252 intri
712 4198 857 4284 corpus
880 4165 1186 4272 dracunculum,
1208 4164 1444 4276 doloresque
1463 4171 1640 4258 tensione

204 4307 374 4398 parete,
398 4287 438 4363 dc
463 4276 595 4363 frustrl
618 4281 667 4364 ad
690 4285 840 4367 exitum
866 4283 988 4385 cieri,
1014 4278 1122 4389 quod
1148 4278 1358 4361 tendinosae
1383 4283 1483 4394 parti
1508 4283 1640 4397 impli-

208 4417 330 4480 cetur
356 4399 398 4475 δε
420 4392 636 4500 adhaereat,
659 4421 755 4476 tunc
777 4388 1104 4506 experientis-sud
1131 4390 1252 4474 fretus
1277 4391 1521 4504 Kempsaerus
1548 4425 1642 4507 pro*

208 4507 370 4590 nuntiat
390 4504 503 4588 satiirs
521 4505 597 4588 esse
619 4505 740 4589 finem
760 4505 982 4608 dimittere,
1004 4528 1049 4585 ut
1067 4502 1354 4609 introrecedat,
1376 4509 1418 4586 ὃ(
1434 4533 1485 4589 ne
1515 4512 1642 4594 otium

206 4616 386 4704 liberum
408 4643 549 4699 natura
568 4621 842 4724 committere,
867 4617 1011 4697 minori
1029 4619 1136 4700 enim
1157 4613 1427 4730 cumdolore,
1447 4537 1513 4705 vei
1531 4651 1643 4712 novo
1724 4631 1729 4638 '

208 4725 353 4814 ulcere
377 4730 619 4838 extrahetur,
642 4728 708 4818 vel
732 4727 826 4814 tabo
853 4727 1017 4814 diffluet.
1508 4747 1513 4755 '

261 4879 323 4963 (a)
345 4886 375 4968 ξ.
396 4890 424 4943 6.
