4188 5916
488 400 572 496 296
939 384 1049 475 DE
1114 383 1481 477 MORBIS

483 616 489 626 -
545 551 772 660 Distinsiibs
787 551 915 638 Com.
932 547 1074 636 Celsus
1093 549 1145 636 de
1159 549 1387 667 herpetibus
1408 547 1480 638 sub
1497 543 1665 636 nomine
1679 546 1830 666 papulae
1845 543 1922 633 dis·

487 657 608 754 serim
620 731 634 776 ,
656 695 821 780 quarum
840 665 935 749 duas
959 661 1187 750 recensebat
1206 664 1386 779 species,
1411 661 1631 778 simplicem
1654 692 1799 770 unam,
1824 661 1921 746 alre-

488 808 573 865 ram
598 777 771 885 a’ysr'ar‚
801 775 869 862 seu
896 776 1062 861 serinam
1083 808 1096 876 ;
1117 775 1212 861 alias
1236 779 1409 892 herpetis
1435 774 1460 860 s
1503 777 1586 860 cies
1607 771 1677 860 sub
1700 779 1709 796 '
1741 781 1802 861 nis
1823 774 1922 860 sacri

485 897 654 979 nomine
676 891 698 975 b
721 889 917 1008 prioribus
937 889 1115 974 dividens
1143 897 1185 973 dr
1213 888 1404 1004 separans.
1432 803 1550 974 [iride
1574 890 1693 972 etiam
1751 885 1921 974 emeliua

486 1009 617 1091 noster
650 1013 714 1110 (a)
741 1007 946 1118 herpetum
974 999 1044 1086 sub
1080 997 1309 1117 papularum
1343 1003 1506 1084 nomine
1536 1004 1782 1086 mentionem
1810 1002 1919 1086 fecit.

485 1117 661 1204 Aliunde
676 1143 825 1201 nomen
845 1121 868 1199 a
886 1113 1009 1200 Celso
1031 1117 1226 1224 retinens,
1244 1111 1393 1204 Galeni
1413 1114 1643 1200 divisionem
1660 1113 1712 1200 de
1730 1113 1809 1228 qud
1823 1143 1921 1200 mox

484 1229 697 1342 loquemur
715 1228 879 1314 admisrt.

542 1343 731 1428 Smnmus
752 1343 849 1428 verb
871 1339 941 1428 ilie
962 1343 1023 1427 vir
1042 1345 1110 1454 qui
1135 1339 1244 1456 leges
1267 1345 1309 1427 in
1330 1369 1412 1428 arte
1433 1342 1559 1427 nostri
1579 1327 1785 1428 communi
1802 1341 1920 1424 eriam

438 1489 446 1506 .
484 1485 593 1540 nunc
612 1461 790 1540 omnium
810 1454 996 1568 suffragio
1019 1451 1183 1542 sancitas
1207 1460 1433 1561 constituit,
1461 1459 1547 1571 post
1569 1453 1682 1570 suprb
1705 1455 1920 1570 expositam

484 1573 694 1685 herperum
725 1569 998 1654 definitionem
1029 1571 1101 1652 tria
1133 1596 1269 1652 earum
1298 1570 1471 1654 distincta
1499 1597 1643 1683 genera
1667 1567 1799 1654 voluit
1829 1565 1852 1649 b
1882 1563 1920 1648 sc

485 1683 658 1768 invicem
676 1679 823 1795 sejungi
839 1681 890 1786 (b)
905 1708 1023 1793 atque
1038 1681 1293 1766 discriminari
1301 1745 1315 1789 ,
1331 1713 1415 1793 qua
1430 1684 1548 1765 eriam
1564 1709 1708 1795 genera
1720 1683 1858 1766 Adtius
1873 1684 1919 1780 (c)

486 1798 694 1906 ceterique
706 1793 896 1878 iGaleoo
909 1799 1086 1880 austures
1099 1793 1311 1901 admisere,
1327 1797 1505 1907 quamvis
1519 1793 1660 1878 Paulus
1668 1795 1858 1907 AEgineta
1869 1791 1918 1896 (d)

486 1907 751 2009 duastanrbm
771 1910 976 2021 herpetum
1000 1907 1150 2022 species
1174 1908 1386 1994 recenseat.
1409 1906 1507 1991 Tria
1525 1911 1608 1991 haec
1634 1935 1778 2022 genera
1801 1905 1823 1990 a
1843 1905 1920 1988 Ga·

485 2017 581 2104 leno
596 2047 797 2105 numerata
812 2020 929 2120 sunt3
953 2018 1006 2105 1⁰.
1023 2023 1094 2104 her
1122 2021 1338 2106 esmiliaris
1356 2053 1462 2121 spart
1481 2053 1608 2137 rrfxu
1620 2061 1655 2100 a·
1675 2052 1687 2122 ;
1706 2019 1765 2104 2⁰.
1782 2021 1919 2133 herpes

485 2131 669 2240 erodens,
689 2128 878 2230 seusprrre
890 2126 1069 2228 tesaurus
1088 2051 1255 2248 sbrpigo.
1269 2130 1419 2218 Priori
1433 2131 1918 2218 formsunaturshumo

485 2248 538 2328 ris
557 2248 736 2331 exeuntis
760 2245 997 2332 differentias
1019 2248 1173 2362 asipmir
1185 2307 1199 2351 ,
1221 2245 1318 2330 alter
1336 2245 1360 2328 a
1380 2245 1623 2360 malignitate
1647 2255 1688 2330 dr
1716 2245 1918 2361 rapiditate

486 2355 1337 2475 decursbs.Tertiusdemitmiprosunditate
1350 2359 1540 2444 erosronis
1554 2357 1918 2450 ulcerosaeusuait·

484 2477 613 2558 trusus
627 2470 927 2586 phlydioenodes
943 2472 1088 2556 dicitur
1106 2470 1346 2582 aliquandi),
1367 2474 1450 2556 imb
1465 2470 1605 2558 melida
1613 2470 1916 2587 phogoedenr'cus.

542 2583 714 2691 Verum,
740 2587 808 2670 etsr
831 2612 970 2669 omnes
990 2585 1122 2669 Greci
1143 2585 1302 2671 Galcno
1332 2585 1581 2692 assenserint,
1610 2585 1792 2671 videntur
1818 2587 1918 2670 inter

448 2781 452 2794 ,
481 2693 636 2782 'Arabes
654 2698 796 2782 Rhasrs
812 2705 853 2781 bt
872 2698 1078 2782 Avicenna
1093 2704 1158 2804 (e)
1179 2729 1272 2782 cum
1289 2696 1414 2783 Paulo
1437 2697 1519 2782 duo
1541 2704 1692 2782 tantbm
1711 2700 1918 2812 herperum

483 2835 630 2924 genera
650 2807 904 2915 recensuisse,
927 2811 1020 2894 dum
1042 2815 1222 2924 herpetes
1246 2810 1317 2896 sub
1338 2815 1501 2896 nomine
1522 2810 1544 2894 ὲ
1563 2813 1711 2895 Grecis
1732 2807 1831 2894 maid
1852 2810 1918 2894 de-

483 2945 595 3006 torto
609 2918 823 3029 nituntur,
839 2923 1014 3007 sormicae
1028 2922 1375 3031 scilicetnomioe,
1390 2921 1640 3023 describunt3
1662 2922 1777 3006 aliam
1793 2921 1919 3006 milia-

483 3060 569 3117 rem
595 3035 870 3141 admittentes,
897 3033 1012 3118 aliam
1035 3038 1305 3132 corrosrvamr
1331 3068 1415 3147 quae
1435 3037 1573 3120 divisro
1594 3035 1796 3120 retinenda
1816 3036 1920 3121 soret

483 3143 552 3260 (s)
568 3149 636 3231 nist
652 3145 875 3232 bdivisione
884 3147 1077 3250 Galatici
1088 3179 1200 3234 novar
1216 3153 1408 3236 orirentur
1421 3150 1534 3260 ideo,
1548 3149 1727 3263 adeoque
1741 3149 1918 3282 separata

483 3259 534 3344 ad
552 3261 770 3346 curandum
791 3261 1064 3348 indicationes.

540 3371 697 3488 Herpes
719 3377 838 3486 igitur
861 3372 1022 3459 miliaria
1044 3375 1259 3464 secundum
1282 3376 1482 3462 Galenum
1502 3405 1583 3460 non
1604 3377 1784 3492 protinbs
1806 3371 1918 3461 ulcus

482 3487 560 3591 est,
591 3484 658 3571 sed
682 3483 880 3571 ulceratur
908 3485 1043 3594 brevi,
1071 3491 1231 3602 exiguas
1259 3492 1441 3575 emittens
1458 3489 1635 3607 pustulas
1664 3488 1713 3572 ad
1744 3487 1918 3602 speciem

453 3629 455 3637 ’
481 3597 610 3706 milii,
628 3629 711 3710 quae
727 3601 955 3715 interposito
970 3601 1094 3716 spatio
1109 3605 1289 3686 ichorem
1306 3604 1485 3700 fundunt.
1507 3602 1647 3708 Undb,
1668 3599 1767 3685 licet
1781 3629 1918 3686 omues

482 3715 665 3828 herpetes
680 3708 702 3796 ὲ
716 3709 795 3798 bile
809 3741 979 3828 repetat,
998 3712 1192 3824 aliquibus
1206 3717 1353 3821 visum,
1376 3719 1522 3828 inq'uit,
1542 3719 1582 3798 in
1598 3718 1760 3828 herpete
1777 3715 1917 3800 miliari

482 3829 661 3944 pituitam
680 3821 751 3911 bili
769 3825 1031 3910 commisceri.
1054 3827 1093 3912 Is
1109 3825 1251 3914 lentibs
1268 3830 1325 3914 ser
1353 3833 1412 3936 it,
1436 3829 1519 3914 ferd
1537 3828 1687 3943 semper
1707 3829 1918 3912 rotundam

483 3941 667 4028 affedans
689 3941 882 4054 figuram,
908 3939 1054 4023 eximib
1074 3943 1217 4054 prurit,
1244 3951 1286 4026 bt
1313 3861 1553 4028 linationem
1569 3942 1708 4055 recipit
1724 3939 1917 4048 celerius,

485 4052 708 4164 aliquandi).
721 4055 827 4139 acuti
846 4050 976 4136 morbi
993 4079 1173 4168 tempora
1191 4053 1403 4141 aemulatus.

540 4167 698 4291 Herpes
720 4167 889 4258 eredens
905 4167 984 4252 srve
1005 4197 1057 4262 rm
1072 4195 1181 4266 turios
1200 4173 1265 4286 (g)
1284 4165 1457 4278 ejusdem
1475 4169 1630 4290 generis
1646 4169 1719 4278 est,
1742 4163 1817 4253 illo
1834 4193 1922 4254 auc·

524 4396 584 4470 (ι)
605 4391 664 4456 Lib.
682 4411 718 4464 7.
739 4390 774 4452 de
790 4409 893 4454 extero.
911 4391 1003 4456 afftfi.
1020 4416 1081 4478 cap.
1100 4417 1128 4472 4.
1206 4385 1218 4416 ⁸

525 4479 538 4546 (
548 4475 583 4544 b)
606 4474 667 4534 Lrb.
685 4473 720 4532 dt
739 4490 841 4532 tumor.
860 4493 954 4556 praetcr
970 4497 1107 4541 naturam·
1455 4497 1459 4512 ¹

522 4557 580 4626 (r)
603 4555 711 4614 Aetius.
736 4553 782 4613 sib.
803 4573 848 4628 ¹⁴·
1439 4515 1457 4619 s

521 4635 559 4710 (d
572 4654 576 4674 ¹
599 4633 676 4696 Patri.
697 4635 740 4706 sib.
763 4655 810 4708 14.

522 4721 580 4790 (t)
604 4711 644 4776 V.
662 4713 799 4776 Aricton.
818 4713 870 4776 sru-
892 4737 924 4797 3,
942 4721 1023 4784 trust.
1041 4741 1077 4795 r,
1093 4739 1153 4804 etp.
1169 4729 1201 4783 6.

526 4797 585 4876 (s)
605 4789 643 4854 V.
666 4793 809 4864 Manardi.
826 4797 872 4857 lib.
885 4819 920 4868 7.
937 4797 987 4878 Fp.
1007 4823 1036 4863 a·
