4188 5916
492 453 577 530 294
941 421 1048 514 DE
1115 417 1168 515 M
1198 425 1242 516 0
1271 429 1315 518 R
1342 417 1377 514 B
1404 419 1484 514 18

489 585 579 674 salis
590 587 730 674 marini
739 649 753 698 ,
770 587 865 676 ditm
877 585 956 676 sale
973 591 1163 680 saturamr
1179 623 1303 708 aqua,
1319 577 1751 682 secundam'douiffini
1767 594 1923 686 Medici

489 701 667 789 Britanni
682 702 823 790 Ruffel
835 705 974 815 effata,
990 709 1033 791 in
1044 705 1193 794 morbis
1207 707 1482 826 glandularum
1491 703 1816 824 lymphaticarum
1830 743 1923 800 cum
1962 745 1967 754 ·

488 815 631 928 quibus
653 813 786 903 morbi
806 817 922 907 laslei
941 849 1124 937 magnam
1143 819 1297 908 servant
1316 819 1570 955 analogiam
1587 822 1655 907 sed
1672 821 1768 912 beer
1784 853 1922 942 poten-

486 933 564 1016 tius
586 938 629 1016 δι
649 931 817 1019 celerius
835 933 952 1048 quim
972 934 1142 1046 quodvis
1161 934 1268 1021 aliud
1288 941 1550 1021 catharticum
1570 935 1696 1022 solvat
1713 965 1920 1049 ventrem,

487 1068 644 1153 tamen,
666 1051 759 1132 clun
786 1079 862 1166 pre
887 1048 1169 1136 medicamenti
1181 1049 1325 1164 'sapore
1346 1048 1549 1134 horrendo
1571 1048 1764 1148 indociles
1782 1083 1919 1140 omnes

380 1234 387 1250 ,
488 1184 649 1273 reperta
675 1161 777 1269 stnt,
810 1161 913 1247 cbm'
931 1161 1140 1280 prasertim
1174 1163 1415 1252 mussitarent
1443 1162 1699 1249 &adstantes
1727 1167 1921 1270 &medi-

487 1274 600 1356 castri
628 1273 842 1389 piaculum·
857 1276 934 1362 elle
963 1279 1006 1360 in
1034 1275 1222 1392 sanguine
1251 1305 1372 1390 quem
1398 1274 1452 1360 sal
1485 1276 1585 1361 adeo
1613 1281 1793 1386 vitiaret,
1820 1280 1920 1364 adei>

488 1411 673 1472 enormes
688 1386 775 1476 salis
789 1388 905 1475 doses
920 1387 1161 1500 obtrudere,
1182 1388 1429 1501 delirumque
1449 1389 1682 1496 crederent,
1704 1418 1771 1475 aut
1785 1391 1918 1478 saltem

487 1504 765 1614 experimentis
786 1507 933 1588 animas
953 1506 1142 1588 humanas
1168 1533 1219 1590 ne
1248 1508 1452 1589 ocientem
1482 1504 1725 1611 incusarent,
1747 1505 1839 1621 fi'l‘f
1859 1507 1918 1602 in:

333 1613 339 1620 ’
486 1609 659 1698 duetore
687 1615 873 1700 oddudus'
896 1616 1047 1700 credidi
1070 1621 1112 1700 in
1131 1619 1212 1700 stm'
1234 1617 1319 1702 ibus
1346 1617 1461 1702 malis
1484 1617 1701 1702 remedium
1726 1647 1808 1701 non
1833 1618 1917 1702 fore

487 1724 783 1840 aspernendum.
819 1729 967 1814 Audivi
999 1731 1141 1845 pariter
1179 1729 1328 1841 aliquas
1360 1729 1409 1814 ab
1438 1734 1613 1814 extraElo
1642 1733 1780 1814 cicutae
1815 1731 1917 1815 Sron

487 1841 606 1923 kiano
630 1839 756 1957 longo
776 1844 847 1929 usu
868 1845 1103 1929 continuato
1125 1842 1237 1931 fuiffe
1256 1845 1422 1930 omninb
1444 1845 1672 1959 persanatas.
1700 1843 1827 1928 Penes
1848 1873 1921 1930 au*

486 1975 589 2042 tores
597 1951 778 2072 sttfides.

690 2201 694 2218 '
838 2181 1396 2270 ARTICULUS
1465 2181 1569 2272 IV.=

1031 2393 1104 2479 De
1125 2393 1368 2509 Herpetibus.

543 2615 703 2702 Durum
738 2623 781 2703 dt
814 2616 980 2704 difficile
1011 2619 1188 2706 natlanti
1220 2615 1369 2702 malum
1401 2619 1582 2735 herpetes
1615 2615 1786 2703 offerunt
1796 2679 1811 2725 ,
1843 2647 1916 2705 nec

484 2727 639 2816 facilius
659 2732 711 2817 de
733 2734 789 2828 eis
812 2731 1033 2840 differenti,
1062 2740 1155 2818 cum
1174 2733 1224 2818 ad
1241 2733 1365 2818 varias
1391 2736 1597 2850 herperum
1619 2733 1764 2848 species
1781 2733 1916 2818 referri

485 2844 631 2960 poffint
651 2853 694 2931 dt
718 2841 852 2930 reveri
877 2843 998 2937 relata
1019 2847 1164 2932 fiterint
1185 2849 1319 2931 omnia
1345 2845 1429 2932 fere
1455 2844 1635 2931 ulcerum
1660 2871 1917 2930 cutaneorum

484 2957 1602 3157 ¹23'‘tilstlltillililslid²¹²ltnlf²l⁰l’
1625 2958 1916 3156 liiidie?

484 3182 610 3296 cripta
637 3211 678 3266 re
705 3185 892 3267 eriuntur.
923 3183 1091 3270 Limites
1113 3135 1271 3270 morbis'
1287 3134 1544 3273 conterminis
1569 3101 1755 3298 alitgnare
1776 3132 1916 3298 opero·

483 3293 570 3382 sum
594 3295 659 3380 est.
730 3298 822 3404 inc,
848 3294 919 3379 sub
935 3299 1157 3412 {herpetum
1184 3301 1347 3382 nomine
1374 3303 1525 3384 tantaun
1552 3324 1599 3381 ea
1626 3295 1915 3382 numerabimus

481 3405 676 3524 serpentia
703 3410 745 3492 in
774 3435 867 3494 cute
893 3408 1027 3494 ulcera
1052 3441 1137 3522 quae
1163 3409 1363 3524 peculiare
1399 3409 1467 3495 nbi
1505 3407 1667 3520 aliquod
1694 3408 1914 3526 symptoma

481 3549 568 3606 non
585 3521 789 3609 vindicant
800 3582 815 3628 ,
838 3551 921 3634 quo
941 3523 1219 3640 distinguantur
1239 3533 1280 3609 bt
1301 3524 1614 3610 discriminentur
1635 3521 1683 3606 ab
1704 3520 1803 3608 aliis.
1829 3523 1913 3609 Suo

481 3637 647 3727 nomine
669 3632 801 3751 postea
826 3634 1111 3751 designabimus
1135 3666 1181 3724 ea
1203 3666 1287 3749 quae
1312 3636 1482 3748 aliquam
1506 3635 1576 3720 srbi
1600 3638 1796 3752 propriam
1821 3665 1914 3721 nor·
2078 3659 2079 3662 ‘

343 3819 347 3828 .
481 3777 589 3862 mam
609 3749 835 3854 vindicant,
857 3748 923 3834 seu
943 3750 1083 3836 melius
1101 3753 1253 3867 signum
1272 3747 1470 3836 essentiale
1484 3779 1565 3862 quo
1585 3775 1784 3834 notentur.
1807 3750 1913 3833 Nam

479 3859 615 3954 morbi
643 3888 784 3946 omnes
815 3861 872 3944 isti
899 3861 1035 3950 affines
1066 3868 1167 3950 inter
1193 3866 1234 3950 se
1256 3873 1300 3952 ot
1327 3892 1377 3950 ex
1390 3862 1535 3950 eidem
1554 3861 1711 3947 oriundi
1738 3861 1914 3980 prosapil

478 3975 568 4102 pibo
591 3975 715 4094 gradu
740 3982 782 4060 δι
804 3977 967 4060 nomine
985 3975 1191 4086 differunt,
1213 3973 1331 4090 quim
1350 3975 1499 4062 naturi.

530 4089 732 4206 Herpetes
743 4087 927 4174 dicuntur
941 4085 965 4173 i
980 4088 1139 4174 Galeno
1156 4119 1203 4176 ea
1216 4095 1319 4176 cutis
1332 4087 1466 4200 ulcera
1481 4119 1565 4200 quae
1580 4089 1748 4174 summas
1764 4091 1912 4172 mntbm

506 4227 608 4290 atter
625 4207 727 4289 cutis
747 4201 922 4290 exedunt
935 4207 1011 4308 (a).
1033 4201 1146 4289 Idem
1167 4229 1301 4290 tamen
1325 4231 1398 4316 pro
1421 4231 1572 4288 vocum
1592 4201 1746 4286 illarum
1773 4200 1913 4286 consu·

476 4233 588 4408 stone
614 4315 708 4402 alibi
729 4316 827 4401 dicit
849 4318 981 4431 herpes
1002 4345 1078 4402 non
1091 4315 1242 4432 semper
1261 4315 1369 4401 relcus
1389 4313 1544 4427 est(b),
1565 4315 1633 4400 sed
1647 4317 1804 4426 quoties
1820 4341 1914 4398 cum

476 4430 727 4520 ulceratione
755 4429 907 4516 incedit
936 4427 1123 4547 serpentis
1151 4428 1275 4518 bestia
1303 4431 1402 4537 ritu,
1431 4433 1563 4515 vicina
1584 4425 1849 4544 depopulatur
1872 4432 1913 4510 dt

475 4545 727 4661 depascitur,
753 4537 859 4644 ιδμιι.
890 4543 981 4630 Nos
1008 4569 1162 4653 tamen,
1184 4571 1230 4630 ut
1253 4541 1382 4655 aliqua
1401 4541 1472 4626 lux
1489 4541 1710 4658 effundatur
1738 4537 1913 4624 obscura

476 4663 666 4768 materie,
690 4663 792 4746 inter
815 4659 999 4774 herpetes
1021 4685 1068 4743 ea
1092 4663 1245 4750 tantum
1264 4653 1368 4747 mala
1385 4653 1674 4752 recensebitur
1696 4681 1785 4772 quae
1804 4649 1912 4740 ulce-

514 4857 581 4938 (ι)
601 4851 718 4919 Comm.
738 4872 770 4926 1,
788 4853 815 4914 in
834 4851 898 4936 aph.
916 4869 972 4932 55,
993 4849 1058 4916 seer.
1077 4859 1103 4918 6.

512 4937 572 5026 μ)
589 4935 682 5010 meru.
698 4933 779 5000 bled·
794 4933 842 4996 lib.
861 4955 893 5018 4.
