4228 5898
548 439 1269 561 rNTRODUCTIQ
1540 483 1628 577 rm

186 613 383 727 liirsures,
417 613 446 706 li
472 618 649 710 lichenes
679 624 889 742 augescant
920 597 1186 738 aliquatenbs,
1218 621 1327 712 ausis
1356 619 1510 712 scilicet
1538 629 1620 714 sari-

185 736 318 847 guinis
335 736 401 841 vi,
432 739 547 820 autto
573 741 626 820 im
656 763 736 821 eru.
764 738 823 822 Ea
848 739 875 820 si
898 737 1051 824 dederis
1073 739 1160 824 seria
1184 737 1461 852 egrotantibus
1480 744 1619 850 equis,

185 845 303 946 mans
318 850 506 942 mirantur
520 852 611 1045 equi
630 876 727 934 ones
742 847 791 934 ab
813 846 974 932 illorum
997 869 1168 966 corpore
1189 850 1364 935 sordium
1387 852 1619 939 immensam

186 961 269 1042 vim
291 987 362 1072 per
387 988 508 1075 poros
526 989 550 1045 e
568 964 732 1046 'minari
760 962 874 1047 Idem
892 965 972 1046 cllo
998 960 1187 1067 judicium
1203 963 1253 1047 de
1272 966 1386 1048 variis
1412 968 1631 1074 antinionii¹

186 1075 404 1184 preparatis
417 1103 501 1183 quae
513 1071 784 1180 isiudhabenq
798 1074 1360 1185 qubddbmatrenuant,sirite
1374 1076 1620 1193 fiterintprae-

188 1195 344 1296 parata,
366 1185 480 1269 simul
497 1215 569 1301 pro
591 1215 635 1271 re
653 1185 743 1270 nati
761 1195 804 1272 st
826 1212 968 1270 natura
989 1187 1315 1274 determinatione
1334 1217 1439 1272 nunc
1458 1188 1620 1276 eliciant

187 1299 351 1404 urinas,
369 1328 475 1382 nunc
504 1299 824 1414 perspirationem
853 1326 1144 1413 promoveant,
1178 1329 1285 1383 nunc
1316 1303 1436 1384 etiam
1463 1299 1618 1388 solvant

186 1405 334 1496 alvum.
368 1407 593 1518 Objicietur
613 1414 710 1495 verb
736 1416 873 1526 parlim
898 1410 1102 1496 fidendum
1126 1412 1204 1498 elle
1227 1410 1304 1496 illis
1327 1418 1540 1527 praepararis
1567 1443 1619 1502 ex

185 1519 295 1606 mersi
323 1522 437 1606 calce
466 1522 729 1608 constantibus
759 1553 842 1634 qua
864 1527 933 1607 vix
959 1524 1137 1639 superare
1163 1551 1312 1636 queunt
1331 1525 1514 1608 vasorum
1539 1523 1620 1612 trass

91 1723 94 1729 ,
187 1636 317 1718 mites.
351 1635 533 1720 Motleste
555 1661 710 1741 tamen,
740 1663 816 1720 nec
839 1635 1091 1722 asseveranter
1114 1641 1174 1721 his
1204 1636 1440 1752 respondere
1463 1631 1620 1726 licuerit

186 1749 354 1830 nimiiim
372 1747 633 1861 sapientibus,
658 1748 812 1860 quodsi
837 1746 925 1833 calx
945 1746 1013 1833 illa
1035 1750 1142 1834 mers
1163 1748 1375 1833 absorberis
1392 1748 1479 1834 solo
1497 1751 1519 1834 ὲ
1536 1781 1619 1836 car·-

185 1855 387 1968 bonibus,
415 1887 482 1944 aut
507 1859 756 1973 quicumque
781 1859 857 1958 alis
879 1861 1038 1946 materia
1062 1865 1187 1978 petito
1215 1859 1411 1976 phlogisto
1434 1865 1550 1976 possit
1568 1863 1619 1950 ad

185 1970 211 2054 s
229 1973 417 2054 ecificum
438 1973 463 2054 s
479 1969 689 2060 lendorem
713 1972 958 2058 metallicum·
982 1979 1188 2080 revocari,
1215 1975 1334 2058 inesse
1361 2001 1459 2086 ergo
1482 1975 1621 2064 debuit

185 2001 337 2194 ¹aliquid
364 2005 480 2194 quod
504 2086 554 2170 ad
578 2083 771 2200 simplices
804 2084 934 2170 calces
959 2118 1041 2171 nori
1070 2091 1271 2201 pertineat.
1307 2087 1487 2171 Sentiant
1511 2094 1620 2174 circa

185 2195 285 2280 illud
310 2196 500 2308 Chymici
518 2196 793 2299 ut·lubuerit;
820 2223 859 2281 at
879 2199 1048 2284 Medico
1074 2198 1295 2284 observanti
1323 2202 1525 2312 incognita
1550 2199 1619 2311 illa

185 2308 384 2394 minetalis
417 2335 572 2394 atomus
598 2314 746 2427 poterit
769 2310 895 2396 videri
919 2337 964 2394 ut
989 2312 1080 2396 fons
1105 2319 1148 2397 ὃ(
1171 2314 1288 2423 origo
1316 2314 1548 2395 eximiarum
1575 2317 1619 2410 iri

186 2421 379 2506 mutando
409 2451 580 2538 corpore
607 2427 853 2539 potestatum.
890 2421 1063 2508 Aliunde
1088 2425 1185 2508 verb
1216 2422 1295 2536 ipsa
1319 2421 1407 2505 calx
1429 2422 1618 2542 simplex,

185 2535 267 2647 ipsa
289 2564 391 2646 aqua
420 2535 540 2620 calcis
559 2535 608 2618 ad
632 2561 771 2650 potum
796 2563 842 2651 pr
901 2563 1027 2644 arata,
1047 2537 1114 2621 vix
1139 2539 1238 2619 intra
1259 2535 1524 2632 ventriculum
1548 2537 1620 2632 adr

188 2645 295 2735 milla
324 2645 536 2756 aliquando
560 2646 658 2732 tales
683 2648 793 2734 elicit
818 2677 841 2733 e
872 2651 1018 2754 estus,
1039 2645 1172 2757 quales
1199 2673 1247 2730 ex
1270 2644 1427 2755 praeviss
1451 2649 1620 2760 ipsarum

187 2757 322 2844 naturs
352 2753 472 2862 nemo
502 2759 572 2844 nbi
597 2761 725 2875 pollet
753 2761 974 2874 spondere;
998 2789 1090 2844 nam
1114 2787 1197 2841 non
1224 2786 1352 2840 rarum
1380 2760 1434 2842 est
1459 2758 1620 2842 admista

186 2873 287 2956 intra
304 2871 571 2958 ventriculum
592 2870 759 2958 calcaris
775 2871 977 2957 substantii
992 2871 1106 2955 illico
1121 2871 1170 2955 ad
1184 2895 1318 2955 cutem
1333 2872 1621 2986 pruriginosam

185 3013 378 3097 exurgere
400 3013 468 3070 eru
498 2989 650 3070 tionem
672 2988 755 3069 citb
776 2983 1072 3084 dissolvendam.

245 3094 396 3181 Eadem
414 3125 437 3182 e
483 3101 593 3182 cacia
605 3101 647 3181 in
660 3101 881 3211 viperarum
896 3117 1012 3180 carne
1029 3093 1076 3180 ab
1093 3095 1177 3182 aliis
1192 3094 1457 3213 deprehensa,
1478 3121 1620 3290 nepita

187 3207 318 3294 forsan
349 3213 465 3300 nimis
495 3213 705 3295 temerario
734 3208 782 3294 ab
814 3208 927 3318 aliis,
955 3237 1038 3293 non
1067 3207 1115 3292 ab
1146 3209 1312 3295 evoluto
1342 3209 1420 3293 sale
1447 3207 1532 3292 alca
1550 3213 1621 3290 irio

188 3320 366 3428 volatili,
388 3320 665 3433 quod’nullum
686 3325 765 3428 est,
783 3323 952 3436 pendet,
973 3322 1041 3405 sed
1055 3317 1078 3405 d
1091 3322 1307 3407 tenuissimi
1320 3325 1488 3438 partium
1508 3349 1621 3405 corn-

188 3463 286 3550 page
322 3437 365 3517 in
397 3433 564 3538 animale
593 3435 820 3522 fetidissimo
855 3432 1065 3519 moleculis
1103 3459 1262 3546 quoque
1294 3462 1363 3546 per
1378 3434 1433 3517 -se
1468 3433 1619 3534 donato

188 3549 402 3632 acerrimis.
430 3547 580 3632 Forsan
600 3549 678 3631 hbc
707 3555 751 3632 ὃ(
775 3547 999 3632 revocanda
1020 3543 1276 3659 millepedum
1286 3606 1301 3650 ,
1326 3543 1619 3650 cantharidum,

188 3658 437 3771 aliommque
451 3659 687 3745 infestorum
701 3661 907 3774 predicata
918 3662 978 3744 vis
990 3683 1213 3764 attenuaris,
1233 3660 1327 3768 quin
1344 3664 1385 3741 ὅ(
1401 3655 1621 3770 plantarum

190 3770 346 3856 illarum
364 3771 757 3876 antiscorburicarum
775 3776 950 3887 aperiens
965 3772 1143 3856 efficacia
1163 3795 1472 3878 ceterorumque
1495 3769 1621 3852 medi-

191 3911 467 3974 camentorum
500 3914 583 3998 quae
620 3882 773 3998 vulgari
808 3887 971 3969 nomine
1010 3909 1204 3968 vocantur
1236 3883 1481 3997 purificantia
1516 3880 1623 3994 lym-

212 4001 319 4082 ham.

189 4029 212 4114 P
243 4116 303 4195 At
323 4114 367 4194 in
383 4110 446 4196 his
469 4109 651 4195 omnibus
674 4109 724 4195 ad
744 4110 855 4194 usum
876 4108 1107 4196 revocandis
1132 4102 1456 4193 medicaminibus
1476 4107 1621 4190 mirum

193 4227 242 4310 est
256 4219 403 4334 quantit
417 4251 515 4337 opus
530 4226 576 4307 sit
589 4221 741 4308 cautelis
748 4285 762 4330 ,
780 4251 831 4310 ne
845 4225 1072 4323 erethismus
1086 4217 1348 4332 ingravescat,
1365 4243 1413 4299 ne
1426 4245 1622 4332 perverta-

192 4363 252 4420 tur
271 4335 375 4420 ordo
393 4343 533 4418 naturae
548 4397 565 4430 ,
586 4331 744 4446 ejusque
763 4339 804 4419 in
822 4336 988 4421 meliora
1004 4330 1223 4432 laborantis
1235 4329 1394 4414 effestus
1414 4331 1463 4415 ad
1484 4329 1621 4440 pejora

192 4448 509 4557 detorqueantur.
538 4447 656 4530 Ordo
678 4473 810 4530 autem
834 4451 924 4534 artis
943 4449 996 4530 est
1017 4471 1161 4528 utnon
1181 4444 1252 4526 nisi
1276 4439 1381 4526 belle
1402 4473 1476 4556 prae
1506 4446 1619 4527 aratis

193 4558 446 4674 corporibus,
457 4555 612 4671 jamque
621 4560 670 4644 ad
680 4561 864 4644 tensionis
877 4558 1191 4643 mediocritatem
1202 4555 1380 4661 redaslis,
1389 4471 1620 4640 exhibeatur

192 4699 394 4756 attenuans
406 4672 629 4756 methodus.
642 4673 747 4756 Etut
758 4674 800 4755 in
810 4665 1546 4775 reticere,iitenuioribusetminis
1556 4699 1621 4753 ac·

191 4785 310 4876 tuosis
322 4783 549 4898 incoeperis,
558 4779 1477 4899 ipsatibiindicationessufficietexHippocratis
1487 4808 1619 4864 mente

190 4895 498 5017 symptomatum
513 4893 679 5010 levatio,
703 4901 997 5013 firmioremque
1010 4897 1159 5002 efficiet
1170 4894 1219 4980 ad
1232 4893 1397 5088 sortimp
1409 4893 1619 5006 capescen-
