4250 5898
500 459 595 572 ‘aar
950 427 1060 517 un
1124 362 1488 518 nonnis
1623 499 1627 502 .

543 601 684 720 ''Cutis
703 597 811 687 eninr
827 592 977 714 pilosa,
1024 593 1190 713 racipue
1203 596 1301 681 verb
1314 593 1522 710 capillata,
1542 596 1586 678 δι
1599 585 1708 708 poris
1721 589 1951 708 ingentibus

510 721 595 804 hiat
607 780 622 824 ,
652 725 694 800 δι
720 705 912 798 folliculis
935 625 1022 792 ferg
1042 709 1195 825 semper
1215 711 1385 825 apertis,
1418 734 1537 819 arque
1559 701 1582 790 l
1603 734 1694 791 rore
1718 707 1952 822 perspiraro-

512 837 574 915 rio
610 856 741 912 moras
774 828 839 907 hic
874 825 1093 936 reperiente
1122 824 1315 939 perpetub
1348 817 1616 907 humentibus.
1661 818 1951 925 Umbracplum

510 947 621 1029 enim
643 936 818 1054 praebent
843 932 1006 1050 capilli,
1033 964 1116 1045 quo
1145 939 1192 1019 fit
1219 959 1265 1019 ut
1294 962 1422 1051 partes
1451 937 1583 1017 minias
1610 935 1946 1048 constringantur:

511 1056 695 1163 adeoque
712 1053 778 1133 hic
799 1047 992 1132 &sordes
1012 1045 1311 1134 accumulantur
1328 1047 1530 1132 craffiores
1540 1109 1555 1153 ,
1578 1043 1762 1152 lemosae,
1788 1045 1951 1132 mucila

541 1171 660 1270 inea,
683 1159 832 1247 alendis
853 1159 1086 1246 animalibus
1105 1160 1278 1246 maxime
1299 1188 1545 1276 opportuna.
1572 1158 1701 1245 Porrb
1721 1161 1862 1245 sordes
1880 1159 1952 1244 illa

511 1199 706 1366 facillime·
720 1273 971 1382 rancelcunt,
990 1302 1109 1386 atque
1121 1301 1442 1389 corrumpuntur·
1461 1269 1578 1357 Unda
1592 1275 1763 1388 impexis
1775 1279 1819 1356 bt
1833 1271 1956 1390 negli-

512 1388 811 1588 gendpirqpaqdor
824 1386 1092 1584 intoleraqdus
1100 1450 1115 1495 ,
1131 1391 1323 1503 pruritus,
1336 1388 1440 1585 faui(i
1453 1388 1644 1582 achqges,
1657 1385 1815 1584 calh'aqque
1828 1413 1953 1583 torpo-

506 1532 713 1732 ragrpndum
738 1528 843 1722 blidtn:
856 1529 989 1727 addbd
1006 1529 1371 1701 agmuqrigtprpagpsgp
1383 1529 1803 1700 'aflfbdbbnldsdlalledb8
1815 1525 1952 1730 tptdtidd

511 1727 634 1843 quim
655 1727 706 1813 ad
727 1727 961 1843 singularem
984 1730 1167 1817 ordinem
1216 1729 1440 1814 ertinerent.

510 1835 513 1844 ⁴
568 1843 662 1926 Nec
682 1845 810 1926 minius
830 1845 928 1928 verb
949 1845 1096 1957 stagnat
1117 1845 1219 1928 intra
1241 1867 1418 1958 patentes
1439 1837 1648 1926 folliculos
1664 1839 1819 1923 humor
1833 1835 1949 1926 lubri-

511 1954 649 2038 candis
670 1953 844 2068 partibus
863 1952 1025 2061 habilis,
1050 1963 1092 2040 bt
1113 1960 1157 2040 in
1174 1953 1342 2070 capillos
1365 1952 1579 2066 aliquandb
1601 1951 1826 2150 rquamsus,
1848 1952 1950 2038 unde

505 2063 674 2150 luceant
692 2065 773 2172 illi,
795 2091 914 2177 atque
933 2071 1099 2183 pingues
1112 2071 1370 2180 unduosrque
1386 2070 1606 2154 videantur.
1679 2063 1788 2150 olem
1807 2069 1949 2150 humor

510 2176 609 2286 ille,
632 2177 766 2263 seduli
784 2180 878 2264 curri
897 2209 979 2264 non
998 2181 1177 2267 excullus
1186 2245 1201 2288 ,
1222 2185 1391 2293 acquirit
1412 2185 1730 2290 siccitatemque,
1751 2179 1852 2262 unde
1873 2179 1953 2271 diss

375 2328 378 2336 ·
511 2291 622 2378 tendi
652 2291 806 2378 necelle
835 2293 888 2378 est
917 2296 1082 2408 parietes
1110 2292 1416 2402 folliculorum,
1445 2294 1753 2404 excrescereque
1771 2317 1944 2378 tumores

513 2406 705 2518 cysticos,
722 2409 789 2516 qui
802 2405 871 2491 sub
882 2410 1249 2522 nominemyrmecii
1261 2411 1452 2524 primum,
1470 2404 1602 2522 posted
1615 2405 1732 2520 talpa
1741 2467 1758 2513 ,
1773 2401 1948 2490 aliomm·

512 2545 595 2628 que
627 2515 649 2602 a
677 2515 928 2604 similimdine
960 2548 1091 2605 rerum
1122 2525 1374 2636 cognitarum
1404 2517 1606 2635 desumpti
1633 2515 1948 2626 vocabulorum,

510 2633 653 2744 capitis
667 2635 974 2762 'convexitatem
1000 2632 1231 2748 deturpant,
1257 2633 1399 2746 quibus
1421 2636 1539 2721 fusius
1566 2632 1845 2749 pertradandis
1870 2659 1948 2714 non

513 2741 788 2850 incubuimus,
803 2772 854 2829 ex
869 2773 921 2831 eo
937 2747 1047 2860 quod
1060 2744 1240 2865 plerique
1251 2751 1295 2834 hi
1309 2775 1486 2836 tumores
1502 2748 1553 2833 ad
1563 2749 1749 2833 tractatus
1762 2744 1817 2830 de
1827 2771 1949 2830 turno·
2097 2769 2098 2790 ¹

514 2854 621 2939 ribus
642 2883 875 2969 peroneant.

570 2969 723 3052 Verium
737 2972 820 3055 haec
833 2974 1016 3059 strudura
1031 2977 1154 3085 catis,
1171 2975 1369 3062 malorum
1384 2973 1556 3062 maxime
1572 2973 1702 3082 ferax,
1715 2973 1950 3090 principium

512 3084 770 3194 &originem
789 3083 936 3197 praebet
948 3086 1144 3203 plerisque
1163 3079 1400 3206 capillorum
1416 3087 1566 3176 morbis
1583 3091 1653 3199 qui
1673 3086 1723 3172 ab
1745 3083 1855 3204 ipsit,
1871 3088 1952 3171 imb

515 3191 729 3303 aliquando
746 3195 860 3280 alnus
878 3198 948 3281 sub
968 3200 1051 3313 ipsi
1061 3265 1076 3308 ,
1093 3211 1134 3286 dt
1146 3207 1274 3319 princi
1302 3208 1385 3288 ium
1406 3203 1678 3308 formationis,
1699 3208 1742 3287 ὃ(
1761 3201 1949 3318 precipua

516 3309 747 3390 nutritionis·
756 3307 1011 3395 fundamenta
1026 3319 1240 3429 reperiunt.
1312 3315 1400 3401 orbi
1420 3321 1527 3402 enim
1543 3313 1784 3431 capillorum
1801 3313 1949 3428 perse,

515 3421 545 3502 sr
569 3421 733 3506 nomine
754 3419 828 3504 illo
852 3425 911 3507 uti
931 3423 988 3510 fas
1010 3429 1087 3534 est,
1113 3433 1344 3516 numerandi
1366 3433 1456 3538 sunt
1478 3427 1580 3516 inter
1600 3429 1761 3514 effeetus
1785 3429 1951 3544 partium·

516 3531 659 3641 quibus
678 3533 872 3620 facillime
891 3565 1026 3623 carere
1038 3541 1155 3654 pollrr
1166 3545 1295 3630 homo
1315 3546 1395 3630 stne
1412 3541 1520 3653 ullo,
1540 3541 1608 3628 vel
1625 3540 1831 3628 leviffimo
1843 3541 1952 3626 func·

514 3647 674 3754 tionum
696 3647 961 3759 detrimento,
983 3655 1163 3768 adebque
1182 3665 1334 3742 tantiam
1354 3659 1525 3770 aliquam
1545 3681 1744 3742 merentur
1765 3657 1950 3741 attentio-
2018 3669 2026 3690 ·
2096 3699 2097 3724 ι

514 3785 609 3842 nem
633 3760 742 3869 quod
762 3761 956 3876 prabeant
980 3766 1132 3880 fignum
1153 3777 1194 3854 δι
1220 3772 1443 3888 symproma
1461 3770 1676 3856 laborantis
1699 3771 1809 3855 curis
1827 3765 1949 3886 capil-

515 3866 604 3984 lata
615 3932 629 3976 ,
659 3871 728 3985 ipst
751 3875 850 3958 verb
874 3905 944 3990 per
963 3877 1002 3963 se
1020 3879 1120 3966 nihil
1165 3885 1347 3971 atiuntur.

571 3981 750 4068 Pilorum
770 3989 868 4072 verb
889 4020 1059 4100 quorum
1085 3914 1162 4082 subJ
1177 4026 1325 4112 genere
1344 3995 1476 4113 capilli
1496 3995 1668 4110 speciem
1689 3995 1944 4102 constituunt,

515 4121 599 4226 non
623 4127 698 4180 una
719 4101 772 4183 est
792 4103 938 4217 pariter
956 4105 1203 4218 differentia,
1227 4141 1304 4197 nec
1326 4112 1441 4197 sedes
1462 4139 1550 4197 una.
1579 4109 1674 4194 Irnb
1692 4139 1776 4192 non
1800 4114 1946 4194 tantiam

515 4205 701 4294 dafferunr
726 4215 828 4300 inter
852 4214 895 4301 se
920 4220 962 4300 in
993 4221 1205 4308 individuis
1229 4233 1273 4310 dt
1297 4227 1480 4311 distineris
1508 4219 1713 4338 partibus,
1736 4221 1810 4308 sed·
1832 4223 1948 4308 etiam

517 4317 656 4404 eadem
670 4325 785 4408 sedes
807 4355 890 4414 non
910 4328 1085 4437 ejusdem
1105 4337 1258 4452 semper
1274 4339 1419 4454 speciei
1440 4335 1629 4454 capillos,
1652 4361 1720 4420 aur
1737 4332 1844 4450 pilos
1861 4363 1947 4450 pro-

518 4455 680 4540 generat
703 4471 713 4520 :
739 4442 780 4520 in
808 4439 949 4550 quibus
974 4449 1135 4558 quidem
1157 4451 1408 4538 varietatibus
1428 4481 1512 4534 non
1535 4448 1664 4533 solum
1686 4445 1800 4532 fundi
1824 4447 1847 4531 ὲ
1866 4474 1946 4560 quo
2095 4469 2096 4502 ¹

517 4542 728 4632 nascuntur
744 4550 924 4639 habenda
939 4563 1063 4672 ratio,
1081 4563 1148 4648 sed
1164 4568 1283 4650 etiarn
1298 4569 1402 4650 aelio
1418 4557 1709 4678 arimrosphaerat
1716 4623 1732 4668 ,
1752 4563 1947 4644 vestimen·

516 4679 650 4790 torum
675 4661 815 4768 quibus
840 4667 1018 4759 celantur
1043 4707 1151 4760 nunc
1176 4703 1330 4764 textura
1361 4705 1480 4788 atque
1505 4699 1666 4779 natura,
1693 4701 1802 4758 nunc
1830 4677 1942 4758 etiam

514 4773 684 4854 onerum
711 4773 916 4868 scrutanda
941 4790 1006 4873 est.
1045 4791 1102 4874 Ni
1132 4795 1241 4898 ritis,
1266 4793 1447 4877 Afiaricis
1473 4799 1514 4874 bt
1540 4787 1769 4902 Europais,
1799 4812 1943 4896 arque,

514 4883 619 5000 apud
633 4885 869 5006 Europaos,
888 4902 1084 4992 meridien
1125 4911 1206 4992 'um
1217 4907 1429 5023 regionum
1447 4901 1618 5018 incolis,
1639 4925 1707 4988 aut
1723 4897 1941 4988 borealibus
