4250 5898
697 461 1178 558 CUTANEIs
1497 477 1758 587 '5ae·s

222 619 271 713 iis
300 625 540 750 conscripsit.
576 631 749 742 Verum,
776 632 968 721 referente
992 629 1149 736 Paulo,
1177 621 1391 716 decorum
1416 628 1551 716 naturai
1572 659 1656 718 non

224 741 332 826 idem
359 747 412 828 est
443 745 545 861 apud
567 743 706 832 omnes
732 747 954 833 consensus,
979 737 1093 829 Nam
1117 745 1292 828 Soranus
1317 743 1580 830 dracunculos
1604 772 1655 830 ex

222 853 453 940 animalium
486 888 651 944 numero
685 863 862 967 exemit,
897 857 1063 969 vultque
1095 853 1380 942 dracunculum
1413 856 1548 942 haberi
1581 881 1656 971 pro

144 997 147 1002 ’
224 991 383 1052 tumore
414 973 598 1056 nervoso.
630 973 750 1057 Hanc
784 975 825 1055 iu
852 972 1083 1058 sententiam
1108 969 1239 1054 abiere
1267 967 1398 1083 posteb
1421 968 1570 1054 Arabes
1593 979 1654 1078 (a)

224 1077 379 1165 Rhases
401 1092 443 1167 ὅ(
460 1081 685 1170 Avicennas
705 1087 768 1191 (b)
794 1088 861 1196 qui
882 1084 1031 1169 malum
1053 1088 1157 1189 hoc,
1189 1112 1272 1167 non
1294 1111 1437 1167 venam
1456 1083 1657 1166 medinen-

224 1189 330 1298 sem‚
346 1194 413 1278 sed
428 1225 592 1283 nervum
607 1198 895 1305 medinensem‚
911 1225 955 1282 ut
970 1199 1246 1282 demonstravit
1258 1195 1526 1310 Kempsaerus‚
1542 1223 1656 1280 voca·
1761 1199 1764 1202 ’

226 1333 375 1392 verant.
400 1309 481 1394 Sed
500 1307 593 1397 illos
607 1312 765 1418 errasse,
788 1319 829 1395 bt
852 1309 987 1398 revers
1009 1309 1273 1396 dracunculos
1296 1309 1372 1393 esse
1391 1311 1494 1392 inter
1514 1311 1658 1390 anima-

225 1413 279 1501 lia
299 1424 563 1510 numerandos
580 1425 717 1510 adsunt
738 1427 849 1509 testes
867 1450 1055 1538 auroptae,
1079 1431 1121 1506 dt
1136 1426 1163 1507 ii
1177 1422 1337 1533 quidem
1358 1421 1593 1535 gravilsrmi‚
1617 1425 1658 1526 in

224 1533 411 1618 Americd
425 1537 538 1623 Hans
554 1538 703 1648 Sloane
711 1601 726 1646 ‚
745 1545 787 1622 ὃ(
798 1541 968 1622 viatores
981 1536 1140 1653 plurimi
1155 1535 1346 1622 itGuines
1361 1535 1510 1620 advesli
1518 1597 1532 1640 ,
1555 1541 1597 1616 dt
1615 1537 1657 1618 in

223 1643 382 1730 Guinesr
395 1648 541 1767 O·Dap
571 1678 625 1736 er.
637 1653 727 1738 Imb
740 1659 782 1734 dt
793 1649 976 1765 Rupellae
992 1654 1034 1734 in
1047 1649 1198 1734 Batavo
1211 1647 1384 1759 quodam
1395 1676 1465 1732 eos
1482 1646 1657 1732 observa-

223 1759 283 1841 vit
296 1757 513 1876 Chirurgus
528 1683 775 1870 duenotius,
792 1760 1204 1852 referenteWelschio
1220 1769 1288 1868 (c),
1305 1785 1350 1845 ut
1369 1768 1411 1845 dr
1426 1759 1658 1875 Ulylsrpone
1732 1767 1736 1774 “

225 1867 363 1954 vidisse
386 1872 426 1958 se
450 1875 632 1989 perhibet
651 1881 816 1961 Amatus
836 1877 1044 1960 Lusitanus
1068 1875 1144 1982 (d).
1178 1875 1261 1958 Sed
1283 1873 1372 1957 ante
1396 1871 1495 1958 alios
1518 1891 1658 1958 omnes

224 1979 356 2067 facem
382 1986 498 2072 nobis
523 1990 701 2103 praeferet
721 1990 967 2104 Kempsaerus
984 1991 1041 2094 (e)
1065 1991 1133 2096 qui
1155 1990 1255 2070 testis
1280 2011 1443 2099 autopta
1467 1983 1612 2099 pluries
1635 1985 1658 2069 i

226 2093 270 2178 se
285 2095 364 2180 visa
383 2106 574 2186 enarravit
595 2111 637 2186 dt
655 2100 740 2208 jure
757 2104 980 2212 meritoque
998 2099 1385 2212 carpsrtSennertum
1407 2101 1475 2207 qui
1495 2098 1659 2183 dracun-

223 2204 340 2293 culos
369 2239 463 2294 cum
495 2215 724 2300 crinonibus
753 2211 1011 2319 confuderat,
1038 2207 1348 2319 Velschiumque
1381 2214 1476 2322 qui,
1508 2237 1657 2324 magno

224 2318 404 2407 Arabum
438 2356 574 2411 amore
609 2354 771 2432 motus,
808 2324 994 2407 morbum
1025 2318 1096 2402 srbi
1125 2323 1374 2432 incognitum
1405 2323 1454 2404 ad
1483 2349 1659 2406 mentem

223 2435 437 2518 Avicennae
457 2440 630 2522 enodare
653 2438 884 2551 susceperat.
913 2436 1020 2519 Nam
1043 2431 1196 2516 Rhases
1215 2431 1264 2515 ab
1289 2432 1494 2518 avicenna
1514 2436 1555 2516 in
1576 2438 1661 2519 hoc
1779 2431 1783 2438 ’

222 2543 351 2628 disere
380 2576 447 2631 ans
487 2549 636 2660 aliquid
672 2547 848 2633 animalis
881 2550 924 2631 in
958 2544 1058 2632 venai
1093 2543 1306 2629 medinensi
1340 2545 1463 2630 latere
1498 2547 1660 2656 tandem

222 2575 467 2745 crediddrar.

228 2831 230 2838 ,
280 2772 338 2853 At
359 2771 604 2885 Kempfaems
622 2800 800 2858 vermem
824 2773 990 2858 omnino
1012 2769 1090 2855 esse
1111 2770 1351 2884 pronuntiat.
1373 2769 1449 2882 Ipsr
1469 2772 1580 2856 enim
1599 2771 1661 2861 bis

225 2884 399 2996 contigit
412 2889 548 2970 vivum
556 2948 571 2993 ‚
588 2885 699 2998 quod
715 2888 802 2970 rarb
816 2888 968 2992 evenit,
990 2884 1129 2968 ecavo
1148 2881 1269 2966 scroti
1287 2883 1516 2989 extraxisse,
1535 2917 1660 2972 unum

223 2995 353 3102 Afro,
371 2995 538 3082 alterum
555 2999 690 3085 Persae.
716 3000 892 3110 Uterque
909 3002 950 3081 in
964 2996 1097 3082 lucem
1112 2993 1238 3079 editus
1244 2993 1461 3190 sponsalem
1475 3023 1661 3107 motum,

223 3111 428 3220 vitamque
448 3110 663 3225 prodebat,
692 3139 810 3224 atque
833 3107 1058 3196 ostendebat
1082 3105 1263 3190 clarissim
1311 3107 1590 3221 spedaroribus
1610 3111 1660 3195 ab

222 3249 284 3330 eo,
309 3225 351 3305 in
379 3227 435 3308 rei
461 3225 581 3309 sidem
609 3226 836 3331 advocatis,
863 3223 1003 3335 quibus
1025 3220 1106 3305 duo
1133 3223 1345 3303 intererant
1373 3217 1534 3325 juvenes
1559 3224 1661 3306 Chi-

223 3337 348 3448 rurgi.
373 3337 420 3419 In
442 3366 584 3446 aquam
606 3336 774 3422 calidam
791 3334 952 3443 injedus
975 3337 1146 3418 astutiam
1168 3330 1363 3417 marcidus
1385 3332 1666 3420 &immobilis

221 3446 510 3551 flaccescebat3
526 3453 567 3533 in
584 3479 727 3561 aquam
735 3453 832 3535 verb
848 3447 1030 3562 frigidam
1044 3445 1233 3529 immissus
1244 3443 1360 3529 valde
1373 3447 1450 3529 hirc
1465 3446 1561 3530 illdc
1579 3447 1660 3556 sese

222 3559 485 3668 recumbat,
507 3559 626 3674 algidi
646 3563 824 3646 humoris
847 3563 1066 3674 impatiens.
1096 3557 1229 3667 Caput
1246 3554 1348 3639 ulus
1371 3585 1478 3668 aquae
1502 3558 1662 3670 superfi-

222 3676 333 3758 ciem
355 3671 517 3756 subinde
533 3673 719 3757 exerebat
734 3705 746 3772 ;
765 3698 878 3756 motu
893 3671 1072 3784 profesio
1088 3665 1240 3751 doloris
1265 3668 1417 3774 indice,
1439 3669 1661 3780 fateturque

221 3787 290 3872 vir
316 3783 604 3868 candidissimus
632 3785 672 3869 se
696 3782 900 3893 hucusqub
923 3785 1137 3868 Avicennae
1161 3777 1368 3864 credulum
1389 3809 1472 3864 non
1493 3783 1662 3896 potuisse

222 3924 313 3984 non
334 3894 383 3978 ab
408 3893 490 4002 ejus
515 3897 705 3982 sententia
726 3895 875 3983 divelli.
1598 3951 1602 3962 -

285 4006 492 4100 Habemus
516 4009 623 4095 certe
647 4013 713 4092 hic
739 4033 961 4120 accuratam
988 4005 1069 4114 ejus
1091 4005 1397 4120 descriptionem
1420 4004 1525 4088 undb
1554 4005 1668 4110 circb,

216 4117 332 4210 illius
351 4147 527 4206 naturam
545 4118 646 4206 ulrrb
660 4123 846 4237 possimus
861 4123 1070 4231 inquirere.
1092 4119 1217 4203 Addit
1227 4119 1333 4203 enim
1350 4149 1360 4198 t
1383 4114 1662 4203 uLumbricue

220 4265 250 4315 a>
272 4229 341 4317 ille
377 4231 527 4320 coloris
562 4238 616 4319 est
646 4261 704 4318 ex
732 4231 882 4351 pallido
913 4232 1146 4336 albicantis,
1180 4228 1438 4342 longitudinis
1474 4232 1631 4314 incertae
1647 4293 1662 4335 ,

222 4377 251 4425 a>
273 4343 453 4456 pedalis,
489 4343 706 4452 cubitalis,
737 4355 779 4430 δι
812 4343 1007 4460 amplius,
1041 4369 1152 4426 tener
1187 4349 1228 4424 ὃ(
1265 4367 1396 4448 teres,
1436 4342 1594 4442 chorda
1620 4347 1663 4426 in

222 4489 252 4540 u
275 4457 434 4568 cythare
456 4461 648 4542 crassioris
668 4462 899 4547 tenuitatem
922 4457 1106 4545 reserens.
1131 4452 1315 4541 Rostello
1340 4454 1535 4550 instruitur
1554 4455 1665 4566 quod

279 4617 334 4688 (Β)
354 4615 408 4678 Tt.
425 4639 461 4690 ²2
477 4640 535 4704 ΝΡ·
556 4643 589 4684 ²1
610 4631 638 4687 δι
657 4647 706 4689 22.
1492 4602 1498 4613 ’

271 4691 329 4769 (ὖ)
349 4695 412 4755 Lib·
432 4715 464 4768 4.
485 4699 539 4763 fen.
557 4724 586 4784 3.

268 4779 320 4848 (cl
343 4773 427 4838 Cenr.
446 4797 473 4848 7.

271 4850 328 4932 (d)
349 4853 417 4921 Cur.
438 4867 486 4930 64.

273 4937 331 5011 (e)
350 4937 502 5022 Kcmpfoer.
519 4939 576 5010 loc.
591 4943 639 5006 cir.
651 4945 679 5018 5.
695 4963 724 5017 4.

1326 4963 1507 5136 beeeij
