4186 5908
475 481 559 546 ποι
920 449 1030 540 DE
1096 445 1461 538 MORBIS

474 615 583 704 aliud
624 616 822 732 agendum
861 615 1040 730 superest.
1081 615 1201 700 Adest
1238 641 1394 728 tempus
1432 615 1474 695 in
1510 639 1594 722 quo
1631 611 1747 696 causa
1783 616 1916 701 varie-

475 759 575 818 tates
609 730 696 816 suas
736 727 814 814 aits
854 729 1086 842 imprimit3
1122 729 1303 840 adeoque
1341 725 1547 812 causarum
1583 727 1820 811 instituenda
1858 731 1933 814 est-

477 847 633 932 curatio
642 905 657 952 ,
673 869 719 930 ut
736 839 831 928 mali
851 839 1031 928 recidiva
1052 869 1365 955 praecaveantur,
1387 839 1583 952 causaque
1602 839 1721 924 vivax
1739 841 1917 926 iiinditiis

476 957 652 1044 tollatur.

539 1069 685 1158 Tertio
711 1071 872 1156 demiim
891 1093 1072 1186 tempore
1098 1067 1233 1153 omnia
1258 1065 1464 1152 desaeviere
1474 1127 1489 1174 ,
1506 1092 1658 1261 pacato
1683 1067 1781 1151 mari
1805 1069 1918 1154 velii-

475 1215 591 1294 mur,
615 1181 789 1270 relaxata
806 1187 942 1268 omnia
964 1209 1083 1294 atque
1104 1179 1153 1266 ab
1174 1182 1487 1265 inflammatione
1524 1179 1667 1294 atigata
1690 1177 1918 1268 roboranda

474 1295 699 1414 supersunt,
720 1303 761 1382 ἀ
780 1296 831 1380 ad
844 1297 1045 1412 pristinum
1060 1325 1202 1382 tonum
1225 1290 1349 1408 *aquo
1369 1323 1446 1408 prae
1462 1291 1582 1376 nimii
1603 1294 1782 1378 tensione
1796 1293 1919 1382 defle·

474 1437 620 1498 xerunt
642 1408 878 1498 reducenda.
904 1409 980 1494 Hae
1000 1409 1090 1496 sunt
1108 1433 1186 1494 tres
1206 1404 1282 1490 illae
1303 1405 1565 1492 indicationes
1589 1403 1638 1488 ab
1664 1405 1919 1522 Hippocrate

474 1527 677 1640 primdm,
708 1521 801 1612 dein
830 1519 853 1607 i
884 1522 1046 1608 Galerio
1080 1519 1291 1609 dilucidiiis
1325 1525 1368 1606 dt
1403 1519 1452 1603 ad
1486 1545 1629 1603 natura
1662 1547 1847 1604 normam
1875 1525 1917 1608 in

475 1633 662 1722 omnibus
689 1635 1065 1722 inflammationibus
1090 1634 1278 1746 requisita
1304 1635 1385 1718 sine
1412 1629 1554 1744 quibus
1582 1635 1665 1716 inte
1758 1634 1918 1720 medela

473 1777 527 1838 ne
554 1751 614 1836 uit
637 1751 835 1836 constitui.
866 1748 909 1834 Si
935 1748 1188 1862 quiquidem
1212 1744 1374 1832 morbus
1396 1747 1547 1830 constat
1572 1771 1623 1830 ex
1651 1774 1679 1828 o
1707 1749 1917 1837 stmdiione

474 1891 501 1952 v
543 1889 659 1948 onim
689 1889 784 1946 cum
810 1863 1024 1948 erethismo
1051 1858 1181 1970 juniii
1194 1921 1209 1968 ,
1236 1860 1321 1942 inib
1346 1883 1416 1974 pet
1441 1857 1695 1944 erethismum
1721 1859 1822 1944 fasti
1836 1925 1851 1970 ,
1883 1869 1917 1952 is

474 1971 645 2094 postulat
675 1973 766 2060 ante
802 1978 938 2060 omnia
974 1997 1019 2060 ut
1048 1972 1211 2059 tollatur
1239 1970 1470 2056 erethismus
1501 2003 1513 2072 3
1574 1969 1677 2055 ostes
1702 1975 1803 2058 vero
1831 2007 1917 2088 qua:

475 2091 583 2205 priiis
602 2085 786 2172 omnibus
806 2089 939 2174 lirisiis
959 2093 1002 2172 dt
1030 2088 1236 2173 eoaruatis
1255 2082 1477 2170 nullatenus
1498 2110 1543 2168 to
1577 2088 1586 2104 “
1609 2110 1767 2199 poterat
1790 2116 1918 2177 reme·

476 2201 552 2288 diis
571 2197 798 2314 obsequitur
819 2200 934 2286 causa
962 2197 1171 2286 infarciens
1196 2231 1205 2282 :
1236 2194 1314 2308 qui
1339 2195 1511 2303 sublati,
1538 2197 1628 2282 vasa
1651 2196 1754 2284 ultra
1773 2227 1916 2288 tonum

476 2313 699 2512 distentalin
713 2311 999 2400 relaxationem
1018 2312 1125 2400 abire
1144 2310 1300 2399 necesse
1324 2311 1398 2420 est,
1420 2310 1600 2422 adeoque
1622 2307 1672 2394 ab
1692 2339 1778 2400 arte
1795 2315 1918 2403 robur

476 2453 526 2516 ex
557 2431 638 2516 ostu
658 2453 735 2516 ant.
1858 2477 1866 2488 ·

527 2459 673 2628 lirimo
693 2571 791 2660 ergo
814 2569 996 2660 tempore
1019 2545 1164 2658 inquo
1188 2546 1323 2630 omnia
1346 2541 1507 2628 saeviunt
1530 2543 1573 2626 dr
1597 2544 1918 2660 constringuntur

476 2655 692 2744 erethismo
717 2661 843 2774 prima
866 2655 1021 2745 medela
1044 2655 1194 2746 ivenae
1216 2658 1390 2742 senione
1412 2683 1454 2742 re
1483 2655 1636 2741 etenda.
1664 2655 1784 2741 Circa
1807 2660 1918 2746 hanc

475 2770 750 2856 instiniendam
781 2771 923 2904 gradus
952 2769 1077 2878 mali,
1112 2773 1215 2856 vires
1245 2775 1336 2886 agri
1371 2796 1424 2855 co
1468 2767 1581 2852 ilium
1611 2765 1789 2878 dabunt,
1826 2799 1917 2857 non

476 2879 657 3010 neglesll
683 2885 840 2968 interim
865 2883 1016 2992 causa,
1043 2883 1070 2965 si
1096 2883 1258 2970 evidens
1278 2884 1435 2991 illast,
1456 2881 1779 2968 consideratione.
1809 2883 1916 2968 San-

363 3099 365 3106 .
477 2995 608 3102 guinis
630 2993 810 3080 missione
835 2993 988 3079 laxatur
1009 2997 1240 3082 erethismus
1253 3058 1269 3105 ‚
1300 2997 1402 3104 hic,
1424 2993 1621 3110 sanguinis
1649 2978 1916 3083 motuflcon-

478 3126 716 3216 temperatur
743 3111 786 3188 δι
817 3102 911 3190 mali
941 3133 1180 3223 pracavetur
1211 3111 1394 3224 impetus.
1430 3106 1662 3193 Revulsivas
1693 3135 1803 3194 venae
1830 3109 1918 3196 sec·

476 3218 608 3298 tiones
622 3221 665 3300 dc
685 3215 736 3300 ad
750 3219 840 3300 artis
859 3216 969 3332 leges
990 3219 1013 3304 ὲ
1030 3222 1294 3308 remotissimis
1340 3217 1486 3308 artibus
1506 3223 1700 3306 instimere
1722 3220 1916 3311 familiare

477 3329 543 3412 est.
569 3327 640 3412 Sic
657 3329 814 3440 quoties
826 3329 989 3417 uultum
1002 3334 1158 3447 impetit
1169 3255 1398 3452 erysipelas,
1416 3335 1468 3420 eii
1480 3334 1665 3420 audaciis
1684 3333 1722 3418 sa
1751 3338 1915 3424 hoenani

476 3440 712 3550 tundimus,
741 3442 851 3553 quod
884 3447 928 3528 in
959 3441 1177 3552 iunioribus
1238 3451 1420 3536 rasertim
1453 3446 1657 3564 erysipelas
1688 3367 1790 3536 iilld
1820 3479 1917 3536 cum

475 3555 631 3640 narium
659 3555 945 3672 hemorrhagisi
969 3555 1164 3676 jungatur.
1200 3479 1379 3647 dlaxima
1413 3565 1626 3650 curationis
1656 3571 1744 3678 'pars
1770 3567 1813 3650 in
1836 3563 1917 3652 hec

477 3667 583 3752 reus
609 3665 832 3754 adliibends
855 3672 1026 3756 consistit
1045 3707 1058 3778 ;
1083 3671 1223 3758 abillis
1248 3675 1397 3762 srvires
1420 3675 1605 3762 sfldeant
1633 3677 1707 3760 aus
1725 3677 1916 3763 icandum

476 3779 619 3866 Celsus
635 3787 706 3888 (a)
723 3785 911 3900 precipit.
940 3784 1041 3870 Etsi
1061 3815 1170 3874 venae
1192 3788 1374 3874 sessionis
1387 3790 1519 3874 suasor
1538 3791 1604 3896 (b)
1626 3790 1667 3873 G
1705 3816 1803 3875 enus
1828 3821 1916 3908 par·

475 3897 562 3980 cius
585 3894 743 3981 videtur
772 3892 818 3979 ei
842 3898 900 3979 uti
923 3898 966 3980 in
992 3899 1249 4016 erysipelate,
1280 3929 1326 3988 ut
1350 3928 1588 3989 notavemnt
1612 3906 1791 3988 austores
1817 3933 1916 3991 neo-

475 4010 618 4117 terici,
642 4009 685 4096 id
703 4003 754 4095 ab
768 4035 821 4094 eo
841 4009 1015 4124 pendere
1037 4013 1272 4098 crediderim
1287 4016 1397 4127 quod
1413 4014 1649 4131 erysipelatis
1665 4021 1914 4104 curationem

475 4122 1648 4352 liffitsl‘lfflisllisssdllists.
1664 4133 1915 4359 sessilis

1005 4300 1021 4347 2

477 4345 787 4432 carliarticorum
800 4354 842 4434 vi
855 4353 980 4436 statim
995 4352 1250 4438 adoriendam
1267 4349 1511 4460 judicaverit
1534 4355 1627 4441 Nec
1643 4356 1751 4441 cette
1770 4357 1915 4444 eadem

476 4451 544 4538 lex
567 4457 621 4540 est
640 4486 750 4545 venae
767 4459 950 4549 sessionis
973 4491 1093 4579 atque
1111 4469 1153 4552 in
1174 4469 1514 4554 vehementissimo
1538 4468 1794 4586 phlegmone.
1821 4471 1917 4560 Post

476 4592 739 4684 temperamm
758 4600 868 4660 vena
893 4575 1075 4665 seiiionis
1101 4607 1180 4696 ope
1209 4583 1392 4668 ardorem
1418 4581 1642 4690 effraenem,
1672 4583 1917 4699 periculum-

474 4705 556 4794 que
570 4679 824 4800 phlegmonis
844 4717 938 4774 cuni
956 4693 1186 4808 erysipelate
1210 4693 1427 4808 miscendi,
1449 4721 1547 4786 tunc
1568 4699 1709 4811 atatis,
1732 4695 1916 4824 sympto-¹

515 4841 1073 5014 {33Q,ffidefflsplpm
