4226 5916
487 391 577 482 394
940 365 1048 453 na
1104 307 1489 451 nonnas

393 573 396 580 ·
441 521 447 529 .
551 533 677 619 Ulcus
705 529 921 646 momapiun
937 530 1086 614 dicium
1110 529 1247 614 sensim
1266 557 1401 614 carnes
1421 552 1612 634 excavat,
1635 523 1678 616 bi
1698 527 1829 615 erodit
1848 527 1928 613 olla·

493 652 627 735 vicina
643 652 684 730 in
706 645 849 729 morbo
867 648 1108 748 inveterato,
1122 647 1248 746 carie,
1264 644 1428 750 exostost
1438 704 1451 747 ,
1468 640 1668 752 anchylost
1682 676 1694 743 ;
1709 645 1835 728 afficit
1846 645 1934 725 arti-v

497 760 638 866 culos,
658 757 941 864 doloribusque
963 759 1134 840 conterit
1152 759 1272 839 nonu
1294 754 1671 840 recrudescentibus.
1699 755 1774 838 Illa
1795 754 1925 840 ulcera

494 872 587 970 sunt,
595 873 757 955 mucosa
765 933 778 976 ,
792 867 957 982 pallida,
972 866 994 952 ia
1010 866 1121 952 nullo
1137 871 1308 951 caustico
1324 869 1523 952 escharam
1535 865 1800 976 admittentia,
1815 867 1925 951 nullo

488 987 609 1101 pion,
638 985 679 1068 id
705 985 756 1067 est
787 981 913 1094 fungo
943 986 1100 1090 onusta,
1125 985 1167 1066 in
1187 1009 1278 1091 quo
1293 981 1464 1064 maxime
1486 981 1707 1096 discrepant
1733 979 1756 1065 a
1782 979 1924 1082 morbo
2017 998 2020 1004 '

496 1096 636 1186 YaWs
658 1095 953 1180 Guineensrum.
1336 1173 1348 1183 .
1598 1119 1604 1130 “

552 1216 741 1294 Attamen
764 1232 980 1292 commune
1002 1211 1054 1290 est
1075 1209 1231 1316 utrique
1251 1203 1526 1316 morboquod
1553 1204 1675 1291 semel
1697 1210 1873 1311 sanatus,
1900 1205 1925 1288 li

493 1321 633 1407 sanitas
648 1349 717 1436 per
732 1347 810 1407 tres
824 1322 976 1404 menses
988 1319 1309 1434 perseveraverit,
1333 1314 1380 1399 ab
1397 1347 1448 1404 eo
1466 1321 1596 1432 poste‘a
1614 1323 1800 1403 immunis
1820 1321 1925 1404 vivat

497 1439 566 1546 qui
594 1464 686 1520 eum
712 1462 893 1550 expertus
924 1431 1044 1517 semel
1070 1435 1135 1516 est.
1167 1429 1293 1514 Nulla
1320 1429 1437 1514 sebris
1462 1459 1578 1515 acuta
1606 1437 1714 1517 hunc
1742 1428 1926 1516 morbum

497 1553 733 1649 comitatum
749 1553 886 1634 verum
902 1576 951 1631 ex
967 1549 1110 1630 hocne
1139 1542 1244 1628 letio
1257 1541 1419 1650 morbo,
1427 1541 1494 1626 vel
1509 1573 1591 1628 non
1607 1547 1739 1629 sanato
1756 1545 1936 1654 sequitur·

496 1661 593 1776 sape
614 1665 761 1746 macies
781 1663 938 1774 insignis
963 1575 1200 1773 phthisripue
1221 1657 1429 1740 accidente
1446 1653 1625 1740 lienterii
1644 1657 1814 1742 lethalis.

553 1773 652 1858 Haec
675 1773 741 1856 Cl.
764 1775 961 1886 Sauvages
986 1772 1228 1883 alChirurgo
1249 1797 1299 1852 ex
1328 1797 1414 1852 erto
1436 1796 1667 1884 acceperat,
1686 1801 1771 1880 quae
1788 1771 1925 1884 partim

498 1917 592 1971 curn
615 1884 759 1968 morbo
779 1883 828 1967 ab
848 1883 989 1999 Anglis
1010 1881 1080 1966 sub
1107 1885 1271 1966 nomine
1337 1909 1435 1966 aWs
1461 1881 1658 1998 descripto
1684 1909 1929 1996 congruant,

497 1998 678 2082 differant
700 2002 852 2111 partim.
882 1999 938 2079 At
959 2025 1052 2080 cum
1073 1992 1205 2080 nullus
1223 1998 1359 2078 auctor
1376 1993 1530 2108 Anglus
1555 1995 1604 2079 de
1622 1996 1723 2079 Pion
1743 1995 1926 2104 loquetur

497 2107 629 2194 nullus
646 2107 786 2193 Gallus
802 2109 852 2193 de
868 2107 1027 2215 Yuer,
1044 2106 1391 2216 asseveraveritque
1406 2107 1551 2189 Chirur
1579 2139 1625 2191 us
1636 2106 1791 2222 Virgile
1807 2108 1863 2191 D.
1879 2107 1925 2190 de

498 2220 698 2336 Sauvages
716 2223 756 2307 se
773 2219 911 2307 l'oWs
925 2249 1127 2330 nunquam
1145 2217 1281 2305 vidisse
1288 2282 1300 2323 ,
1317 2248 1367 2300 an
1381 2249 1463 2301 non
1480 2137 1670 2303 credibile
1682 2225 1735 2303 est
1744 2219 1926 2305 morbum

417 2359 422 2366 ·
498 2334 684 2418 eumdem
699 2364 771 2449 pro
787 2338 898 2419 vario
918 2335 1109 2448 regimine
1124 2332 1362 2416 diversitates
1376 2336 1579 2446 accipere,
1601 2337 1833 2447 contagium
1848 2361 1925 2415 non

497 2450 704 2551 amittere,
733 2451 786 2530 ita
811 2473 856 2530 ut
880 2443 902 2529 *a
929 2448 1079 2558 nigritis
1109 2472 1217 2528 ortus
1247 2446 1288 2526 in
1318 2445 1535 2558 Europaeos
1559 2445 1798 2530 diffundatur
1823 2478 1835 2545 ;
1860 2444 1925 2528 sed

497 2559 644 2642 formas
661 2558 753 2644 alias
768 2559 929 2674 adipisci
944 2557 1047 2671 apud
1067 2555 1236 2663 Gallos,
1256 2553 1348 2640 alias
1368 2557 1470 2670 apud
1488 2557 1644 2670 Anglos
1653 2624 1667 2668 ,
1685 2589 1776 2643 cum
1794 2585 1927 2642 natura

498 2671 637 2755 eadem
655 2671 835 2784 superfit,
857 2669 1135 2780 ulcerosusque
1158 2673 1224 2752 liat
1244 2673 1285 2750 in
1304 2667 1472 2784 pleniori
1495 2670 1706 2755 Gallorum
1725 2673 1928 2756 servorum

499 2783 610 2867 diaetis
620 2844 636 2889 ,
657 2784 783 2868 servet
801 2785 898 2866 verb
916 2787 1087 2866 nativam
1107 2782 1326 2865 ariditatem
1343 2783 1446 2894 apud
1471 2787 1630 2896 nigritas
1647 2783 1806 2897 Anglos
1830 2813 1927 2894 quos

495 2895 601 3002 fania
618 2899 670 2978 est
686 2893 796 2979 diaeta
816 2895 1002 2980 severiori
1016 2892 1064 2978 ab
1082 2893 1223 3007 Anglis
1246 2898 1435 2978 exerceri.
1457 2894 1572 2978 Unde
1591 2900 1675 2979 hac
1694 2897 1927 3010 diagnoseos

497 3037 584 3122 pars
600 3009 648 3092 ad
660 3011 854 3092 intuentes
873 3014 1024 3092 tantiam
1040 3011 1220 3121 pertinet.
1241 3005 1361 3090 Certe
1376 3005 1443 3092 Cl.
1457 3005 1625 3123 Pouppd
1637 3009 1925 3122 Desportesln)

498 3123 566 3232 qui
584 3149 655 3233 per
671 3119 819 3204 multos
834 3152 957 3204 annos
975 3120 1222 3204 Medicinam
1236 3118 1338 3230 apud
1354 3119 1396 3201 S.
1414 3119 1622 3204 Dominici
1639 3121 1808 3206 insulam
1821 3149 1927 3206 exer-

395 3332 397 3337 ,
498 3235 597 3340 cuit,
609 3229 1391 3347 curationemnobisampliffimammorbi
1397 3232 1672 3345 piunreliquit,
1685 3235 1785 3318 nihil
1798 3235 1925 3319 necde

498 3341 658 3452 anss,
675 3375 749 3430 nec
763 3347 813 3431 de
827 3345 927 3432 Pion
940 3348 1055 3459 signis
1068 3345 1316 3457 diagnosticis
1331 3369 1374 3426 ut
1387 3373 1481 3458 pote
1497 3345 1743 3433 evidentibus
1759 3346 1925 3458 reliquit.

496 3459 596 3540 Non
612 3457 815 3572 longiores
826 3464 969 3543 erimus
982 3462 1023 3540 in
1036 3453 1287 3541 describendas
1301 3451 1376 3538 hac
1392 3462 1597 3542 curatione
1608 3489 1727 3570 quam
1739 3462 1827 3544 fuse
1838 3489 1927 3544 trac·

498 3595 629 3652 tarunt
643 3574 870 3654 Americani
885 3571 1053 3657 Medici.
1079 3571 1228 3653 Eadem
1242 3569 1348 3651 enim
1365 3571 1521 3681 precisi
1539 3573 1787 3658 methodusa
1805 3572 1927 3658 Gallis

498 3680 679 3764 adversus
692 3682 792 3764 Pion
808 3683 1064 3794 prascribitur
1079 3715 1163 3792 qua
1177 3680 1225 3764 ab
1239 3678 1381 3792 Anglis
1393 3681 1575 3768 adversus
1591 3683 1741 3773 Yam.
1765 3687 1929 3772 Scilicet

495 3791 666 3898 balneis,
679 3791 941 3899 diluentibus,
958 3795 1170 3903 aliquandi)
1186 3797 1305 3877 etiam
1321 3795 1510 3879 cardiacis
1526 3797 1695 3882 admotis
1709 3803 1838 3884 exitus
1854 3803 1928 3913 pia·

497 3935 642 3987 norum
658 3902 908 4010 sollicitatur,
925 3933 1232 4020 praparaturque
1246 3934 1318 3988 cor
1345 3937 1389 3989 us
1403 3909 1450 3990 ad
1466 3911 1722 3994 mercurialia.
1737 3912 1929 3996 Videntur

498 4014 540 4096 in
560 4045 704 4128 genere
726 4015 835 4099 Galli
855 4021 1101 4101 inundliones
1126 3937 1377 4101 mercuriales
1399 4048 1473 4132 prae
1496 4022 1581 4106 aliis
1602 4022 1788 4108 omnibus
1807 4051 1931 4110 rente·

500 4127 573 4209 diis
599 4129 770 4212 habuisse
789 4130 878 4234 (b);
903 4153 1073 4212 attamen
1097 4131 1199 4240 apud
1228 4129 1332 4243 ipsos
1360 4159 1433 4244 pro
1462 4131 1618 4220 diversis
1644 4137 1800 4252 placitis
1827 4165 1931 4222 nunc

499 4234 646 4320 solutio
675 4239 872 4324 sublimati
900 4247 1085 4325 mercurii
1114 4245 1155 4322 in
1187 4242 1241 4353 sp.
1272 4245 1356 4323 vini
1384 4251 1660 4336 commendata
1690 4252 1794 4356 fuit,
1827 4277 1931 4334 nunc

500 4349 602 4432 acidi
633 4354 766 4465 nitroll
793 4356 852 4436 vis
876 4351 1069 4438 solvendo
1096 4354 1294 4436 mercurio
1323 4351 1518 4468 adhibita,
1548 4362 1614 4446 sed
1648 4365 1687 4444 in
1724 4367 1806 4446 hoc
1840 4391 1930 4446 cum

497 4459 640 4570 Anglis
655 4462 962 4548 consentiuntur
978 4464 1108 4552 levem
1127 4466 1398 4549 salivationem
1419 4499 1644 4582 procurent.
1671 4476 1779 4560 Dein
1800 4473 1933 4558 morbi

477 4589 481 4598 ’
499 4567 681 4679 reliquias
696 4575 834 4688 fugant
847 4575 950 4659 bolis
967 4577 1289 4683 mercurialibus,
1309 4579 1444 4664 addito
1458 4583 1585 4703 longo
1601 4615 1717 4706 atque
1731 4589 1932 4702 pervivaci

538 4735 594 4806 (a)
615 4729 700 4790 Tom.
722 4753 756 4804 2,
776 4735 822 4794 des
842 4709 973 4798 Maladies
991 4739 1025 4798 de
1044 4743 1074 4800 S.
1094 4743 1275 4824 Domingue,
1293 4757 1360 4822 pag·
1375 4754 1409 4806 61
1431 4753 1457 4806 δι
1479 4749 1527 4824 85,

538 4812 599 4892 (b)
620 4808 662 4876 V·
680 4809 792 4894 Posppt
810 4815 958 4899 Desportes
968 4860 981 4900 ,
995 4839 1063 4904 pag·
1080 4827 1115 4896 85
1135 4831 1161 4884 δι
1178 4823 1236 4908 seq.
