4188 5916
485 389 567 488 ,n
935 377 1056 468 na.
1097 378 1147 465 u
1176 376 1349 468 ona
1374 379 1453 468 rs

485 576 511 620 n
524 541 675 656 thapsia
689 565 839 654 partem
853 569 996 647 unam,
1008 542 1201 628 ventrium
1219 541 1511 650 cantharidum,
1528 537 1584 628 sul
1611 535 1917 651 hunis,.equales

488 689 511 732 u
526 652 770 767 srngulorum
790 680 918 768 partes
937 657 1029 767 pice
1046 651 1193 763 liquidi
1208 657 1372 769 excipe,
1393 663 1434 738 dt
1451 652 1548 740 loco
1566 657 1575 675 ’
1596 654 1697 762 line,
1715 650 1785 736 ubi
1804 650 1918 736 illum

490 802 515 850 u
530 766 655 881 probe
672 767 951 864 consricueris3
964 765 1269 878 postquitmvero
1285 764 1399 850 bullae
1411 795 1456 850 ac
1473 764 1627 882 pustulat
1642 768 1819 851 excitatae
1834 763 1918 846 sure-

493 915 517 957 »
534 883 611 963 rint
635 876 867 962 lenticulam
883 907 977 960 cum
991 877 1110 962 melle
1123 875 1199 982 jam
1214 881 1411 990 imponito
1431 914 1466 964 u.
1490 877 1629 966 Simile
1660 878 1710 962 ad
1734 875 1920 960 eumdem

494 991 609 1075 usum
639 989 869 1103 praedicatur
901 1016 1146 1102 unguentum
1176 986 1224 1073 ab
1256 993 1441 1075 Aduario
1463 997 1551 1096 (a),
1578 989 1688 1102 quod
1713 1019 1797 1072 non
1826 989 1920 1072 vesn-

496 1103 630 1206 culas,
672 1101 740 1184 sed
770 1103 1119 1185 inflnnmationem
1160 1101 1355 1186 astuosam
1395 1103 1622 1186 concitandi
1658 1100 1826 1186 consilio
1852 1127 1921 1214 per

496 1220 617 1300 boras
644 1212 804 1296 alternis
832 1218 1018 1328 apponit,
1050 1213 1205 1300 alternis
1232 1213 1426 1320 detrahit,
1454 1215 1584 1298 donec
1614 1216 1749 1300 omnia
1775 1233 1921 1296 nouam

498 1332 697 1412 asiionem
714 1355 877 1440 purgata
890 1330 1131 1441 concipiant.
1150 1326 1271 1413 Certe
1283 1353 1333 1410 ex
1353 1329 1413 1410 his
1434 1327 1656 1441 suppuratio
1677 1327 1919 1432 concitatur,

498 1441 701 1551 magisque
716 1443 860 1521 arboni
877 1442 1113 1523 mechanica
1129 1438 1329 1524 fidendum
1348 1435 1460 1546 hujus
1480 1439 1641 1524 remedii
1655 1437 1770 1548 quiam
1785 1465 1921 1552 empy-

500 1557 591 1636 ricae
605 1553 728 1665 adipis
745 1554 896 1634 arietini
908 1551 1162 1666 applicationi
1176 1581 1292 1662 quam
1314 1551 1434 1634 iidem
1454 1551 1746 1636 commendant.
1763 1549 1808 1632 Si
1827 1549 1922 1634 fides

503 1667 715 1748 deciorum
733 1669 909 1746 uirorum
924 1662 1177 1748 relationibus
1188 1660 1428 1768 adhibenda,
1442 1664 1653 1776 grassantur
1670 1661 1774 1774 apud
1783 1659 1922 1746 insulas

505 1775 719 1862 Carnibum
737 1779 918 1890 herpetes
935 1777 1084 1890 pessimi
1103 1779 1255 1890 generis
1278 1781 1319 1858 dt
1340 1775 1390 1859 ad
1403 1775 1548 1890 lepram
1561 1774 1809 1861 accedentes.
1833 1772 1922 1858 Hos

502 1921 563 1974 ars
584 1887 693 1972 nulla
713 1887 818 1972 ralet
838 1889 980 1974 tollere
1007 1924 1017 1970 ι
1042 1887 1116 1974 soli
1141 1917 1283 1973 eorum
1303 1887 1584 2001 malignitatem
1607 1896 1649 1971 dt
1671 1889 1922 2000 pertinaciam

502 2002 665 2116 aggredi
678 2001 822 2084 audent
840 2005 986 2112 nigritae
1000 2009 1042 2084 dr
1054 2005 1236 2107 uincere,
1253 1999 1320 2084 sed
1335 2028 1405 2084 eos
1421 1999 1571 2084 crudeli
1588 1999 1819 2084 adoriuntur
1835 2001 1922 2082 arti·

501 2115 628 2211 ficio,
652 2119 842 2222 quatenns
862 2111 1016 2198 scilicet
1037 2145 1063 2196 n
1115 2111 1216 2198 let'iai
1237 2115 1414 2196 interiori
1435 2110 1528 2196 curi
1546 2110 1767 2196 universam
1793 2137 1921 2194 cutem

503 2223 738 2338 superficiali
750 2225 1015 2338 suppurationi
1028 2142 1172 2310 audem
1185 2227 1453 2330 committere,
1468 2221 1544 2334 qud
1556 2223 1707 2328 sanati,
1722 2225 1923 2306 communi

504 2337 698 2422 cortun
717 2337 884 2422 tutentur
901 2337 1057 2422 Medici
1072 2341 1140 2448 qui
1158 2341 1200 2422 in
1215 2337 1323 2446 hisce
1336 2339 1414 2422 oris
1432 2335 1668 2422 medicinam
1688 2336 1822 2419 fecere
1839 2331 1923 2420 tolli

503 2451 636 2556 uinis,
658 2449 736 2534 line
759 2449 850 2534 ullis
872 2449 1028 2534 seminis
1048 2453 1191 2566 impuri
1209 2447 1395 2559 reliquiis.

559 2561 708 2648 serum
727 2591 776 2648 ex
798 2565 858 2648 his
878 2564 1013 2650 uidere
1031 2567 1085 2648 dt
1104 2589 1253 2674 quanto
1270 2562 1392 2675 gradu
1414 2557 1523 2648 distet
1540 2561 1579 2646 le
1607 2591 1654 2644 rae
1673 2561 1774 2644 istiuis
1793 2563 1923 2644 noslra

504 2675 658 2760 curtalo
683 2673 733 2760 ab
759 2675 1027 2790 elearnmu‘un
1051 2679 1280 2768 curatione..
1302 2675 1355 2758 Et
1378 2674 1485 2760 certe
1512 2592 1660 2758 nullam
1681 2673 1800 2798 ailiam
1824 2673 1926 2756 indi·

436 2815 447 2840 ·
505 2787 706 2870 cntionem
722 2789 839 2872 orsert
852 2789 919 2870 illa
936 2791 1004 2870 nisi
1019 2819 1137 2900 quum
1151 2787 1245 2872 salsa
1259 2794 1300 2870 dt
1318 2813 1360 2870 ut
1375 2789 1522 2897 antiqui
1536 2784 1693 2884 aiebant
1706 2793 1926 2890 nanupnsrr

505 2895 674 3008 lympha:
700 2899 849 2982 indicat
878 2903 1133 3006 constitutio,
1161 2931 1247 3010 que
1270 2901 1458 3010 quoniam
1484 2926 1530 2984 ut
1553 2899 1601 2984 ad
1627 2897 1737 3014 leprae
1764 2897 1927 3012 gradum

505 3009 695 3090 evehatur
720 3007 816 3092 altas
841 3009 1025 3128 supponit
1052 3021 1094 3098 dt
1122 3017 1224 3096 intus
1248 3015 1288 3094 in
1316 3016 1415 3098 vitio
1444 3015 1586 3096 intimo
1610 3011 1787 3096 fundatas
1813 3037 1927 3120 atque

506 3113 688 3202 stabilitas
714 3119 896 3226 radices,
930 3123 1115 3238 supponit
1134 3129 1282 3232 etiam,
1312 3151 1357 3210 ut
1382 3123 1606 3230 excidatur,
1628 3123 1814 3238 longiora
1841 3127 1926 3208 artis

504 3227 724 3314 molimina.
749 3231 899 3318 Omnia
915 3237 981 3320 hic
997 3237 1103 3320 arida
1118 3237 1207 3320 sunt
1226 3245 1268 3322 dt
1283 3235 1610 3354 imperspira'bilia.
1636 3234 1800 3320 Humor
1818 3235 1926 3320 salsus

505 3339 555 3428 ad
590 3343 836 3476 superficiem
874 3347 1074 3432 nurcidam
1118 3352 1332 3434 humorum
1367 3353 1569 3434 materiem
1603 3351 1744 3434 retinet
1777 3347 1927 3432 industd

506 3457 783 3544 constrrtiione
793 3521 805 3560 ,
826 3455 960 3570 ibique
975 3465 1214 3574 corrumpit,
1235 3464 1405 3546 exsecat
1417 3465 1513 3546 verb
1530 3489 1754 3575 corruptam
1771 3469 1812 3545 dt
1829 3461 1926 3570 quasa

506 3595 835 3682 coagmentatum.
861 3571 976 3656 Unde
999 3571 1106 3658 certe
1128 3577 1365 3687 precipuum
1381 3575 1588 3658 sanationis
1608 3575 1648 3655 in
1669 3571 1924 3680 diluentibus,

505 3707 596 3764 acre
627 3679 897 3789 solventibus,
928 3683 1244 3770 demulcentibus
1274 3685 1486 3800 praesrdium
1515 3687 1763 3792 conflueret,
1793 3689 1820 3769 sr
1849 3715 1926 3770 non

503 3791 627 3890 altum
661 3791 842 3876 somitem
881 3795 1097 3906 praeberent
1136 3802 1448 3882 concotiionum
1483 3803 1577 3884 vitia
1618 3802 1730 3912 praeci
1760 3824 1927 3908 uumque

504 3933 637 3990 earum
660 3905 953 3988 instrumentum
972 3904 1087 4012 bilis,
1111 3940 1193 4018 quae
1206 3911 1285 3994 visa
1299 3914 1352 3994 est
1370 3908 1567 3998 veteribus
1589 3939 1632 3994 ut
1649 3829 1779 3994 morbi
1795 3910 1926 4009 causa;

504 4017 570 4102 sed
586 4015 756 4124 saltem,
774 4017 801 4100 sr
819 4013 915 4100 loco
930 4021 1082 4102 virtutis
1107 4020 1331 4132 saponaceae
1351 4051 1467 4133 atque
1483 4028 1744 4137 penetrantis,
1769 4052 1927 4128 acrem,

505 4128 689 4236 saliuam,
710 4133 953 4216 muriaticam
968 4131 1170 4243 sumpserit
1185 4133 1387 4236 indolem,
1406 4137 1550 4225 ruitum
1564 4140 1615 4222 est
1631 4165 1816 4246 quantum
1835 4137 1929 4220 serat

504 4236 718 4346 adjumenti
744 4244 792 4326 ad
815 4244 1093 4356 producendos
1119 4245 1276 4328 assessus
1300 4245 1399 4328 salsa
1424 4245 1590 4364 lympha
1613 4249 1769 4334 aliunde
1789 4247 1809 4332 i
1830 4245 1931 4364 pers-

503 4355 707 4470 pirationis
727 4357 972 4442 inconcottae
989 4360 1090 4442 vitiis
1108 4355 1354 4471 inspissandae.
1383 4359 1495 4446 Huic
1517 4363 1780 4468 attenuanda,
1800 4359 1930 4444 simul·

505 4489 583 4576 que
605 4461 852 4548 deturbando
882 4468 1039 4579 dequo
1067 4499 1161 4552 mox
1190 4469 1401 4582 agebamus
1431 4473 1583 4582 fomiti,
1612 4479 1724 4586 praei
1753 4473 1803 4558 ud
1834 4504 1931 4558 con-

501 4579 632 4660 ferunt
657 4577 823 4660 resrnosa
856 4584 1094 4686 cathartica,
1128 4583 1318 4692 quidquid
1350 4586 1632 4670 contradixerit
1660 4505 1930 4675 Helmontius.

500 4685 617 4774 Unda
644 4713 729 4770 tota
759 4695 911 4775 curatio
941 4691 1135 4804 permixti
1161 4703 1202 4778 dt
1222 4693 1460 4812 complicati
1481 4699 1723 4784 iudicatione
1749 4699 1930 4784 nascitur.

530 4809 598 4904 ι(ιι)
624 4819 686 4896 Lib,
705 4841 740 4900 3,
757 4841 818 4904 cap.
837 4841 864 4894 ς.

1824 4911 1934 4996 Hinc
