4188 5916
645 457 1136 553 CUTANEIe
1528 487 1608 575 rw

182 609 229 695 'bt
246 605 495 730 sanguineam
512 619 625 706 simul
648 621 1007 741 lymphaticamque
1030 625 1187 710 massam
1210 627 1375 712 omninb
1396 634 1608 742 reparantis

181 721 371 830 facultate
395 733 540 844 prestat
566 737 749 822 omnibus
770 741 951 825 remediis
975 767 1092 852 atque
1113 737 1305 824 alimentis
1323 739 1385 823 lac
1409 773 1418 822 ε
1444 738 1607 832 illudin

183 839 370 924 omnibus
394 871 652 962 cutaneorum
677 849 909 936 morborum
932 850 1200 964 curationibus
1224 851 1324 935 adeo
1348 849 1505 938 celebre
1526 856 1604 961 est,

182 972 229 1031 ur
248 951 363 1037 multi
381 949 441 1038 illi
457 956 531 1040 soli
553 953 626 1044 riti
648 959 846 1077 applicato
867 983 1028 1048 omnem
1049 967 1214 1046 omninb
1234 963 1419 1048 fiduciam
1441 963 1606 1072 addant,

181 1059 344 1174 reliquis
360 1067 548 1183 aeglesiis
559 1133 573 1177 ,
585 1075 621 1156 =sr
636 1103 710 1189 pro
724 1073 813 1160 solo
826 1081 929 1162 visin
944 1105 995 1162 eo
1010 1100 1177 1160 utantur.
1197 1075 1276 1160 Cui
1292 1076 1453 1190 quidem
1467 1079 1608 1164 asserto

181 1201 232 1256 an
264 1177 386 1288 usque
409 1181 615 1267 ,fidendum
646 1187 692 1270 fit
719 1185 802 1272 sold
832 1187 1070 1305 experientiis
1096 1189 1358 1274 dirimendum
1378 1189 1466 1272 esu·
1488 1191 1610 1274 Certe

182 1287 298 1371 usum
311 1290 421 1377 lassis
434 1293 610 1381 alimenti
632 1325 749 1410 atque
763 1303 1040 1387 medicamenti
1054 1300 1197 1408 titulo,
1225 1305 1290 1385 cui
1313 1328 1380 1416 par
1403 1293 1509 1386 aliud
1525 1327 1607 1386 uon·

184 1401 258 1506 est,
279 1401 390 1516 posse
410 1435 553 1522 corpus
573 1412 627 1494 ita
645 1415 875 1522 immutare,
895 1440 940 1498 ut
954 1441 1106 1499 veteres
1120 1413 1285 1498 destruat
1297 1415 1463 1498 omnino
1476 1412 1607 1519 labes,

182 1516 225 1596 in
240 1515 420 1602 confesso
435 1523 486 1603 ess
499 1520 703 1625 omnibuu
717 1531 852 1610 verbm
866 1525 984 1636 quim
996 1531 1134 1640 ingens
1147 1527 1193 1610 fit
1205 1523 1363 1616 illorum
1376 1523 1608 1632 hominum,

183 1626 393 1738 praesertim
422 1632 646 1752 adultorum
672 1641 791 1752 copia
843 1669 985 1722 uorum
1007 1641 1211 1721 stomacho
1231 1637 1334 1722 mald
1358 1637 1543 1746 insideat,
1569 1647 1611 1723 δι
1685 1649 1687 1654 ’

185 1765 357 1848 quorum
378 1745 611 1832 humoribus
635 1753 804 1833 mixtum
815 1665 890 1834 iac
902 1811 916 1856 ,
937 1747 1084 1834 nedum
1102 1752 1252 1834 insrtam
1270 1749 1400 1834 labem
1421 1749 1609 1854 destruat,

185 1855 328 1971 contri
351 1855 449 1940 verb
472 1883 624 1944 'novam
655 1866 888 1970 contrahat,
922 1859 1255 1976 illamque'ipsnis
1282 1866 1425 1948 veneni
1450 1855 1611 1947 misceli'

184 1964 404 2074 adulterer,
431 1998 570 2056 omnes
596 1975 738 2087 pariter
755 1973 1008 2060 ⁴fatebuntur.
1044 1975 1154 2058 Hinc
1183 1978 1344 2090 impuris
1376 1974 1610 2088 corporibus

184 2075 312 2190 ipsum
335 2081 479 2167 offerre
500 2086 700 2198 piaculum
719 2088 784 2171 est.
830 2087 898 2172 Fit
917 2087 1128 2199 aliquande
1148 2089 1188 2170 in
1217 2089 1381 2171 homine
1404 2087 1609 2202 herpetico

183 2186 249 2274 lac
275 2194 482 2307 sterpetum
506 2195 749 2283 vehiculum.
775 2200 821 2283 Si
838 2196 944 2285 belld
971 2229 1063 2283 cum
1084 2199 1308 2284 ventriculo
1329 2224 1443 2312 agat,
1463 2199 1505 2284 id
1522 2224 1610 2283 tan·

184 2307 271 2386 tbm
300 2304 349 2388 ab
381 2333 433 2390 eo
465 2309 605 2424 sperari
631 2314 792 2425 potest,
825 2312 936 2423 quod
960 2312 982 2394 ὲ
1006 2313 1112 2396 vitiu
1136 2311 1309 2424 perfodio
1334 2309 1487 2392 nullum
1510 2335 1611 2424 nug*

185 2421 310 2500 menti
323 2480 336 2522 ‚
367 2444 434 2502 aut
461 2419 780 2535 complicationis
803 2423 896 2508 inde
921 2423 1154 2508 trahendum
1181 2424 1227 2506 stt
1251 2425 1466 2536 vestigium.
1500 2427 1556 2506 At
1583 2424 1611 2510 st

187 2533 341 2613 curatio
373 2533 612 2644 expenanda
638 2537 714 2641 est,
733 2535 920 2649 speranda
945 2533 1015 2617 illa
1038 2537 1188 2619 tantbnr
1210 2535 1232 2618 i
1257 2532 1384 2647 longo
1411 2531 1492 2640 ejus
1512 2534 1609 2640 usu',

186 2639 343 2751 qualem
363 2643 460 2756 saepd
480 2647 585 2728 visiu
607 2643 759 2730 mutato
777 2647 947 2732 vidimus
965 2649 1135 2732 evenire.
1160 2647 1309 2730 Verbm
1336 2649 1363 2729 sr
1383 2643 1610 2751 latrabilis,

187 2750 299 2860 cujus
324 2756 448 2840 fluirui
467 2759 509 2840 in
533 2756 812 2844 morbishisce
830 2759 1012 2864 fidimus,
1033 2761 1088 2842 ita
1105 2759 1339 2863 inviscatur,
1362 2783 1408 2840 ut
1432 2755 1508 2863 jam
1530 2756 1612 2864 ejus
1655 2821 1669 2836 .

187 2867 415 2955 retundatur
436 2871 664 2978 annositas,
687 2871 869 2982 sequetur
891 2869 969 2957 alvi
988 2871 1172 2978 durities,
1196 2871 1376 2980 sequetur
1399 2869 1620 2953 humorum

187 2979 380 3095 resorptio
406 2981 733 3096 putrescentium,
759 2981 957 3097 febrisque
977 3009 1095 3096 atque
1112 2985 1311 3098 augmenti
1328 2985 1369 3066 in
1388 2980 1613 3096 herpetibus

188 3091 367 3178 nascetur
387 3093 620 3209 periculum.
679 3125 682 3133 ’
1609 3121 1613 3130 ’

245 3207 355 3292 Hinc
379 3238 453 3324 pro
474 3235 722 3322 certoarque
736 3210 1020 3326 demonstrato,
1036 3214 1118 3294 rbm
1135 3206 1339 3316 adjuvante
1352 3206 1613 3326 experientis,

189 3325 273 3404 turn
295 3325 503 3410 evincente
521 3327 675 3408 ratione
692 3323 948 3433 babebimus,
967 3325 1076 3409 labis
1093 3323 1205 3408 usum
1219 3327 1261 3407 in
1275 3321 1392 3436 copii
1408 3331 1448 3407 ur
1463 3324 1613 3436 impetu

191 3435 398 3548 herpetum
418 3435 653 3522 sevientium
676 3437 759 3523 seri
782 3467 856 3553 pro
876 3437 1006 3522 inutili
1026 3435 1251 3522 habendum
1272 3436 1375 3536 else;
1396 3439 1437 3519 in
1458 3431 1612 3519 levibus

188 3543 288 3652 illis,
302 3574 376 3630 nec
391 3545 559 3632 multum
567 3553 813 3657 inveteratis,
829 3575 895 3634 aut
907 3555 1056 3635 rantbrn
1071 3575 1141 3664 per
1152 3548 1335 3633 accidens
1348 3544 1612 3650 saevientibus,

189 3655 304 3774 posse
324 3658 373 3740 ad
393 3658 666 3746 omnimodam
684 3664 925 3748 sanationem
949 3659 1128 3747 sufficere
1153 3693 1165 3764 ς
1194 3660 1259 3745 sed
1285 3660 1480 3744 summum
1499 3657 1614 3773 ¹pras-

188 3797 276 3856 tare
292 3769 510 3854 remedium
532 3771 963 3889 inultimis‘herpetum
980 3773 1251 3889 temporibus,
1273 3776 1364 3856 cbm
1385 3767 1464 3878 jam·
1482 3771 1614 3884 prosli-
1668 3797 1672 3807 ·

191 3909 287 3999 gato
310 3882 453 3969 fomite
475 3881 676 3998 supersunt
700 3885 856 3972 hostiles
869 3885 1052 3998 ¹reliquis
1079 3883 1328 4002 superandae,
1343 3881 1615 3996 praecipubque

189 3997 262 4080 ubi
279 4023 428 4110 corpus
455 3993 683 4110 potentibus
703 4000 928 4084 exhaustum
950 4000 1132 4086 remediis
1155 3997 1232 4106 jam
1254 3999 1364 4079 refici
1387 3990 1552 4105 postulat
1572 4001 1615 4080 bt

191 4113 232 4192 in
247 4105 440 4194 salubrem
455 4110 590 4194 statum
605 4115 796 4214 revocari.
811 4111 999 4198 Pretereb
1013 4111 1081 4196 ubi
1095 4108 1320 4195 irritationis
1336 4129 1461 4188 metus
1476 4107 1615 4219 ingens

192 4223 393 4328 exoritur,
415 4217 478 4306 lac
497 4249 547 4306 ex
566 4223 676 4308 asinis
698 4223 831 4310 desum
860 4251 945 4309 tum
963 4228 1080 4338 partis
1097 4222 1180 4305 fere
1201 4245 1338 4330 expers
1362 4216 1549 4324 caseosae,
1571 4229 1614 4304 dt
1635 4309 1640 4316 ,

192 4331 380 4445 buryrosi
404 4339 513 4419 tenui
535 4336 724 4420 donatum
737 4255 1002 4448 ,reliigerat,
1027 4333 1210 4526 laxattppe
1237 4329 1526 4446 potentissimb3
1550 4329 1616 4415 lac

192 4448 397 4561 caprinum
420 4443 567 4554 levius,
597 4447 663 4530 sed
679 4449 828 4553 acrius,
848 4449 976 4530 minbs
996 4447 1146 4559 herpeti
1175 4474 1221 4534 us
1244 4468 1376 4558 aptum
1399 4445 1451 4527 eli
1461 4503 1476 4550 ,
1499 4445 1616 4527 itaut

192 4561 312 4642 etiarn
338 4554 548 4669 aliquandb
577 4561 624 4643 iis
657 4558 707 4642 ad
738 4561 862 4642 cutim
892 4553 1176 4674 promovendis
1204 4553 1411 4641 contulisse
1437 4555 1616 4654 dicatur,

192 4669 262 4776 sed
280 4667 392 4755 nulla
407 4671 514 4755 certe
527 4675 650 4757 tutior
662 4673 714 4762 est
728 4664 970 4778 methodus,
991 4667 1099 4754 nulla
1119 4668 1428 4797 magisefficax,
1450 4665 1567 4780 quim
1588 4669 1616 4750 st

192 4782 295 4868 lasse
309 4811 382 4898 pto
397 4786 502 4866 vinu
516 4809 749 4895 egrotantes
760 4807 916 4867 utantur
926 4843 941 4888 ,
957 4784 1102 4866 caeteris
1129 4781 1285 4889 abjeuis
1297 4778 1617 4882 medicamentis,

194 4895 317 5006 idque
337 4893 458 4982 habet
477 4893 578 4980 illud
593 4895 812 4982 commodi
836 4894 1087 5012 quodpossrt
1109 4922 1216 4994 nunc
1245 4894 1425 5092 decpiiis
1451 4889 1620 4993 bordei,

1355 5035 1383 5090 v
1398 5033 1426 5110 ¹1
