4246 5900
574 369 1341 462 rnraoouovrn
1482 371 1487 386 ·
1632 399 1684 482 n·

48 479 50 608 l
291 531 428 623 Causa
446 535 604 623 diversae
616 600 630 643 ,
653 537 721 622 sed
741 539 951 654 prasertim
971 541 1178 652 regionum
1201 533 1444 622 astuosarum
1465 561 1583 647 atque
1606 542 1679 624 lnt-

231 654 427 734 mentium
447 659 488 735 bt
511 651 773 765 depressarum
793 655 1001 766 temperies
1027 651 1112 735 aliis
1135 651 1262 735 ansam
1285 651 1394 738 dedit
1416 649 1677 738 excludendis

231 764 470 874 inseslorum
492 762 702 878 generibus
721 793 829 878 quae,
850 767 955 875 quast
975 770 1042 848 uni
1058 765 1156 848 loco
1175 793 1291 876 atque
1309 767 1463 878 regioni
1483 764 1676 876 inquilina
1808 867 1810 874 Α

232 878 331 982 stnt,
365 881 503 962 nostris
533 881 574 960 in
603 878 832 991 regionibus
863 909 1063 988 nunquam
1094 878 1190 962 felix
1219 881 1407 992 accepere
1440 877 1671 992 hospitium.

232 987 354 1074 Tales
378 991 469 1075 sunt
487 994 671 1074 crinones
692 1017 811 1100 atque
831 993 1099 1097 comedones,
1118 990 1204 1074 talis
1226 995 1277 1076 est
1296 996 1413 1074 etiam
1434 991 1676 1076 Medinenstt

230 1129 333 1186 vena
355 1115 422 1186 aut
447 1131 567 1187 eruca
590 1101 830 1188 Americana‘
855 1133 971 1214 quam
996 1133 1173 1188 vermem
1196 1131 1341 1186 mucore
1365 1131 1537 1212 vocant,
1561 1114 1602 1189 ἃ
1625 1105 1676 1188 de

232 1214 380 1326 quibus
407 1217 520 1298 fusrirs
545 1213 737 1326 loquendi
761 1215 837 1300 alia
862 1218 943 1301 sese
967 1219 1108 1302 offeret
1134 1217 1306 1299 occasio.
1391 1245 1407 1310 ,’
1454 1217 1457 1224 ’

293 1330 350 1412 At
380 1327 519 1412 dantur
548 1329 691 1414 insessa
721 1359 805 1442 quae
836 1327 986 1412 nullam
1019 1359 1112 1413 cum
1140 1355 1313 1439 corpore
1345 1326 1566 1441 analogiam
1596 1327 1676 1413 ser·

234 1463 357 1546 vant,
382 1449 423 1524 dt
447 1445 488 1523 in
513 1469 564 1524 eo
587 1467 719 1526 tamen
745 1467 967 1526 memorem
994 1443 1051 1525 sui
1077 1467 1214 1526 notam
1239 1444 1490 1555 imprimunt·
1510 1441 1570 1524 Ita
1593 1443 1678 1528 vidi

232 1551 371 1666 puellae
394 1554 625 1638 nitidiffimae
647 1555 867 1638 formosum
893 1563 935 1640 dt
963 1554 1239 1640 albidilsrmum
1264 1551 1417 1636 collum
1440 1580 1565 1636 erucas
1593 1583 1677 1663 quae

230 1663 280 1748 ab
295 1663 438 1750 arbore
455 1671 496 1749 in
512 1665 610 1750 illud
626 1668 827 1754 deciderat
834 1671 990 1755 'errores
1005 1670 1102 1779 erysr
1131 1665 1280 1753 elatosi
1293 1663 1448 1749 masculi
1463 1665 1652 1778 designari
1661 1727 1679 1774 ,

234 1801 279 1860 ut
295 1781 335 1860 in
351 1805 502 1892 geogra
531 1777 744 1866 hicdvelut
761 1778 898 1865 tabulis
913 1783 1076 1866 distineri
1096 1697 1241 1865 sbren‘t.
1263 1777 1357 1862 I'mb
1378 1784 1470 1862 cum
1493 1779 1543 1862 ad
1560 1807 1678 1866 mam·

233 1919 337 1972 mam
358 1895 476 2002 restiti
510 1918 572 2000 et,
597 1893 823 1983 induruerat
843 1893 938 2000 illa,
966 1903 1007 1978 dt
1022 1893 1103 1977 seri
1123 1896 1441 2008 suppurationem
1460 1893 1677 1976 inflamma·

223 2007 343 2088 tione
358 2004 602 2113 minabatur,
623 2005 815 2092 sed-brevi
829 2033 964 2092 tumor
981 2006 1051 2092 ille
1066 2009 1224 2091 evanuit
1243 2037 1255 2106 3
1284 2004 1381 2120 saepe
1403 2007 1521 2090 etiam
1531 2002 1675 2118 legens

234 2120 275 2198 in
295 2144 429 2202 cutem
450 2121 524 2204 iter
546 2119 714 2204 formica
735 2120 844 2206 illam
867 2118 1033 2204 maculis
1055 2119 1300 2234 deturpavit,
1322 2118 1533 2228 quod'qub
1553 2117 1678 2230 usque

235 2231 350 2343 possit
375 2235 416 2314 in
443 2257 576 2316 cutem
602 2231 650 2316 ab
677 2233 830 2320 insessis
854 2233 1014 2319 extendi
1039 2230 1157 2316 facile
1183 2230 1473 2344 deprehendet,
1500 2235 1566 2338 qui
1591 2235 1676 2312 ani-

237 2342 459 2427 madvertet·
482 2347 637 2458 ,quanta
682 2345 730 2431 ab
771 2346 986 2461 applicatis*
1012 2349 1147 2430 etiam
1176 2348 1344 2428 mortuis
1385 2341 1678 2426 cantharidibus

241 2453 343 2539 labes
368 2459 451 2540 cuti
474 2458 719 2566 innascatur,
745 2463 798 2544 ita
822 2487 866 2543 ut
886 2459 1014 2572 longo
1037 2483 1219 2574 tempore
1239 2460 1405 2542 traslatae
1430 2456 1563 2568 digitis
1588 2485 1698 2570 pru.

239 2569 354 2652 ritum
378 2571 467 2682 ipsts
489 2575 717 2686 imprimant
743 2582 786 2658 bt
811 2573 1007 2658 ardorem.

602 2811 1287 2902 “coneursum

289 3029 364 3112 Hac
381 3027 470 3112 sunt
482 3027 678 3142 praecipue
691 3026 841 3112 morbis
857 3029 1034 3112 cutaneis
1048 3023 1262 3110 inserendis
1278 3041 1396 3132 atque
1410 3017 1679 3134 producendis

236 3146 407 3261 aptiores
423 3140 565 3248 causat,
588 3157 753 3252 quarum
772 3139 854 3225 alia
869 3161 978 3224 nunc
994 3139 1352 3254 predlsponentes,
1379 3157 1485 3216 nunc
1504 3130 1679 3217 occasio»

237 3255 344 3340 nales
371 3256 510 3339 vocari
542 3253 734 3369 possunt,
768 3253 850 3336 aliae
877 3252 1034 3367 possunt
1063 3252 1366 3336 determinantes
1399 3246 1493 3330 dici.
1528 3246 1680 3329 Verum
1729 3341 1733 3352 ¹

235 3367 441 3478 fatendum
469 3369 521 3452 est
548 3360 780 3486 predisponi
805 3395 951 3484 corpus
981 3361 1031 3448 ad
1040 3361 1218 3463 ,morbus
1240 3383 1430 3446 cutaneos
1453 3384 1523 3470 per
1545 3354 1632 3438 illas
1656 3355 1702 3440 i·

236 3481 366 3596 longo
386 3487 606 3566 contradas
624 3502 806 3595 tempore
826 3479 1096 3593 intemperies:
1113 3476 1203 3560 Into
1220 3473 1317 3590 saepe
1333 3471 1516 3558 vitiosam
1530 3469 1681 3552 'diathe-

239 3597 307 3678 stm
335 3595 357 3677 ir
385 3592 608 3708 parentibus
639 3587 830 3709 accepisse
860 3611 944 3676 non
972 3610 1101 3674 rarum
1131 3592 1211 3697 est,
1243 3586 1349 3676 unde
1379 3590 1471 3668 cum
1499 3580 1691 3712 plerique·v

240 3706 371 3810 morbi
393 3704 481 3790 casu
503 3714 548 3790 dr
569 3709 672 3818 quast
694 3707 862 3790 fortuito
881 3707 1186 3807 contrahantur,
1211 3699 1350 3784 contri
1370 3699 1525 3781 cutanei
1549 3689 1682 3784 morbl

239 3820 334 3936 sape
368 3820 671 3904 connascuntur.
706 3818 896 3904 Praetereb
924 3848 1044 3901 muco
1078 3822 1171 3900 sitm
1203 3813 1350 3898 scateat
1373 3835 1460 3892 aetas
1491 3802 1680 3890 infantilis

242 3935 439 4048 superfluo
464 3941 505 4017 bt
527 3933 577 4017 ad
602 3936 899 4047 corruptionem
920 3931 1174 4046 spontaneam
1226 3954 1358 4028 ron0,
1387 3918 1444 4003 nil
1464 3923 1606 4001 mirum
1629 3919 1683 4000 est

242 4049 270 4132 sr
298 4045 449 4133 morbis
476 4045 554 4130 illis
584 4045 1021 4160 lymphatico-mucosis
1050 4068 1138 4126 aetas
1164 3959 1232 4124 illi
1255 4036 1494 4152 potissimum
1524 4055 1684 4146 pateat,

241 4191 359 4272 quam
373 4160 555 4276 proxime
569 4159 739 4270 sequitur
748 4164 957 4275 temperies
970 4159 1203 4240 feminarum
1214 4146 1376 4263 lymphl
1388 4155 1430 4230 bt
1445 4142 1681 4228 humoribus

244 4273 490 4380 redundans,
516 4275 584 4356 nist
600 4299 732 4356 tamen
755 4277 860 4355 nitor
883 4275 984 4355 cutis
1008 4270 1135 4350 liuore
1153 4261 1267 4369 albo,
1289 4287 1356 4345 aut
1379 4256 1570 4343 menstrui
1594 4258 1682 4340 san*

271 4390 370 4470 uinis
403 4384 571 4502 copiosi
601 4387 837 4469 vacuatione
868 4381 1094 4467 redimatur.
1136 4374 1248 4460 Unde
1276 4378 1323 4458 lit
1351 4401 1398 4462 ut
1428 4371 1450 4456 l
1481 4369 1683 4500 menstruis

245 4419 562 4585 delitescentibus
577 4496 741 4584 dimidia
757 4497 991 4580 seminarum
1007 4521 1093 4628 pars
1109 4488 1259 4576 morbis
1274 4488 1467 4572 afficiatur
1485 4509 1683 4584 cutaners,

250 4617 289 4694 bt
309 4617 357 4697 eb
379 4616 502 4726 magis
526 4609 768 4718 rebellibus,
792 4611 872 4721 qub
888 4609 989 4692 cutis
1006 4607 1093 4723 rpsrs
1110 4606 1232 4718 magis
1252 4598 1364 4686 antei
1379 4601 1549 4684 ninterit.
1575 4595 1684 4678 Cum

247 4729 339 4809 verb
370 4726 519 4810 acredo
547 4725 569 4809 ai
601 4729 798 4838 stagnante
829 4719 989 4836 lymphd
1020 4743 1216 4830 concepta
1248 4714 1448 4826 adusque
1481 4707 1683 4824 pelsrmam
1801 4801 1805 4813 ἱ

247 4837 335 4929 bilis
350 4867 439 4926 atrae
452 4837 631 4928 indolem
642 4838 759 4956 pofftt
771 4841 886 4928 evehi
893 4899 909 4952 ,
923 4861 990 4922 aut
1002 4833 1301 4922 istra-minimos
1315 4828 1456 4943 gradus
1470 4821 1687 4989 persistere,
