4188 5916
573 368 1151 528 ¹cornutis,
1360 527 1365 536 ,
1546 453 1626 550 an

245 589 1012 689 Certumeslmethodum‘adhlbendam
1027 601 1151 688 tribus
1165 601 1628 721 constaretemporibus,

189 739 359 822 quorum
378 741 561 800 neutrum
581 716 660 800 sme
681 715 862 830 periculo
920 717 1008 800 ossrt
1031 715 1218 831 supprimi
1242 751 1252 800 ε
1278 720 1450 832 primum
1471 720 1524 801 est
1543 749 1624 830 quo

186 830 368 911 materies
385 831 533 912 haerens
550 831 590 912 in
609 828 861 913 incerniculis
882 748 1044 914 diluimr
1063 835 1106 911 bt
1128 828 1179 911 ad
1199 855 1356 914 motum
1372 844 1624 946 praeparatuis
1652 925 1659 936 ,

187 934 352 1020 alterum
376 969 458 1050 quo
479 969 686 1054 praeparata
707 969 896 1027 vacuatur
916 974 931 1044 3
955 944 1116 1026 tertium
1139 941 1300 1024 demum
1320 971 1402 1052 quo
1426 970 1625 1058 reparatur
1747 943 1750 948 ’

186 1045 441 1136 labefauatus
454 1055 637 1137 vasorum
649 1081 791 1160 tonus,
812 1056 992 1170 ipsaque,
1008 1081 1053 1138 ut
1072 1061 1115 1140 dt
1128 1055 1338 1160 humores,
1353 1055 1403 1140 ad
1415 1055 1624 1142 salutarem

80 1165 83 1173 ‘
186 1185 328 1247 tonum
349 1191 528 1280 aptantur
548 1175 590 1250 ὅ(
610 1168 935 1281 redintegrantur.

242 1275 430 1364 Decouo
451 1279 531 1362 levi
551 1284 729 1368 carnium
742 1283 932 1365 tenuioris
950 1287 991 1362 dt
1006 1281 1111 1390 quasi
1125 1279 1359 1393 vegetabilis
1375 1278 1483 1364 succi
1494 1345 1506 1387 ‚
1525 1311 1623 1393 qua-

187 1383 267 1470 lem
280 1393 453 1502 prestant
466 1389 564 1506 pulli
575 1453 593 1495 ‚y
601 1397 688 1506 agni
698 1392 845 1499 ,uituli
854 1455 867 1496 ‚
882 1392 1105 1496 testudines,
1121 1391 1298 1475 cochleae
1306 1457 1322 1508 ,
1338 1420 1405 1504 aut
1416 1393 1626 1482 melibsad·

186 1501 266 1584 hbe
279 1503 365 1585 sero
380 1503 490 1588 lauis
506 1502 611 1588 belle
631 1505 821 1620 deputato
843 1515 884 1590 bt
901 1508 953 1588 ita
973 1529 1184 1619 praeparato
1208 1531 1251 1588 ut
1270 1504 1378 1590 nulla
1399 1535 1625 1594 remaneant

187 1617 337 1724 antiqui
357 1612 465 1700 lactis
479 1620 657 1729 vestigia,
674 1647 757 1701 non
774 1620 853 1702 stne
868 1621 1020 1702 ratione
1031 1643 1193 1702 utuntur
1203 1615 1328 1732 vulgb
1343 1619 1518 1725 Medic-i,
1535 1625 1624 1731 qui-

186 1723 259 1810 bus
277 1725 494 1814 admiscent
506 1721 730 1812 substantias
745 1760 828 1839 que
845 1731 1002 1844 poliunt
1013 1727 1162 1840 aliquid
1174 1730 1405 1843 vegetabilis
1420 1736 1626 1819 caraderis

187 1835 408 1948 liquoribus
424 1845 477 1924 im
508 1845 649 1926 timere
660 1906 672 1946 ,
690 1842 937 1954 animaleque
958 1871 1068 1948 acre,
1091 1845 1170 1926 acri
1188 1845 1370 1956 opposito
1385 1843 1626 1955 vegetabili,

188 1949 422 2036 obtundere.
495 1957 560 2038 iric
581 1956 647 2038 nisi
663 1957 784 2040 totilla
800 1958 978 2069 corporis
994 1955 1223 2039 erethismus
1239 1951 1452 2060 obstiterit,
1475 1955 1624 2070 planta·

186 2065 1625 2181 tumcruciformifloreinsrgniumsuccivehiculismemoratismisceutur,
1728 2087 1731 2096 ⁴

185 2177 302 2291 parce
312 2181 502 2291 primum,
521 2207 571 2264 ne
582 2184 838 2266 irritationem
852 2209 1052 2284 moveant,
1066 2182 1624 2278 autiuflammatoriisstimulis

186 2289 388 2375 vellicatus
403 2289 480 2396 jam
494 2291 609 2378 fibras
625 2320 823 2408 pungant,
838 2293 968 2410 polles
981 2293 1062 2376 dost
1079 2295 1240 2376 meliori
1250 2355 1262 2398 ‚
1281 2294 1333 2376 ita
1348 2320 1393 2377 ut
1406 2291 1539 2376 earum
1554 2325 1624 2378 co·

186 2402 249 2517 pii
264 2409 395 2518 potius
411 2404 668 2522 multiplicati
677 2473 690 2512 ,
711 2403 828 2516 quim
838 2411 982 2490 virtute
997 2402 1106 2488 aussi
1114 2467 1128 2509 ‚
1145 2405 1319 2517 sanguini
1334 2407 1500 2517 tinttura
1513 2406 1624 2490 vola-

187 2516 266 2600 tilis
291 2520 502 2604 insinuetur
515 2580 527 2621 ,
550 2527 590 2602 dt
613 2517 680 2602 ille
701 2518 813 2602 nullo
838 2522 1027 2635 temporis
1051 2544 1258 2602 momento
1280 2519 1457 2630 praesidiis
1480 2517 1623 2604 saluta-

188 2627 292 2714 ribus
319 2659 465 2746 careut..
490 2631 639 2714 Verum
667 2633 694 2713 si
722 2633 945 2716 ventriculo
974 2631 1081 2714 labes
1110 2627 1132 2711 *a
1161 2629 1260 2711 laste
1289 2633 1410 2712 inusta
1434 2631 1489 2712 *stt
1503 2691 1517 2734 ‚
1554 2629 1625 2716 illa

188 2769 237 2826 ex
271 2747 327 2826 rei
365 2744 588 2828 necessitate
622 2743 670 2828 ad
705 2745 862 2838 acidum
891 2771 1049 2856 verget,
1082 2741 1336 2855 proderitque
1368 2771 1443 2856 prae
1474 2747 1623 2827 caeteris

188 2857 370 2940 remediis
402 2855 500 2964 aqui
533 2856 654 2939 calcis
691 2856 792 2941 bene
824 2865 942 2942 &ex
971 2851 1247 2968 arte'parandi
1276 2851 1521 2937 haustusvel
1551 2856 1623 2940 seri

184 2965 317 3166 -ξιὶίι,
343 2968 409 3052 vel
432 2967 673 3074 jusculorum
697 2973 879 3075 inficere,
902 2995 983 3079 quo
1002 2967 1158 3078 liquore
1176 2965 1305 3051 nullus
1329 2963 1426 3048 alius
1446 2993 1526 3048 tam
1546 2998 1624 3084 po-

234 3109 319 3166 nter
345 3083 501 3166 caseosa
531 3082 699 3166 colostra
728 3081 859 3167 solvit.
890 3078 1020 3190 Majus
1050 3081 1278 3166 incendium
1307 3083 1501 3162 minantur
1524 3080 1623 3168 sales

189 3195 257 3280 lixi
281 3198 502 3280 tscheuiani
527 3198 594 3306 qui
620 3193 825 3280 alcalimm
852 3195 1219 3306 quidemvirtutem
1242 3191 1423 3277 obtinent
1447 3196 1623 3278 emmena

189 3331 269 3392 tem
285 3371 293 3396 ,
309 3310 647 3422 saponaccamque
660 3307 894 3413 solubilem,
911 3307 977 3394 sed
994 3337 1075 3390 non
1090 3311 1169 3392 stne
1184 3307 1319 3418 aliquo
1334 3306 1482 3390 ardoris
1499 3331 1620 3394 metu.

242 3421 393 3504 Verum
413 3419 481 3504 ubi
500 3423 609 3506 hisce
627 3427 761 3536 primis
778 3423 931 3506 auxiliis
953 3425 1179 3536 impugnata
1198 3424 1369 3534 primum
1386 3420 1462 3502 suit
1476 3415 1621 3504 cache-s

190 3535 251 3618 xia
277 3538 361 3628 hec
391 3531 540 3639 ledea,
568 3561 663 3618 tunc
694 3539 828 3618 omnia
851 3535 952 3619 satia
979 3533 1066 3617 sunt
1091 3532 1316 3637 fluxiliora',
1345 3560 1441 3616 mne
1466 3531 1554 3615 vasa
1579 3542 1622 3618 dt

189 3649 314 3758 magis
339 3650 472 3760 pervia
501 3656 542 3730 bt
575 3646 756 3731 meabilis
784 3651 907 3761 magis
935 3678 948 3747 3
976 3649 1167 3762 principia
1182 3646 1273 3761 ipsa
1300 3644 1410 3730 laetis
1440 3649 1621 3730 nocentis

190 3767 228 3843 bt
252 3761 383 3840 minus
406 3761 509 3840 arsia
532 3766 574 3839 dt
598 3761 725 3842 minus
747 3760 983 3861 addensata;
1007 3763 1185 3844 materies
1204 3763 1420 3842 inmotum
1440 3757 1620 3870 agenda,

189 3881 230 3958 bt
244 3867 311 3956 vel
330 3896 401 3984 per
422 3869 581 3953 sudores
605 3872 845 3978 movendus,
867 3871 933 3956 vel
954 3901 1024 3987 per
1045 3878 1173 3958 urinas
1194 3871 1457 3958 detrudendus
1477 3874 1622 3954 humor

190 3981 368 4085 nocem,
400 3980 466 4066 vel
493 3981 571 4066 alvi
596 3984 802 4097 aperienda
831 3983 1003 4071 claustra.
1034 3987 1125 4070 Nec
1160 3984 1435 4069 dubitaverim*
1453 3985 1547 4089 quin
1579 3987 1621 4068 in

190 4093 416 4210 regionibus
438 4097 523 4189 aestu
542 4104 583 4180 dt
604 4095 737 4182 calore
758 4101 917 4184 torridis
940 4140 946 4152 ·
966 4098 1163 4208 inquibus
1186 4107 1227 4180 ὅ(
1249 4093 1425 4197 abunde,
1452 4103 1493 4176 dt
1514 4097 1621 4192 cons·

191 4235 315 4294 tanter
343 4211 546 4324 profluunt
568 4207 754 4316 sudores,
781 4215 823 4295 in
850 4162 991 4324 quibus
1025 4221 1067 4293 &
1093 4211 1223 4290 nostra
1251 4212 1333 4290 haec
1361 4205 1463 4288 mala
1493 4211 1622 4295 minbs

190 4321 408 4430 frequentia
435 4322 522 4406 sunt
552 4328 594 4404 δι
620 4325 686 4404 vix
716 4352 767 4406 co
796 4329 904 4427 nita,
932 4349 978 4404 ut
1005 4323 1054 4404 de
1089 4318 1226 4402 sicilie
1257 4325 1364 4404 aiunt
1378 4383 1391 4424 ,
1422 4321 1561 4434 possit,
1592 4324 1620 4405 si

141 4506 146 4516 .
192 4436 361 4548 erumpit
384 4431 597 4544 aliquando
618 4431 726 4516 labes
744 4437 752 4452 '
789 4464 810 4515 a
818 4494 831 4538 ‚
859 4438 901 4514 in
924 4458 1058 4515 cutem
1080 4434 1245 4517 omnini>
1263 4463 1333 4549 per
1352 4432 1512 4517 sudores
1529 4432 1621 4519 tolli

191 4554 231 4630 δι
246 4546 504 4632 averruncari.
529 4543 624 4656 Qui
640 4545 800 4656 quidem
817 4550 860 4628 in
875 4543 1068 4627 methodo
1089 4544 1309 4632 adhibendi
1327 4545 1432 4630 tants
1452 4575 1553 4662 opus
1569 4549 1621 4631 est

191 4657 283 4746 curt
298 4657 481 4742 innostri
498 4663 798 4744 inconstantium
820 4659 1089 4771 tempestatum
1109 4657 1263 4765 Gallie,
1290 4687 1333 4745 ut
1350 4659 1468 4776 poend
1491 4659 1620 4745 credi-

190 4771 315 4858 derim
340 4769 618 4890 impollibilem
644 4808 653 4856 :
680 4801 797 4884 quam
824 4795 956 4856 tamen
988 4779 1079 4854 clim
1108 4771 1275 4856 viderim
1303 4775 1325 4858 i
1352 4774 1508 4859 summo
1532 4777 1620 4860 viro

191 4913 285 4974 cum
304 4886 479 4976 successu
500 4881 703 4970 admotam
722 4913 875 4989 narrare
895 4912 978 4974 non
996 4887 1070 4972 erit
1084 4884 1237 4974 inutile.
1328 4995 1370 5082 Ο

278 5033 284 5038 “
1127 5025 1133 5044 “
1391 5027 1418 5090 0
