4188 5916
665 395 1167 491 corruere
1550 440 1631 524 ,ss

197 558 346 646 vicinas
374 561 641 678 proserpendo
669 561 823 646 exedat.
856 562 977 648 Tunc
1001 561 1211 682 emplastris
1238 565 1448 662 fenestratis
1478 583 1628 676 vicinas

197 695 324 781 Partes
349 679 504 766 Medici
530 679 759 795 praeservant
770 738 786 784 ,
815 701 882 760 aut
908 673 1205 767 absorbentibus
1233 684 1361 773 serum
1388 697 1623 810 excipiunt:

196 792 393 878 cautelam
405 792 518 878 srmul
531 791 782 897 adhibentes,
796 817 846 874 ne
860 792 999 888 refluat
1015 794 1160 879 humor
1174 826 1256 880 non
1270 805 1407 889 coelus
1414 867 1430 912 ,
1446 810 1552 896 unde
1564 844 1623 900 ca.

193 905 371 990 charticis
384 904 538 992 lenibus
553 929 705 990 etatem
720 901 881 988 senilem
893 904 1046 990 fovent.
1065 907 1240 996 Pruritus
1253 913 1307 998 stc
1318 915 1501 1023 tollitur3
1519 930 1623 1016 cutis

194 1016 308 1103 autel
336 1045 545 1134 corrugata
570 1019 617 1102 sit
645 1013 838 1124 mollior,
865 1015 1001 1104 laevior
1022 1029 1064 1106 dt
1091 1024 1283 1109 nitidior:
1311 1056 1386 1116 nec
1410 1034 1621 1126 cohibetur

192 1134 361 1216 omnino
385 1135 535 1238 fluxus,
562 1129 628 1216 sed
653 1129 856 1217 moderate
882 1139 924 1216 dt
946 1129 1088 1218 leniter
1109 1137 1248 1224 effluit.

247 1243 409 1333 Tertius
424 1249 585 1334 demum
603 1246 713 1330 casus
731 1242 1044 1328 adhibendorum
1064 1254 1292 1363 topicorum
1318 1252 1397 1360 jam
1416 1289 1499 1346 non
1518 1267 1619 1352 inter

189 1359 364 1444 sanantis
390 1365 569 1476 herpetes
594 1357 882 1443 medicamenta
914 1358 1105 1443 recenseri
1143 1363 1231 1447 smit
1255 1364 1351 1474 illa,
1391 1371 1458 1457 sed
1485 1381 1618 1488 potios

192 1475 296 1558 inter
341 1474 605 1588 preservantia
644 1487 836 1556 numerat.
882 1467 1056 1582 Quoties
1098 1472 1250 1560 scilicet
1290 1482 1474 1570 omriibus
1507 1519 1617 1576 cura·

188 1591 347 1674 tionum
372 1587 487 1702 srgnis
511 1581 692 1699 expulsus
717 1581 910 1690 judicatur
935 1586 1105 1692 humor,
1135 1596 1177 1673 dt
1193 1619 1288 1784 pars
1316 1591 1384 1680 illa
1404 1625 1475 1710 per
1497 1631 1616 1710 quam

189 1703 297 1818 prius
332 1701 494 1786 effluere
526 1697 663 1782 solitus
696 1721 779 1780 erat
812 1723 988 1780 remanet
1014 1701 1069 1781 ita
1101 1698 1192 1784 debi
1211 1705 1302 1788 'tata
1328 1732 1373 1790 ut
1428 1717 1519 1798 artis
1545 1744 1617 1830 per

187 1815 404 1900 cauterium
438 1838 576 1927 apertae
609 1810 783 1922 effigiem
818 1810 1027 1915 efformet,
1056 1811 1163 1897 cette
1183 1739 1469 1908 ‘roborantibus
1499 1853 1616 1939 atque

186 1928 391 2010 saturninis
410 1951 536 2037 partes
554 1923 755 2036 fatigatas,
789 1925 872 2004 imb
896 1924 999 2032 quast
1019 1919 1190 2031 laceras,
1224 1933 1480 2046 compingere
1497 1965 1615 2051 atque

187 2037 399 2143 roborare,
413 2047 455 2123 δι
468 2037 573 2148 quast
585 2035 839 2120 ferruminare
879 2034 1049 2137 roderit;
1065 2043 1107 2120 ἃ
1119 2035 1363 2126 nulreditin
1380 2050 1613 2140 conditione

186 2153 290 2238 adeo
335 2154 509 2265 roprium
530 2147 599 2233 srbi
618 2147 755 2232 locum
770 2065 946 2232 vinriicat
964 2147 1053 2234 usus
1073 2177 1180 2259 aquae
1199 2149 1304 2237 illius
1323 2167 1614 2270 vegeto-mine·

185 2263 277 2350 ralis
319 2267 399 2348 ¹&ae
418 2293 501 2373 quae
520 2260 569 2346 ad
584 2265 690 2345 hunc
705 2258 840 2344 saltem
855 2259 966 2343 usum
981 2261 1157 2346 asservari
1172 2269 1308 2375 potest.
1328 2266 1496 2357 Prosunt
1512 2276 1611 2391 saepe
1728 2293 1733 2302 '

187 2375 384 2464 &balnea
400 2403 450 2462 ex
466 2379 575 2486 aquis
590 2371 798 2458 vitriolicis
814 2370 933 2478 sabla,
949 2374 1034 2457 imo
1047 2380 1090 2457 dt
1105 2372 1286 2461 aluminis
1300 2377 1445 2490 solutio
1453 2445 1468 2492 ,
1486 2389 1612 2474 modo

183 2517 317 2577 tamen
343 2493 467 2573 cutim
496 2515 581 2570 non
600 2513 716 2568 corru
745 2509 814 2568 ent
838 2484 952 2569 &ad
978 2482 1125 2570 limbos
1176 2490 1265 2573 artis
1294 2492 1502 2605 herpeticae
1526 2531 1612 2588 non

184 2602 408 2692 succrescat
428 2601 699 2684 inflammatio.
764 2613 843 2680 unc
867 2600 975 2681 euim
998 2597 1126 2682 celsan
1154 2629 1222 2681 um
1248 2597 1297 2684 ab
1320 2631 1463 2717 opere,
1493 2638 1544 2696 ne
1568 2617 1611 2700 in

184 2717 429 2806 contrarium
447 2715 603 2828 prorsirs
622 2735 709 2794 ruat
728 2707 831 2792 male
850 2707 1025 2822 suscepta
1047 2710 1272 2795 medicatio.

241 2828 369 2914 Hisce
389 2854 439 2912 ex
456 2820 702 2940 generalibus
724 2821 1009 2906 indicationum
1030 2820 1222 2935 capitibus
1242 2849 1329 2909 tota
1351 2830 1545 2918 conflatur
1567 2843 1618 2922 dtx

183 2936 1609 3054 constatherpetumquorumcumquecuratio,quae,utconfido‚omnes

181 3051 487 3170 comprehendit
502 3047 612 3136 casus
629 3053 672 3132 in
686 3072 942 3158 quocumque
957 3075 1009 3130 co
1057 3075 1128 3133 ote
1147 3053 1188 3131 dt
1208 3047 1458 3162 quicumque
1477 3065 1609 3187 regio.

174 3172 245 3254 vnis
270 3167 460 3284 temperie
481 3162 657 3248 incidant
682 3159 752 3244 illi.
790 3157 927 3244 Facile
950 3159 1006 3246 sui
1038 3185 1103 3266 et,
1129 3188 1345 3273 utcumque
1367 3166 1503 3253 diffusa
1528 3203 1607 3280 pana

180 3283 300 3366 nimis
312 3279 544 3365 extendatur
557 3275 684 3360 nostra
696 3271 923 3379 meditatio,
943 3270 1018 3356 soli
1033 3269 1188 3358 suffirlta
1203 3272 1484 3388 observationi,
1503 3285 1607 3370 hanc
1721 3365 1725 3372 ,

179 3401 224 3480 &
249 3392 448 3507 pomposis
471 3389 748 3504 specificorum
772 3381 896 3469 titulis
924 3390 967 3469 ὃ(
993 3389 1221 3500 topicorum
1247 3387 1439 3504 sartagine
1464 3395 1606 3512 ampli-

177 3509 332 3592 ficare:
361 3533 445 3614 quac
471 3507 564 3587 clrm
594 3503 729 3586 omnia
755 3498 828 3582 arti
855 3505 898 3582 dt
914 3495 1012 3583 sahae
1036 3499 1258 3608 methodo,
1285 3501 1363 3586 stne
1387 3503 1463 3614 qud
1487 3509 1605 3594 medi.

177 3621 272 3705 cina
294 3612 402 3698 nulla
418 3615 494 3719 est,
513 3612 641 3697 obsrnt
659 3614 790 3727 potius
810 3606 927 3720 qulm
946 3613 1122 3726 prosint,
1152 3611 1387 3726 repudianda
1401 3616 1493 3702 ideo
1509 3621 1604 3705 duxi

176 3728 292 3844 quod
322 3729 474 3810 animos
504 3724 737 3824 studentium
766 3719 985 3808 obtundant
1014 3727 1138 3837 magis
1167 3721 1284 3836 quim
1316 3724 1515 3816 illustrent.
1547 3735 1604 3818 At

175 3847 274 3932 cum
294 3834 474 3952 herpetes
490 3833 724 3919 morborum
737 3859 994 3921 cutaueorum
1016 3863 1158 3950 agmen
1206 3841 1307 3922 otius
1323 3839 1604 3953 ducantqulm

175 3955 279 4044 alius
297 3950 424 4062 quiuis
441 3950 482 4032 in
498 3945 679 4032 eamdem
722 3971 845 4030 artem
860 3946 1101 4038 decumbens
1121 3978 1143 4031 a
1175 3953 1306 4053 estus,
1328 3951 1421 4034 ideb
1439 3949 1602 4068 longior

174 4074 219 4155 in
239 4063 315 4150 hle
338 4060 544 4150 curatione
565 3977 820 4146 describendi
840 4059 917 4146 esse
941 4059 1077 4170 uolui,
1106 4089 1151 4148 ut
1174 4064 1216 4145 iu
1241 4059 1324 4143 aliis
1345 4059 1503 4149 brevior
1523 4069 1601 4154 else

203 4177 330 4264 offrm.

171 4211 202 4296 P
233 4285 362 4375 Simul
380 4289 479 4374 verb
497 4285 767 4372 tractationem
793 4287 896 4371 hanc
917 4287 1069 4369 finienti
1088 4287 1181 4365 chm
1199 4279 1313 4367 multi
1331 4287 1372 4369 in
1390 4313 1443 4373 eo
1467 4316 1598 4380 errore

172 4401 375 4492 versentur
427 4400 511 4485 ubd
537 4423 676 4482 omnes
691 4399 912 4508 herpetes,
942 4419 1009 4478 aut
1035 4393 1058 4476 h
1087 4391 1153 4477 lue
1178 4395 1345 4482 venerea
1371 4401 1596 4516 pendeant,

173 4542 244 4610 aut
278 4512 308 4610 lt⁸
331 4513 420 4598 scor
447 4536 550 4619 uto,
586 4511 732 4594 horum
765 4531 897 4590 autem
925 4509 1131 4622 herpetum
1165 4513 1316 4594 curatio
1345 4508 1367 4596 l
1395 4513 1597 4614 sanatione

172 4625 336 4714 illorum
362 4621 617 4730 morborum,
643 4619 844 4728 causaque
867 4620 1124 4706 destructione
1148 4622 1345 4737 pendeant
1364 4655 1377 4724 ;
1399 4654 1481 4710 non
1507 4632 1598 4714 inu·

171 4738 245 4826 tile
269 4741 343 4824 erit
365 4738 452 4853 post
479 4739 613 4820 omnia
632 4735 679 4818 iis
702 4731 869 4818 insrstere
886 4736 1123 4848 argumentis
1141 4733 1283 4846 quibus
1332 4738 1421 4823 ossrt
1437 4739 1599 4824 morbo·

172 4881 263 4940 rum
282 4853 579 4966 herpeticorum
598 4843 734 4936 natura
759 4845 783 4934 *a
807 4844 1027 4965 suspicione
1051 4845 1253 4937 causarum
1275 4765 1431 4938 illamrn
1453 4848 1476 4938 lt
1497 4853 1598 4941 veris
