4696 5894
630 421 717 507 4„
842 421 846 428 ·
1056 393 1183 482 ou
1250 389 1614 482 Monnrs

627 555 852 664 oemulatur,
885 563 927 643 ὅ(
947 561 1080 640 'metus
1106 559 1159 642 est
1184 584 1234 641 ne
1257 556 1382 643 subita
1403 557 1599 643 subverfio
1615 553 1857 642 oeconomiae
1883 555 2069 645 animalis

626 698 754 784 partes
769 672 940 756 necdum
958 697 1122 754 mutatas
1137 673 1178 752 in
1194 671 1343 754 viscera
1357 668 1555 754 nobiliora
1569 671 1784 758 transferat.
1807 672 1926 757 Viuo
1939 675 2067 784 igitur

626 785 811 886 museto,
838 783 1048 897 primisque
1069 786 1142 866 viis
1166 781 1281 866 molli
1301 785 1517 868 cathartico
1536 811 1659 896 expur
1687 785 1780 887 atis,
1799 781 2067 868 commenda-

627 899 753 982 verim
775 895 946 980 leniores
966 893 1108 979 herbas
1133 896 1367 1009 saponaceas
1386 892 1472 980 illas
1494 921 1612 1006 atque
1634 815 1711 978 sale
1730 894 1917 980 essentiali
1940 893 2067 980 lenis·-

627 1009 726 1092 fimo
746 1035 973 1122 turgentes,
993 1007 1062 1090 usu
1078 1005 1148 1090 lon
1179 1037 1205 1091 o
1215 1069 1232 1115 ,
1254 1011 1463 1092 mutationi
1479 1012 1692 1093 humorum
1713 1007 1929 1093 efficienda
1950 1034 2066 1123 aptas

627 1119 821 1226 maxime,
845 1118 1065 1230 salibusque
1082 1040 1237 1204 lenibus
1258 1118 1417 1227 &oleis
1440 1119 1644 1226 dulcibus,
1671 1149 1795 1205 muco
1815 1121 1982 1204 animali.
1998 1149 2065 1208 te*

627 1233 787 1318 nuando
813 1242 854 1318 ὅ(
879 1232 1123 1321 mirificando
1150 1233 1323 1317 idoneas.
1353 1232 1474 1318 Tales
1503 1233 1526 1316 a
1549 1231 1746 1318 veteribus
1773 1234 2063 1319 commendata:

626 1345 734 1450 sunt,
753 1343 943 1448 bardane,
962 1344 1190 1460 lapathum,
1212 1349 1431 1461 aperientes¹
1449 1375 1589 1431 omnes
1605 1347 1779 1458 radices,
1801 1355 1843 1430 ὃ(
1863 1347 2062 1462 precipue

625 1457 765 1563 succi,
798 1459 922 1542 infusa
957 1483 1074 1568 atque
1101 1459 1267 1543 decocta
1289 1457 1646 1572 borragineotum,
1680 1461 2060 1568 cichoriaceorum,

623 1571 824 1654 crucifero
846 1573 945 1654 flore
969 1571 1227 1677 donatorum,
1253 1575 1441 1679 nasturtii,
1463 1570 1643 1656 becabun
1673 1603 1702 1654 a
1712 1633 1727 1678 ,
1743 1569 1882 1656 trifolii
1901 1569 2058 1680 fibrini,

626 1687 884 1799 aperientium
905 1684 1075 1794 denique
1099 1687 1151 1768 src
1177 1685 1370 1768 didorum
1399 1689 1604 1791 omnium,
1633 1603 1703 1768 sab
1730 1683 1859 1768 sormla
1881 1684 1997 1768 infusa
2015 1691 2058 1770 bt

625 1798 859 1914 aposematis
885 1822 1022 1908 quater
1045 1796 1095 1880 de
1123 1797 1187 1882 die
1210 1797 1435 1911 repetendi,
1462 1801 1537 1882 hos
1562 1801 1616 1882 ita
1637 1795 1880 1906 praescribere
1901 1795 2026 1883 velim
2038 1857 2055 1904 ,

625 1940 671 1997 ut
694 1940 834 1996 eorum
854 1915 999 1994 virtute
1019 1909 1130 1995 nullo
1159 1909 1520 2024 tempore·sanguis
1546 1937 1700 2015 careat,
1725 1909 1905 2020 adeoque
1926 1937 2056 2025 partes

624 2053 767 2110 eorum
786 2023 911 2107 salina
931 2022 1128 2110 solventes
1151 2023 1403 2107 dominentur
1421 2026 1523 2108 inter
1540 2047 1666 2138 partes
1690 2021 1852 2128 crassas,
1878 2049 2053 2129 terreas,

624 2143 793 2244 inertes,
811 2167 895 2247 quae
914 2134 1009 2220 mali
1024 2135 1224 2220 essentiam
1240 2137 1490 2220 constituunt.
1620 2145 1630 2160 ‘

681 2249 911 2336 Laudentur
930 2247 953 2333 a
969 2245 1101 2334 multis
1119 2245 1268 2354 juscula
1287 2245 1310 2330 ὲ
1326 2249 1543 2360 viperarum
1565 2275 1681 2336 carne
1700 2245 1915 2334 secundum
1929 2273 2049 2334 artem
2077 2297 2082 2304 ·

625 2364 820 2448 confeeia
841 2363 924 2448 Sed
937 2359 1006 2452 illa
1022 2360 1162 2477 puerili
1179 2362 1278 2444 stati
1295 2363 1382 2444 rarb
1397 2387 1575 2476 aptantur
1591 2392 1605 2460 3
1622 2388 1668 2445 ut
1684 2360 1779 2476 pote
1794 2391 1879 2471 qua
1893 2364 2050 2446 nimiam

624 2481 821 2562 aulonem
840 2501 1001 2560 exerant
1013 2536 1028 2581 ,
1057 2481 1098 2558 δι
1120 2502 1265 2587 corpus
1287 2474 1452 2558 nimium
1475 2479 1713 2558 immutent:
1745 2501 1793 2558 ea
1817 2473 2050 2590 preferenda

623 2587 729 2678 sunt.
749 2589 1037 2674 medicamenta
1074 2616 1245 2702 quorum
1282 2585 1397 2672 dotes
1436 2612 1653 2704 temperare
1688 2595 1730 2670 δι
1770 2614 1906 2700 regere
1944 2585 2050 2674 facili

620 2708 678 2790 im
707 2706 790 2788 erio
817 2701 946 2816 pollis.
2040 2743 2044 2749 -

725 2844 772 2901 ec
798 2817 896 2900 verb
922 2810 1060 2899 inutile
1090 2815 1142 2898 est
1169 2816 1235 2896 hlc
1269 2810 1536 2898 antimonialia
1561 2809 1749 2897 lenissrma
1776 2810 1938 2898 miscere
1963 2841 2049 2922 qua

431 2893 459 2946 '¹
501 2949 506 2958 ’
622 2927 876 3042 sulphureum
893 2925 1062 3037 aliquid,
1079 2926 1225 3036 aliquid
1239 2929 1356 3040 partis
1375 2923 1558 3039 tegulinae
1579 2927 1829 3031 contineant,
1850 2928 2049 3010 ita'tamen

622 3038 907 3145 refraeadosr‚
924 3066 968 3124 ut
991 3038 1311 3156 perspirationem
1327 3063 1614 3153 promoveant,
1640 3038 1749 3146 quod
1772 3039 1860 3151 ipsis
1883 3067 2049 3154 compe·

623 3181 708 3238 tere
743 3151 964 3236 observatio
988 3148 1055 3234 vel
1080 3151 1379 3248 constantissima
1415 3149 1662 3235 demonstrat.
1699 3147 1815 3234 Talia
1844 3177 2047 3267 preparata

623 3266 712 3350 suut
734 3262 918 3380 sulphura
943 3265 1147 3346 antimonii
1169 3290 1299 3347 aurata
1321 3263 1444 3375 dicia,
1476 3261 1658 3378 sulphura
1686 3259 1755 3345 illa
1776 3261 1933 3348 lotione
1964 3265 2046 3350 solrl

622 3380 877 3492 praecipitata,
896 3376 1156 3460 antimonium
1169 3374 1504 3487 diaphoreticum,
1521 3376 1645 3488 ipsum
1659 3377 1901 3490 veropraeter
1914 3382 2048 3462 omnia

621 3491 699 3576 alia
719 3491 886 3574 crudum
908 3489 1291 3596 antimonium,s1ve
1313 3515 1394 3574 arte
1408 3515 1704 3603 regeneratum,
1720 3489 1797 3574 five
1818 3518 1869 3575 ex
1888 3492 2048 3578 mineris

621 3605 836 3690 extradium
857 3603 1074 3720 purissimis.
1510 3651 1512 3656 ·

676 3713 868 3824 l'raeterea
893 3716 990 3800 verb
1019 3712 1197 3832 pluribus
1225 3718 1267 3798 in
1298 3713 1446 3800 casrbus
1458 3777 1473 3822 ,
1511 3714 1719 3831 prasertim
1746 3711 1814 3798 ubi
1841 3741 2050 3830 parentum

621 3833 750 3916 minius
765 3828 854 3945 apte
868 3831 1105 3914 concinnata
1116 3831 1205 3926 vitre
1219 3831 1319 3912 ratio
1334 3831 1526 3942 originem
1541 3825 1650 3932 malo
1663 3824 1860 3940 praebuisse
1870 3828 2050 3934 videtur,

621 3940 869 4032 mercurialis
896 3943 1014 4038 etiam
1044 3938 1181 4024 locum
1222 3968 1490 4056 opportunum
1528 3941 1759 4044 inveniunt,
1792 3940 1983 4056 praecipue
2019 3941 2051 4024 li

624 4059 735 4174 quod
775 4053 879 4142 tirtel
910 4053 1084 4138 afficitur
1122 4081 1194 4136 cor
1222 4084 1266 4136 us
1298 4054 1462 4137 crassum
1505 4055 1550 4136 srt
1586 4080 1702 4163 atque
1736 4053 2048 4168 corpulentum,

620 4197 707 4254 uon
730 4169 917 4276 exesum,
946 4193 1021 4254 nec
1048 4168 1170 4249 marci
1198 4195 1279 4250 um.
1305 4166 1349 4249 Si
1376 4169 1474 4251 vero
1498 4163 1689 4278 glandula
1713 4167 1992 4270 intumuerint,
2020 4165 2054 4248 li

622 4309 727 4368 artus
751 4289 793 4367 δι
815 4309 955 4366 eorum
976 4276 1132 4363 aniculi
1155 4305 1292 4390 graves
1318 4285 1359 4360 dt
1391 4277 1527 4384 crassr,
1559 4276 1806 4363 mercurialis
1837 4303 2054 4392 preparata

622 4392 694 4479 srbi
713 4397 922 4478 maximam
944 4423 1045 4476 cura
1071 4415 1218 4508 partem
1240 4388 1508 4475 vindicabunt.
1520 4391 1644 4475 ‘Inter
1666 4393 1750 4474 hac
1775 4389 1905 4502 aquila
1932 4388 2052 4498 alba,

622 4536 800 4624 panacaa
827 4503 1094 4609 mercurialis,
1119 4505 1253 4590 forsan
1279 4511 1320 4587 dt
1347 4507 1510 4620 aethiops
1537 4501 1732 4587 minerolis
1745 4565 1761 4610 ,
1788 4505 1870 4588 dost
1891 4507 1947 4588 ita
1966 4502 2056 4588 sus·

622 4617 741 4735 pensi
764 4616 921 4722 oblata,
944 4645 993 4701 ne
1012 4615 1104 4700 inde
1122 4615 1267 4726 aliquis
1287 4616 1450 4700 offellus
1463 4615 1663 4722 eliciatur,
1686 4619 1891 4701 materiem
1913 4619 2057 4702 tineo·

619 4733 703 4823 sam
728 4729 825 4815 mire
853 4755 1051 4816 attenuare
1073 4730 1152 4816 visa
1169 4730 1274 4816 sunt.
1305 4727 1466 4842 Quibus
1489 4725 1622 4826 multis
1647 4731 1699 4816 in'
1716 4728 1867 4816 casrbus
1894 4729 2056 4818 erudita

2012 4873 2058 4928 tn

2093 511 2104 540 Ι
