4156 5892
496 481 578 543 200
750 420 752 426 ’
933 451 1043 541 on
1111 411 1476 541 monnrs

494 578 797 750 amyg⁹dalamm
814 614 1088 732 glandularum
1116 619 1376 750 inflationesj
1405 610 1600 732 precipue
1631 609 1730 699 verb
1765 619 1809 702 ὰ
1843 615 1936 703 ἐπιδ

496 761 631 816 omma
668 728 854 926 plumbea
887 731 1008 814 totiirs
1041 733 1221 845 corporis
1260 755 1457 844 gravitas,
1491 725 1692 812 unicum
1723 725 1933 815 doloribus

361 943 368 964 ι
496 847 672 960 gravanti
701 875 748 928 us
760 906 774 949 ‚
803 870 1044 953 omnemque
1069 845 1293 926 machinam
1319 841 1457 925 misere
1484 836 1792 925 distrahentibus.
1821 841 1933 927 Tirm

494 960 592 1042 vero
613 953 848 1071 erysipelatis
876 953 992 1040 locus
1019 957 1085 1039 hic
1114 955 1281 1040 accedit.
1311 957 1420 1038 Nam
1447 951 1572 1068 vulgo
1598 951 1805 1084 erysipelas
1831 953 1932 1040 illud

358 1153 361 1162 ,
494 1067 737 1175 invulsum,
757 1068 902 1152 faciem
924 1077 966 1153 ὃ(
986 1097 1096 1153 aures
1118 1065 1352 1173 decumbit,
1374 1069 1493 1151 rarius
1513 1068 1556 1150 in
1574 1063 1667 1150 thas
1682 1093 1836 1182 partes,
1859 1071 1930 1152 nisi

495 1180 573 1290 jam
590 1180 840 1266 oedematosae
865 1179 940 1265 illae
961 1180 1128 1287 fuerint,
1153 1207 1220 1266 aut
1243 1177 1319 1265 alis
1332 1177 1583 1292 quicumque
1603 1179 1657 1264 de
1677 1178 1793 1264 causi
1815 1179 1932 1266 debi-

494 1296 623 1380 litata.
653 1292 842 1378 Praeterei
870 1296 967 1381 vero
995 1291 1200 1429 erysipelas
1224 1291 1325 1378 illud
1353 1290 1621 1377 catharrosum
1649 1290 1932 1407 multomagis

488 1406 759 1523 'complicatur
783 1431 899 1518 atque
925 1411 1171 1512 connesirtur
1198 1437 1293 1491 cum
1319 1406 1517 1491 oedemate
1546 1407 1767 1490 catharrum
1788 1417 1929 1516 quem'-

495 1549 669 1632 cumque
692 1524 932 1626 comitante,
953 1519 1071 1633 quim
1091 1517 1199 1604 aliud
1216 1521 1385 1632 quodvis
1405 1515 1680 1634 erysipelatum
1695 1546 1833 1636 genus.

550 1631 810 1748 Erysrpelatis.
832 1631 856 1717 *a
880 1634 965 1718 sero
1001 1637 1082 1717 acri
1114 1633 1444 1717 rheumathisante
1473 1632 1679 1747 pendentis
1711 1631 1929 1744 diagnofim

496 1750 696 1833 constituit
706 1746 787 1861 ipse
806 1744 950 1853 dolor,
974 1772 1041 1830 aut
1058 1749 1099 1830 in
1118 1744 1307 1830 articulos
1326 1749 1510 1860 pravius,
1536 1770 1602 1828 aut
1622 1743 1744 1858 ipsam
1759 1746 1930 1860 erysipe-

495 1863 585 1947 latis
611 1858 744 1943 sedem
771 1887 873 1942 occu
903 1889 981 1945 ans.
1011 1855 1118 1942 Illud
1142 1857 1272 1942 morbi
1303 1861 1426 1972 ge'nu's
1452 1862 1520 1943 vix
1545 1858 1626 1942 sese
1657 1861 1698 1942 in
1723 1882 1925 1942 tumorem

496 1971 672 2060 attollit:
696 1977 763 2056 vix
785 1889 900 2056 alius)
910 1997 974 2057 tot
991 1971 1234 2086 phlysioenas
1254 1974 1459 2072 concitat3
1478 1974 1546 2056 vix
1561 1969 1668 2057 aliud
1688 1995 1751 2054 tot
1764 1969 1929 2056 dolores

496 2112 637 2171 acutos
656 2089 777 2199 parit,
803 2088 863 2168 ita.
876 2110 921 2168 ut
942 2085 1105 2200 maligni
1126 2083 1274 2196 aliquid
1294 2089 1335 2168 in
1356 2081 1463 2168 malo
1482 2083 1596 2169 adas
1615 2087 1744 2169 esium
1760 2084 1928 2199 simplici

493 2198 617 2284 latere
642 2225 781 2282 omnes
805 2197 1044 2312 suspicentur
1063 2197 1129 2282 vel
1148 2196 1400 2283 induitiores.
1421 2116 1613 2284 Praesens
1628 2225 1705 2282 nec
1728 2195 1830 2304 boae
1851 2195 1930 2282 tol-

493 2311 588 2397 litur
600 2373 615 2419 ‚
643 2337 717 2395 nec
742 2309 859 2394 sacili,
881 2309 1054 2417 sedatur,
1078 2337 1227 2394 necto
1251 2311 1449 2394 desinente
1471 2313 1511 2394 in
1531 2311 1625 2396 alias
1646 2335 1773 2426 partes
1795 2309 1926 2397 saevire

492 2424 641 2510 cessant
654 2421 829 2508 dolores.
848 2423 965 2508 Unde
979 2420 1182 2539 erysipelas
1196 2421 1296 2508 illud
1313 2423 1589 2531 assuevisset,
1608 2431 1651 2510 ὃ(
1669 2422 1926 2510 metuendum

494 2541 619 2652 magis
643 2533 717 2621 illo
744 2533 857 2643 hujus
890 2533 985 2620 maii
1007 2562 1153 2651 genere
1175 2536 1286 2648 quod
1309 2543 1352 2622 ot
1375 2538 1618 2623 arthritidem
1645 2539 1792 2652 accipit
1816 2543 1859 2622 δι
1882 2539 1926 2624 iu

482 2649 608 2758 'hujus
627 2648 767 2734 locum
786 2649 984 2736 succedit:
1082 2714 1084 2718 .
1191 2661 1207 2732 .’

544 2761 772 2849 'Fatendum
792 2767 845 2848 est
856 2827 872 2873 ,
896 2761 1102 2879 &pluries
1123 2761 1277 2848 dabitur
1299 2765 1457 2849 occasio
1481 2760 1582 2848 illud
1604 2759 1720 2847 iustius
1740 2759 1927 2846 demons-

483 2876 641 2980 trandi,
658 2876 739 2962 sese
755 2881 799 2960 in
817 2874 956 2960 locum
979 2876 1187 2961 arthitridis
1202 2875 1414 2987 aliquando
1430 2876 1532 2960 mala
1556 2902 1718 2962 cutanta
1737 2877 1923 2988 graviora

494 2989 716 3103 patefacere
735 3022 748 3090 3
776 2991 860 3072 imi>
886 2996 928 3073 8(
946 2986 1044 3105 sape
1059 2987 1207 3073 malum
1222 2989 1464 3076 soevissrmum
1483 3018 1553 3106 per
1572 2991 1797 3104 eruptiones
1811 3013 1929 3072 cuta-

492 3126 586 3184 neas
620 3100 790 3185 maxime
822 3127 975 3186 atroces
1008 3105 1199 3216 extingui.
1236 3103 1388 3189 Verism
1419 3101 1488 3187 ubi
1517 3101 1646 3188 levior
1678 3104 1848 3188 arthritis
1881 3104 1928 3186 in

493 3211 642 3298 malum
662 3212 964 3328 erysrpelaceum
982 3213 1090 3322 abit,
1111 3213 1236 3330 vulgo
1255 3214 1386 3301 sevius
1408 3213 1509 3301 illud
1532 3217 1585 3301 est
1610 3221 1674 3321 δι,
1700 3241 1789 3300 utut
1808 3218 1930 3329 perti·

491 3357 596 3432 mx,
623 3325 785 3412 dolores
820 3356 902 3412 non
938 3331 1115 3412 concitat
1147 3330 1402 3442 gravissimos.
1444 3325 1552 3412 Nar'n
1583 3329 1649 3412 hic
1678 3327 1731 3415 de
1759 3325 1806 3414 eit
1840 3355 1930 3416 non

490 3441 694 3551 loquimur
720 3438 955 3555 erysipelatis
981 3441 1112 3555 specie
1168 3471 1225 3524 uae
1255 3441 1498 3528 arthritidem
1529 3443 1805 3530 comitatur&
1829 3471 1930 3526 cum

490 3552 538 3640 ei
561 3556 754 3668 erumpit,
781 3583 874 3638 cum
893 3551 939 3638 ei
957 3557 1100 3669 pariter
1114 3473 1295 3640 sriirfidit:
1315 3552 1541 3670 erysipelata
1561 3551 1629 3638 illa
1644 3554 1811 3669 periodo
1826 3583 1930 3642 cum

490 3665 693 3754 arthitride
719 3667 963 3772 consonant,
986 3698 1079 3753 cum
1102 3665 1148 3752 ei
1173 3665 1401 3775 solvuntur,
1427 3699 1520 3752 cum
1544 3666 1590 3752 ei
1612 3667 1796 3752 reditura.

543 3781 739 3892 Ancipitis
761 3778 877 3893 plena
899 3777 1065 3893 periculi
1093 3784 1146 3866 est
1175 3779 1368 3895 diagnosts
1397 3779 1466 3867 illa
1491 3811 1574 3893 qua
1600 3783 1744 3865 veneni
1765 3777 1931 3878 latentis

490 3897 535 3978 ὁ(
561 3895 602 3976 in
627 3889 831 4008 erysrpelas
857 3889 1034 3978 abeuntis
1061 3920 1237 3979 naturam
1260 3893 1383 3980 vellet
1415 3896 1625 4009 designare.
1655 3892 1813 3986 Gradus
1834 3897 1931 3980 vim

489 4001 632 4090 lentiae*
647 4008 688 4088 in
719 4001 945 4120 erysipelate
972 4005 1137 4120 gradum
1172 4012 1354 4093 nocentis
1382 4007 1503 4091 causae
1536 4007 1742 4121 dessgnat,
1767 4035 1930 4092 eonem

490 4120 667 4206 mitantia
691 4143 828 4202 cetera
849 4143 1038 4205 naturam.
1069 4118 1220 4203 verum
1245 4117 1266 4203 ὲ
1288 4146 1446 4208 ueneno
1469 4146 1725 4230 quocrnnque
1748 4117 1933 4233 pendere

491 4227 694 4341 cryfipelas
727 4231 819 4316 inde
844 4229 1018 4345 sagacius
1046 4230 1304 4338 odoraberis,
1341 4223 1472 4342 quiid,
1508 4257 1680 4347 excepto
1709 4234 1790 4320 acri
1814 4229 1901 4326 illo,
1914 4295 1931 4340 ‚

489 4368 627 4428 cetera
653 4340 742 4426 sana
769 4345 865 4449 sort,
893 4343 1001 4454 quod
1029 4341 1137 4430 nulla
1163 4345 1186 4428 ὲ
1211 4345 1397 4463 prodistis
1426 4346 1546 4429 causrs
1573 4345 1632 4428 sui
1655 4344 1933 4460 suspicionem

489 4453 663 4554 offeram
690 4454 798 4566 qnod
822 4455 961 4540 contri
983 4461 1121 4571 praevia
1140 4457 1402 4575 symptomata
1407 4521 1422 4566 ,
1446 4454 1711 4546 ventriculum
1733 4455 1823 4542 ante
1845 4457 1936 4548 alia

488 4565 638 4651 viscera
660 4565 818 4674 musei,
844 4570 1049 4656 thoracem
1073 4571 1190 4678 tuffi,
1216 4600 1334 4687 caput
1354 4573 1547 4685 vertigine
1570 4571 1805 4668 affecerint3
1833 4601 1937 4684 quos

488 4681 595 4793 signa
621 4676 824 4766 latentium
850 4709 1095 4767 venenorum
1120 4683 1461 4778 intumescentiam
1484 4681 1552 4770 vul
1580 4687 1609 4778 ὸ
1633 4681 1851 4780 declarant,

545 4791 694 4876 Verirm
718 4795 760 4878 in
784 4793 889 4880 tanti
909 4795 1108 4880 causarum
1128 4797 1367 4883 obscuritate
1389 4825 1470 4880 non
1494 4800 1523 4881 ii
1543 4715 1674 4882 simus
1700 4801 1769 4908 qui
1791 4799 1935 4890 statim

485 4931 668 5026 putemus
694 4905 999 5019 presumendum
1022 4909 1223 5002 causarum
1250 4913 1522 5010 curationem
1550 4913 1774 5122 necpstpitlilm
1795 4909 1936 5042 taient

955 5045 960 5054 ·
1741 5049 1937 5144 genuam
