4226 5916
509 421 595 522 aa
951 373 1485 499 annonam

496 572 809 687 'conciliantque
823 573 883 660 illi
900 583 942 662 δι
958 571 1170 660 mollitiem
1187 582 1229 661 &
1244 577 1502 679 tenuitatem,
1517 596 1563 658 ut
1574 569 1788 660 insularum
1802 573 1950 666 incolis

511 687 702 776 familiare
723 692 776 772 est
795 693 888 773 teste
906 690 990 802 Hip
1021 695 1155 774 ocrate
1174 695 1249 794 (a).

505 862 508 872 Δ
569 801 618 883 In
641 829 785 916 genere
805 807 950 935 pariter
992 805 1216 884 sentinarum
1240 801 1342 884 cutis
1369 801 1535 881 matium
1561 824 1655 885 cute
1678 806 1841 886 tenuior
1861 807 1944 912 est,

515 901 557 998 bc
581 919 703 1029 magis
723 908 859 1022 exrlrs,
881 943 1050 1026 eamque
1071 917 1099 997 li
1120 913 1391 1027 microscopio
1412 910 1647 1026 inspexeris,
1663 940 1775 999 textu
1797 913 1945 1002 delica-

512 1029 605 1112 tio'ri
621 1036 662 1111 ὅ(
678 1026 832 1112 cellulis
847 1033 971 1143 magis
986 1030 1202 1142 compactis
1222 1025 1427 1143 minusque
1440 1024 1637 1110 hiantibus
1652 1027 1821 1112 effislam
1838 1057 1946 1144 repo·

513 1139 614 1244 ries,
636 1143 690 1224 ita
706 1167 750 1224 ut
764 1169 810 1225 ea
826 1140 942 1226 etiarn
961 1141 1180 1225 differentia
1195 1139 1243 1223 ad
1260 1139 1481 1245 infanium,
1500 1141 1542 1221 in
1558 1141 1640 1223 hoc
1656 1140 1722 1226 vel
1736 1141 1811 1225 illo
1825 1142 1943 1249 sexu,

513 1278 647 1334 cutem
665 1257 807 1367 pariter
825 1255 1032 1359 reseratur,
1054 1285 1138 1366 quae
1158 1251 1180 1336 {a
1200 1253 1424 1366 primordiis
1441 1251 1602 1362 quidem
1617 1257 1736 1338 exliat
1750 1282 1943 1361 connata,

511 1362 579 1447 sed
597 1369 724 1448 minus
743 1363 911 1451 notabili
927 1368 1063 1482 gradu.
1088 1367 1195 1450 cum
1211 1367 1309 1449 verb
1327 1368 1427 1447 cutis
1446 1363 1601 1448 densior
1619 1367 1694 1472 est,
1743 1368 1944 1482 erspiratio

509 1473 638 1562 libera
656 1479 817 1590 quidem
838 1481 915 1566 esse
936 1483 1084 1595 potest,
1104 1479 1173 1564 sed
1192 1507 1275 1562 non
1290 1481 1442 1592 impetu
1462 1476 1608 1562 eodem
1627 1398 1804 1594 prosilire
1824 1514 1833 1563 :
1854 1485 1945 1564 cum

511 1589 678 1680 mollior
700 1595 752 1677 est
777 1602 819 1681 ὃ(
841 1591 988 1699 laxior,
1014 1594 1184 1681 tardatur
1205 1593 1347 1707 pariter
1365 1587 1419 1674 ob
1436 1593 1577 1674 virium
1599 1594 1823 1676 tonicarum
1847 1597 1946 1678 iner-

510 1705 619 1789 tiam.
646 1705 783 1790 Minbs
834 1707 1019 1821 erspirant
1039 1705 1223 1791 mulieres
1247 1708 1290 1788 in
1313 1730 1406 1787 cute
1426 1702 1577 1786 summe
1603 1709 1712 1788 tenui
1737 1704 1791 1788 ob
1845 1711 1943 1790 arvi-

510 1841 632 1900 tatem
654 1825 697 1902 bt
720 1847 790 1902 mo
824 1822 933 1905 idem
955 1821 1167 1904 meatdum.
1197 1817 1334 1900 Minhs
1355 1815 1494 1900 sudant
1512 1813 1636 1900 adulti
1656 1845 1707 1902 eo
1727 1738 1842 1930 quod
1859 1821 1942 1904 vasa

510 1956 678 2014 cucanea
707 1933 835 2016 minus
870 1931 1041 2037 cedant,
1080 1940 1122 2015 bt
1156 1930 1298 2013 fortius
1331 1931 1498 2042 impetui
1530 1925 1730 2040 liquorum
1765 1935 1942 2018 r'efistant.

510 2040 625 2126 Cutis
640 2041 785 2126 sortior
802 2069 921 2154 atque
941 2044 1099 2128 crassior
1112 2046 1238 2126 minias
1255 2042 1391 2147 sentit,
1411 2043 1502 2152 quia
1519 2039 1567 2123 ab
1582 2067 1839 2128 externorum
1854 2075 1941 2130 cor-

508 2181 654 2266 porum
674 2154 877 2242 insultibus
897 2161 1025 2241 minhs
1048 2152 1355 2261 commovetur,
1377 2157 1494 2238 itaut
1514 2157 1623 2238 aubia
1642 2159 1938 2268 praetermodhm

510 2267 693 2360 eralhties
722 2268 874 2358 sensum
900 2269 1135 2356 omnimode
1165 2267 1373 2352 obtundat.
1412 2265 1527 2350 Cutis
1559 2271 1721 2353 tenuior
1750 2271 1937 2381 exquisito

509 2377 620 2472 sensu
645 2381 842 2484 donatur;
862 2386 931 2468 nisr
951 2411 1108 2488 tamen,
1126 2407 1170 2465 ut
1190 2379 1288 2495 saepe
1314 2379 1485 2486 accidit,
1508 2375 1720 2488 mollities,
1745 2381 1940 2467 &laxitas

509 2496 692 2581 tenuitati
708 2491 845 2600 junctae
868 2499 1045 2582 nativum
1071 2493 1201 2580 senshs
1231 2521 1400 2578 acumen
1422 2517 1639 2601 enervent,
1663 2501 1705 2578 bt
1732 2495 1941 2581 hebescere
1986 2583 1992 2594 ,

508 2606 668 2694 saciant.
682 2604 799 2692 Unde
817 2608 916 2722 saeps
934 2613 976 2692 in
994 2610 1143 2698 eisdem
1158 2609 1437 2723 phoenomenis
1457 2605 1690 2691 inducendis
1709 2609 1834 2692 causae
1851 2639 1940 2693 con·

508 2723 631 2806 trariae
657 2722 803 2836 possint
828 2750 1080 2810 concurrere.
1117 2719 1246 2831 Quod
1270 2718 1545 2804 observatione
1573 2716 1655 2806 sola
1680 2719 1940 2808 dirimendum

506 2833 571 2920 a
729 2963 1715 3084 lavicanusvnrnus

844 3173 913 3258 De
936 3173 1104 3284 Croffitie
1113 3175 1335 3290 fitbstorztioe
1356 3176 1456 3260 cutis
1476 3175 1600 3260 αιιᾶἅ.

561 3404 677 3486 Curis
692 3399 881 3486 morbose
897 3400 1117 3507 crassescit,
1135 3405 1290 3511 quotics
1304 3431 1371 3486 aut
1382 3399 1536 3508 subito,
1555 3425 1624 3485 aut
1636 3400 1796 3511 sensim,
1814 3405 1859 3489 id
1868 3409 1938 3513 es,

506 3542 742 3602 utvererum
760 3513 952 3626 loquendi
975 3544 1154 3598 normam
1172 3515 1331 3626 sequar,
1360 3541 1427 3598 aut
1449 3517 1656 3620 fluxione,
1683 3539 1751 3597 aut
1773 3521 1936 3631 conges-

506 3632 619 3719 tione
648 3627 826 3712 indursta
855 3654 991 3743 praerer
1018 3654 1162 3712 naturae
1193 3628 1406 3734 ordinem,
1433 3635 1475 3711 bt
1509 3625 1687 3711 scabrosa
1704 3629 1751 3709 sit
1777 3661 1790 3728 ς
1814 3633 1868 3712 ita
1892 3655 1936 3714 ut

505 3745 629 3831 tactus
663 3737 850 3826 hebescat
859 3803 878 3872 Ι
900 3747 956 3846 ¹&
978 3741 1058 3854 ipsa
1087 3744 1190 3824 cutis
1216 3742 1346 3824 forma
1371 3737 1578 3824 brutorum
1605 3744 1648 3822 in
1677 3737 1827 3852 pellem
1854 3770 1936 3826 tan·

506 3855 616 3968 genti
630 3851 819 3937 conversa
831 3853 1022 3938 vrdeatur.
1037 3853 1191 3937 Vitium
1204 3855 1285 3937 hoc
1298 3883 1381 3936 non
1390 3851 1550 3964 quidem
1565 3854 1606 3935 in
1621 3852 1779 3935 summo
1792 3853 1937 3966 gradu,

505 3997 596 4052 nam
611 3965 753 4080 gradus
771 3961 840 4048 ille
859 3969 1073 4070 rariores,
1100 3965 1167 4049 sed
1182 3966 1337 4049 remisso
1360 3965 1456 4079 sape
1479 3963 1739 4048 observavere
1762 3993 1936 4072 veteres,

505 4082 761 4192 gymnastices
781 4084 824 4160 ὅ(
844 4077 1000 4162 decoris
1022 4080 1173 4161 externi
1192 4081 1373 4192 corporis
1390 4075 1520 4161 multo
1537 4075 1624 4196 plus
1643 4075 1808 4162 solliciti
1820 4075 1937 4188 qusm

503 4191 688 4276 hodierni
712 4190 912 4295 artifices,
939 4190 1006 4300 qui
1030 4187 1156 4274 aliena
1181 4191 1225 4272 in
1251 4218 1397 4304 corpus
1427 4217 1656 4275 ornamenta
1686 4215 1938 4306 congerunt,

505 4333 558 4390 co
605 4333 650 4387 us
670 4303 795 4414 ipsum
812 4303 910 4386 verb
928 4305 1092 4387 tranant
1114 4298 1391 4416 negligentiis.

511 4333 834 4529 wgmptomata
857 4414 1058 4502 morbum..
1073 4413 1189 4500 illum
1219 4418 1532 4500 concomitantia
1556 4419 1698 4528 partim
1726 4441 1780 4500 ex
1807 4413 1938 4500 oculis

502 4533 545 4614 δ’(
573 4532 677 4622 tadu
704 4553 917 4642 petuntur,
941 4530 1121 4640 adeoque
1145 4527 1341 4614 evidentia
1361 4529 1450 4612 sunt
1463 4591 1476 4633 ‚
1502 4533 1642 4642 partlm
1668 4527 1717 4612 ab
1741 4557 1936 4642 agrorum

500 4640 611 4726 sensu
629 4643 698 4751 qui
717 4636 870 4746 obieeta
886 4669 1147 4754 quacumque
1169 4639 1343 4726 obtusius
1360 4641 1554 4747 sentiunt,
1575 4668 1815 4752 motumque
1832 4641 1935 4725 diffi-

501 4753 620 4842 cil‘em
640 4757 917 4868 experiuntur,
939 4759 1082 4869 partim
1095 4757 1214 4841 ctiam
1230 4754 1278 4841 ab
1294 4751 1497 4842 effeeibns
1512 4756 1581 4866 qui
1598 4757 1680 4840 hoc
1695 4756 1798 4840 vitio
1814 4751 1936 4839 semel

478 4891 487 4904 ⁹
509 4938 515 4956 ·
537 4913 591 4990 (ι)
612 4907 661 4972 De
678 4923 742 4969 sere
752 4951 763 4982 ‚
778 4905 870 4986 usecia,
891 4915 919 4970 er
937 4911 1029 4995 aquis·
