<?xml version="1.0" encoding="UTF-8"?>
<!DOCTYPE html PUBLIC "-//W3C//DTD XHTML 1.0 Transitional//EN"
    "http://www.w3.org/TR/xhtml1/DTD/xhtml1-transitional.dtd">
<html xmlns="http://www.w3.org/1999/xhtml" xml:lang="en" lang="en">
 <head>
  <title>
</title>
<meta http-equiv="Content-Type" content="text/html;charset=utf-8" />
  <meta name='ocr-system' content='tesseract 3.04.00' />
  <meta name='ocr-capabilities' content='ocr_page ocr_carea ocr_par ocr_line ocrx_word'/>
</head>
<body>
  <div class='ocr_page' id='page_1' title='image "./tractatusdemorb00cavegoog_0505.png"; bbox 0 0 4226 5916; ppageno 0'>
   <div class='ocr_carea' id='block_1_1' title="bbox 681 321 1650 516">
    <p class='ocr_par' dir='ltr' id='par_1_1' title="bbox 681 321 1650 516">
     <span class='ocr_line' id='line_1_1' title="bbox 681 321 1650 516; baseline 0 -50"><span class='ocrx_word' id='word_1_1' title='bbox 681 321 1177 466; x_wconf 80' lang='lat' dir='ltr'>curiunis</span> <span class='ocrx_word' id='word_1_2' title='bbox 1561 389 1650 516; x_wconf 60' lang='lat' dir='ltr'>,u</span> 
     </span>
    </p>
   </div>
   <div class='ocr_carea' id='block_1_2' title="bbox 117 533 1685 4592">
    <p class='ocr_par' dir='ltr' id='par_1_2' title="bbox 117 533 1685 4592">
     <span class='ocr_line' id='line_1_2' title="bbox 217 533 1653 657; baseline 0 -31"><span class='ocrx_word' id='word_1_3' title='bbox 217 539 426 626; x_wconf 69' lang='lat' dir='ltr'>contrado</span> <span class='ocrx_word' id='word_1_4' title='bbox 446 535 661 626; x_wconf 75' lang='lat' dir='ltr'>necessario</span> <span class='ocrx_word' id='word_1_5' title='bbox 689 537 914 652; x_wconf 88' lang='lat' dir='ltr'>sequuntur.</span> <span class='ocrx_word' id='word_1_6' title='bbox 950 539 1145 646; x_wconf 81' lang='lat' dir='ltr'>liautem</span> <span class='ocrx_word' id='word_1_7' title='bbox 1175 535 1263 621; x_wconf 85' lang='lat' dir='ltr'>sunt</span> <span class='ocrx_word' id='word_1_8' title='bbox 1294 533 1581 657; x_wconf 83' lang='lat' dir='ltr'>perspirationis</span> <span class='ocrx_word' id='word_1_9' title='bbox 1610 551 1653 648; x_wconf 70' lang='lat' dir='ltr'>et</span> 
     </span>
     <span class='ocr_line' id='line_1_3' title="bbox 219 647 1651 770; baseline 0.001 -34"><span class='ocrx_word' id='word_1_10' title='bbox 219 647 477 736; x_wconf 82' lang='lat' dir='ltr'>exhalationis</span> <span class='ocrx_word' id='word_1_11' title='bbox 497 654 749 758; x_wconf 89' lang='lat' dir='ltr'>imminutio,</span> <span class='ocrx_word' id='word_1_12' title='bbox 772 651 876 738; x_wconf 72' lang='lat' dir='ltr'>unde</span> <span class='ocrx_word' id='word_1_13' title='bbox 896 679 1105 770; x_wconf 83' lang='lat' dir='ltr'>perpetuus</span> <span class='ocrx_word' id='word_1_14' title='bbox 1128 675 1244 760; x_wconf 91' lang='lat' dir='ltr'>atque</span> <span class='ocrx_word' id='word_1_15' title='bbox 1269 647 1429 764; x_wconf 80' lang='lat' dir='ltr'>praeseus</span> <span class='ocrx_word' id='word_1_16' title='bbox 1452 678 1651 740; x_wconf 84' lang='lat' dir='ltr'>metusne</span> 
     </span>
     <span class='ocr_line' id='line_1_4' title="bbox 216 762 1650 876; baseline 0.001 -28"><span class='ocrx_word' id='word_1_17' title='bbox 216 766 257 848; x_wconf 91' lang='lat' dir='ltr'>iu</span> <span class='ocrx_word' id='word_1_18' title='bbox 279 764 644 876; x_wconf 19' lang='lat' dir='ltr'>parntesnobiliores</span> <span class='ocrx_word' id='word_1_19' title='bbox 662 767 799 870; x_wconf 79' lang='lat' dir='ltr'>refluat</span> <span class='ocrx_word' id='word_1_20' title='bbox 813 769 958 850; x_wconf 89' lang='lat' dir='ltr'>humor</span> <span class='ocrx_word' id='word_1_21' title='bbox 973 765 1306 850; x_wconf 88' lang='lat' dir='ltr'>excremeiititius.</span> <span class='ocrx_word' id='word_1_22' title='bbox 1320 762 1436 846; x_wconf 76' lang='lat' dir='ltr'>Undb</span> <span class='ocrx_word' id='word_1_23' title='bbox 1449 767 1567 848; x_wconf 91' lang='lat' dir='ltr'>etiam</span> <span class='ocrx_word' id='word_1_24' title='bbox 1581 796 1650 849; x_wconf 84' lang='lat' dir='ltr'>ca-</span> 
     </span>
     <span class='ocr_line' id='line_1_5' title="bbox 215 875 1648 994; baseline 0.001 -32"><span class='ocrx_word' id='word_1_25' title='bbox 215 876 419 962; x_wconf 88' lang='lat' dir='ltr'>thariodes</span> <span class='ocrx_word' id='word_1_26' title='bbox 433 877 587 964; x_wconf 76' lang='lat' dir='ltr'>affettio</span> <span class='ocrx_word' id='word_1_27' title='bbox 603 904 813 994; x_wconf 87' lang='lat' dir='ltr'>perpetua,</span> <span class='ocrx_word' id='word_1_28' title='bbox 835 887 877 966; x_wconf 78' lang='lat' dir='ltr'>dt</span> <span class='ocrx_word' id='word_1_29' title='bbox 892 908 1039 990; x_wconf 85' lang='lat' dir='ltr'>coryza</span> <span class='ocrx_word' id='word_1_30' title='bbox 1053 879 1265 961; x_wconf 73' lang='lat' dir='ltr'>inextinsla</span> <span class='ocrx_word' id='word_1_31' title='bbox 1279 875 1438 962; x_wconf 86' lang='lat' dir='ltr'>miseros</span> <span class='ocrx_word' id='word_1_32' title='bbox 1452 875 1648 969; x_wconf 82' lang='lat' dir='ltr'>divexant.</span> 
     </span>
     <span class='ocr_line' id='line_1_6' title="bbox 206 986 1650 1100; baseline 0.006 -32"><span class='ocrx_word' id='word_1_33' title='bbox 206 986 404 1074; x_wconf 74' lang='lat' dir='ltr'>,Pratereh</span> <span class='ocrx_word' id='word_1_34' title='bbox 418 989 517 1074; x_wconf 91' lang='lat' dir='ltr'>nulli</span> <span class='ocrx_word' id='word_1_35' title='bbox 531 994 741 1084; x_wconf 88' lang='lat' dir='ltr'>hominum</span> <span class='ocrx_word' id='word_1_36' title='bbox 756 992 857 1078; x_wconf 82' lang='lat' dir='ltr'>aideb</span> <span class='ocrx_word' id='word_1_37' title='bbox 873 988 1107 1098; x_wconf 83' lang='lat' dir='ltr'>abscessibus</span> <span class='ocrx_word' id='word_1_38' title='bbox 1123 986 1291 1072; x_wconf 87' lang='lat' dir='ltr'>obnoxii</span> <span class='ocrx_word' id='word_1_39' title='bbox 1304 989 1392 1072; x_wconf 89' lang='lat' dir='ltr'>sunt</span> <span class='ocrx_word' id='word_1_40' title='bbox 1402 1052 1417 1096; x_wconf 91' lang='lat'>,</span> <span class='ocrx_word' id='word_1_41' title='bbox 1438 993 1505 1100; x_wconf 92' lang='lat' dir='ltr'>qui</span> <span class='ocrx_word' id='word_1_42' title='bbox 1524 991 1650 1092; x_wconf 74' lang='lat' dir='ltr'>finon</span> 
     </span>
     <span class='ocr_line' id='line_1_7' title="bbox 213 1102 1650 1217; baseline 0.005 -34"><span class='ocrx_word' id='word_1_43' title='bbox 213 1128 418 1188; x_wconf 82' lang='lat' dir='ltr'>recurrant</span> <span class='ocrx_word' id='word_1_44' title='bbox 431 1103 673 1210; x_wconf 86' lang='lat' dir='ltr'>identidem,</span> <span class='ocrx_word' id='word_1_45' title='bbox 692 1109 899 1213; x_wconf 85' lang='lat' dir='ltr'>asthmata,</span> <span class='ocrx_word' id='word_1_46' title='bbox 913 1103 1128 1208; x_wconf 84' lang='lat' dir='ltr'>anhelitus,</span> <span class='ocrx_word' id='word_1_47' title='bbox 1145 1103 1228 1186; x_wconf 83' lang='lat' dir='ltr'>imb</span> <span class='ocrx_word' id='word_1_48' title='bbox 1245 1109 1286 1186; x_wconf 77' lang='grc' dir='ltr'>ὅ(</span> <span class='ocrx_word' id='word_1_49' title='bbox 1299 1104 1407 1185; x_wconf 89' lang='lat' dir='ltr'>varia</span> <span class='ocrx_word' id='word_1_50' title='bbox 1425 1102 1650 1217; x_wconf 87' lang='lat' dir='ltr'>hydropum</span> 
     </span>
     <span class='ocr_line' id='line_1_8' title="bbox 203 1214 1649 1326; baseline 0.003 -28"><span class='ocrx_word' id='word_1_51' title='bbox 203 1241 360 1326; x_wconf 62' lang='lat' dir='ltr'>‚genera</span> <span class='ocrx_word' id='word_1_52' title='bbox 390 1220 608 1304; x_wconf 88' lang='lat' dir='ltr'>imminent.</span> <span class='ocrx_word' id='word_1_53' title='bbox 636 1219 816 1302; x_wconf 90' lang='lat' dir='ltr'>Notante</span> <span class='ocrx_word' id='word_1_54' title='bbox 836 1223 941 1304; x_wconf 92' lang='lat' dir='ltr'>enirn</span> <span class='ocrx_word' id='word_1_55' title='bbox 970 1214 1129 1300; x_wconf 89' lang='lat' dir='ltr'>Galeno</span> <span class='ocrx_word' id='word_1_56' title='bbox 1156 1221 1243 1320; x_wconf 83' lang='lat' dir='ltr'>(a),</span> <span class='ocrx_word' id='word_1_57' title='bbox 1264 1241 1418 1302; x_wconf 84' lang='lat' dir='ltr'>veteres</span> <span class='ocrx_word' id='word_1_58' title='bbox 1438 1217 1649 1310; x_wconf 73' lang='lat' dir='ltr'>crassitiem</span> 
     </span>
     <span class='ocr_line' id='line_1_9' title="bbox 211 1324 1652 1444; baseline 0.004 -36"><span class='ocrx_word' id='word_1_59' title='bbox 211 1324 324 1409; x_wconf 90' lang='lat' dir='ltr'>illam</span> <span class='ocrx_word' id='word_1_60' title='bbox 347 1332 447 1413; x_wconf 87' lang='lat' dir='ltr'>cutis</span> <span class='ocrx_word' id='word_1_61' title='bbox 468 1359 540 1443; x_wconf 91' lang='lat' dir='ltr'>pro</span> <span class='ocrx_word' id='word_1_62' title='bbox 562 1330 705 1444; x_wconf 80' lang='lat' dir='ltr'>frigidal</span> <span class='ocrx_word' id='word_1_63' title='bbox 727 1331 886 1416; x_wconf 90' lang='lat' dir='ltr'>diathesi</span> <span class='ocrx_word' id='word_1_64' title='bbox 911 1327 1132 1434; x_wconf 82' lang='lat' dir='ltr'>habebant,</span> <span class='ocrx_word' id='word_1_65' title='bbox 1156 1336 1197 1412; x_wconf 75' lang='grc' dir='ltr'>δι</span> <span class='ocrx_word' id='word_1_66' title='bbox 1220 1327 1417 1440; x_wconf 85' lang='lat' dir='ltr'>turgidam</span> <span class='ocrx_word' id='word_1_67' title='bbox 1438 1328 1652 1425; x_wconf 85' lang='lat' dir='ltr'>credebant</span> 
     </span>
     <span class='ocr_line' id='line_1_10' title="bbox 211 1438 1651 1558; baseline 0.004 -36"><span class='ocrx_word' id='word_1_68' title='bbox 211 1441 366 1550; x_wconf 89' lang='lat' dir='ltr'>ingenti</span> <span class='ocrx_word' id='word_1_69' title='bbox 393 1469 739 1526; x_wconf 87' lang='lat' dir='ltr'>excrementorum</span> <span class='ocrx_word' id='word_1_70' title='bbox 767 1469 977 1558; x_wconf 92' lang='lat' dir='ltr'>proventu.</span> <span class='ocrx_word' id='word_1_71' title='bbox 1007 1439 1125 1525; x_wconf 73' lang='lat' dir='ltr'>Unde</span> <span class='ocrx_word' id='word_1_72' title='bbox 1151 1440 1259 1524; x_wconf 88' lang='lat' dir='ltr'>idern</span> <span class='ocrx_word' id='word_1_73' title='bbox 1286 1443 1340 1523; x_wconf 88' lang='lat' dir='ltr'>ait</span> <span class='ocrx_word' id='word_1_74' title='bbox 1361 1441 1421 1546; x_wconf 81' lang='lat' dir='ltr'>(b)</span> <span class='ocrx_word' id='word_1_75' title='bbox 1447 1468 1533 1528; x_wconf 91' lang='lat' dir='ltr'>eam</span> <span class='ocrx_word' id='word_1_76' title='bbox 1563 1438 1651 1555; x_wconf 85' lang='lat' dir='ltr'>plus</span> 
     </span>
     <span class='ocr_line' id='line_1_11' title="bbox 210 1547 1671 1666; baseline 0.003 -32"><span class='ocrx_word' id='word_1_77' title='bbox 210 1547 312 1658; x_wconf 71' lang='lat' dir='ltr'>justu</span> <span class='ocrx_word' id='word_1_78' title='bbox 344 1553 570 1660; x_wconf 88' lang='lat' dir='ltr'>densatam,</span> <span class='ocrx_word' id='word_1_79' title='bbox 601 1552 878 1640; x_wconf 91' lang='lat' dir='ltr'>abundantiam</span> <span class='ocrx_word' id='word_1_80' title='bbox 906 1558 1120 1638; x_wconf 90' lang='lat' dir='ltr'>humorum</span> <span class='ocrx_word' id='word_1_81' title='bbox 1145 1553 1335 1636; x_wconf 82' lang='lat' dir='ltr'>inducere</span> <span class='ocrx_word' id='word_1_82' title='bbox 1364 1553 1486 1666; x_wconf 74' lang='lat' dir='ltr'>posse.</span> <span class='ocrx_word' id='word_1_83' title='bbox 1520 1553 1671 1664; x_wconf 54' lang='lat' dir='ltr'>Quod,</span> 
     </span>
     <span class='ocr_line' id='line_1_12' title="bbox 181 1663 1651 1776; baseline 0.003 -28"><span class='ocrx_word' id='word_1_84' title='bbox 181 1759 184 1766; x_wconf 47' lang='grc'><em>,</em></span> <span class='ocrx_word' id='word_1_85' title='bbox 211 1663 365 1776; x_wconf 85' lang='lat' dir='ltr'>dogma</span> <span class='ocrx_word' id='word_1_86' title='bbox 379 1665 523 1750; x_wconf 90' lang='lat' dir='ltr'>Galerii</span> <span class='ocrx_word' id='word_1_87' title='bbox 539 1667 587 1750; x_wconf 92' lang='lat' dir='ltr'>ab</span> <span class='ocrx_word' id='word_1_88' title='bbox 602 1667 891 1754; x_wconf 90' lang='lat' dir='ltr'>immortalibus</span> <span class='ocrx_word' id='word_1_89' title='bbox 906 1663 1327 1772; x_wconf 72' lang='lat' dir='ltr'>Sandoriiobservatis</span> <span class='ocrx_word' id='word_1_90' title='bbox 1342 1666 1430 1758; x_wconf 86' lang='lat' dir='ltr'>satis</span> <span class='ocrx_word' id='word_1_91' title='bbox 1445 1668 1651 1754; x_wconf 83' lang='lat' dir='ltr'>enodatur.</span> 
     </span>
     <span class='ocr_line' id='line_1_13' title="bbox 210 1775 1653 1892; baseline 0.003 -32"><span class='ocrx_word' id='word_1_92' title='bbox 210 1775 373 1860; x_wconf 92' lang='lat' dir='ltr'>Malum</span> <span class='ocrx_word' id='word_1_93' title='bbox 399 1782 505 1860; x_wconf 87' lang='lat' dir='ltr'>enirn</span> <span class='ocrx_word' id='word_1_94' title='bbox 526 1783 567 1861; x_wconf 92' lang='lat' dir='ltr'>in</span> <span class='ocrx_word' id='word_1_95' title='bbox 594 1807 686 1864; x_wconf 90' lang='lat' dir='ltr'>cute</span> <span class='ocrx_word' id='word_1_96' title='bbox 709 1809 844 1864; x_wconf 90' lang='lat' dir='ltr'>natum</span> <span class='ocrx_word' id='word_1_97' title='bbox 864 1793 886 1864; x_wconf 74' lang='grc' dir='ltr'>ἐι</span> <span class='ocrx_word' id='word_1_98' title='bbox 907 1778 1112 1892; x_wconf 59' lang='lat' dir='ltr'>compassi</span> <span class='ocrx_word' id='word_1_99' title='bbox 1131 1781 1344 1866; x_wconf 90' lang='lat' dir='ltr'>humorum</span> <span class='ocrx_word' id='word_1_100' title='bbox 1368 1777 1478 1886; x_wconf 90' lang='lat' dir='ltr'>mole</span> <span class='ocrx_word' id='word_1_101' title='bbox 1499 1805 1653 1864; x_wconf 81' lang='lat' dir='ltr'>textum</span> 
     </span>
     <span class='ocr_line' id='line_1_14' title="bbox 209 1886 1655 2005; baseline 0.001 -31"><span class='ocrx_word' id='word_1_102' title='bbox 209 1893 335 1974; x_wconf 87' lang='lat' dir='ltr'>etiam</span> <span class='ocrx_word' id='word_1_103' title='bbox 354 1886 581 1975; x_wconf 90' lang='lat' dir='ltr'>cellularem</span> <span class='ocrx_word' id='word_1_104' title='bbox 597 1894 767 1998; x_wconf 88' lang='lat' dir='ltr'>invadit,</span> <span class='ocrx_word' id='word_1_105' title='bbox 790 1901 832 1978; x_wconf 73' lang='lat' dir='ltr'>dt</span> <span class='ocrx_word' id='word_1_106' title='bbox 847 1893 1039 2005; x_wconf 89' lang='lat' dir='ltr'>farragine</span> <span class='ocrx_word' id='word_1_107' title='bbox 1050 1895 1190 2005; x_wconf 90' lang='lat' dir='ltr'>partim</span> <span class='ocrx_word' id='word_1_108' title='bbox 1212 1889 1397 1999; x_wconf 65' lang='lat' dir='ltr'>mucosis,</span> <span class='ocrx_word' id='word_1_109' title='bbox 1414 1895 1554 2004; x_wconf 89' lang='lat' dir='ltr'>partim</span> <span class='ocrx_word' id='word_1_110' title='bbox 1568 1892 1655 1976; x_wconf 82' lang='lat' dir='ltr'>adi-</span> 
     </span>
     <span class='ocr_line' id='line_1_15' title="bbox 121 1999 1652 2118; baseline 0.003 -34"><span class='ocrx_word' id='word_1_111' title='bbox 121 2095 126 2108; x_wconf 42' lang='lat'><em>,</em></span> <span class='ocrx_word' id='word_1_112' title='bbox 209 1999 313 2117; x_wconf 73' lang='lat' dir='ltr'>posi</span> <span class='ocrx_word' id='word_1_113' title='bbox 326 2063 340 2106; x_wconf 86' lang='lat'>,</span> <span class='ocrx_word' id='word_1_114' title='bbox 368 1999 580 2112; x_wconf 81' lang='lat' dir='ltr'>aliquandi)</span> <span class='ocrx_word' id='word_1_115' title='bbox 605 2009 724 2089; x_wconf 90' lang='lat' dir='ltr'>etiam</span> <span class='ocrx_word' id='word_1_116' title='bbox 750 2004 881 2090; x_wconf 78' lang='lat' dir='ltr'>serosal</span> <span class='ocrx_word' id='word_1_117' title='bbox 902 2004 1040 2088; x_wconf 75' lang='lat' dir='ltr'>misere</span> <span class='ocrx_word' id='word_1_118' title='bbox 1070 2003 1219 2118; x_wconf 84' lang='lat' dir='ltr'>opplet.</span> <span class='ocrx_word' id='word_1_119' title='bbox 1246 2004 1346 2112; x_wconf 87' lang='lat' dir='ltr'>Quo</span> <span class='ocrx_word' id='word_1_120' title='bbox 1370 2003 1481 2086; x_wconf 87' lang='lat' dir='ltr'>sensu</span> <span class='ocrx_word' id='word_1_121' title='bbox 1505 2005 1652 2088; x_wconf 79' lang='lat' dir='ltr'>diuum</span> 
     </span>
     <span class='ocr_line' id='line_1_16' title="bbox 211 2111 1653 2228; baseline 0.003 -30"><span class='ocrx_word' id='word_1_122' title='bbox 211 2117 267 2198; x_wconf 89' lang='lat' dir='ltr'>est</span> <span class='ocrx_word' id='word_1_123' title='bbox 286 2111 310 2196; x_wconf 74' lang='lat' dir='ltr'>ia</span> <span class='ocrx_word' id='word_1_124' title='bbox 332 2112 491 2199; x_wconf 91' lang='lat' dir='ltr'>Galerio</span> <span class='ocrx_word' id='word_1_125' title='bbox 514 2123 580 2222; x_wconf 91' lang='lat' dir='ltr'>(c)</span> <span class='ocrx_word' id='word_1_126' title='bbox 605 2119 810 2202; x_wconf 83' lang='lat' dir='ltr'>craffitiem</span> <span class='ocrx_word' id='word_1_127' title='bbox 838 2119 938 2201; x_wconf 89' lang='lat' dir='ltr'>cutis</span> <span class='ocrx_word' id='word_1_128' title='bbox 965 2120 1116 2200; x_wconf 69' lang='lat' dir='ltr'>audam</span> <span class='ocrx_word' id='word_1_129' title='bbox 1143 2119 1318 2200; x_wconf 91' lang='lat' dir='ltr'>carnium</span> <span class='ocrx_word' id='word_1_130' title='bbox 1343 2119 1587 2228; x_wconf 89' lang='lat' dir='ltr'>generationi</span> <span class='ocrx_word' id='word_1_131' title='bbox 1610 2125 1653 2202; x_wconf 81' lang='lat' dir='ltr'>bt</span> 
     </span>
     <span class='ocr_line' id='line_1_17' title="bbox 209 2226 1652 2342; baseline 0.002 -32"><span class='ocrx_word' id='word_1_132' title='bbox 209 2226 488 2312; x_wconf 75' lang='lat' dir='ltr'>tumefaslioni</span> <span class='ocrx_word' id='word_1_133' title='bbox 516 2229 713 2314; x_wconf 88' lang='lat' dir='ltr'>inservire.</span> <span class='ocrx_word' id='word_1_134' title='bbox 750 2233 857 2312; x_wconf 91' lang='lat' dir='ltr'>Nam</span> <span class='ocrx_word' id='word_1_135' title='bbox 888 2233 970 2312; x_wconf 78' lang='lat' dir='ltr'>hac</span> <span class='ocrx_word' id='word_1_136' title='bbox 1002 2228 1147 2313; x_wconf 82' lang='lat' dir='ltr'>Galerii</span> <span class='ocrx_word' id='word_1_137' title='bbox 1174 2229 1311 2339; x_wconf 90' lang='lat' dir='ltr'>opinio</span> <span class='ocrx_word' id='word_1_138' title='bbox 1343 2228 1454 2312; x_wconf 89' lang='lat' dir='ltr'>aliter</span> <span class='ocrx_word' id='word_1_139' title='bbox 1487 2255 1652 2342; x_wconf 85' lang='lat' dir='ltr'>accepta</span> 
     </span>
     <span class='ocr_line' id='line_1_18' title="bbox 208 2336 1654 2453; baseline 0.001 -31"><span class='ocrx_word' id='word_1_140' title='bbox 208 2349 502 2452; x_wconf 85' lang='lat' dir='ltr'>repugnaret&amp;</span> <span class='ocrx_word' id='word_1_141' title='bbox 517 2340 796 2446; x_wconf 88' lang='lat' dir='ltr'>observationi,</span> <span class='ocrx_word' id='word_1_142' title='bbox 810 2344 1004 2424; x_wconf 84' lang='lat' dir='ltr'>&amp;rationi</span> <span class='ocrx_word' id='word_1_143' title='bbox 1017 2341 1181 2423; x_wconf 89' lang='lat' dir='ltr'>docenti</span> <span class='ocrx_word' id='word_1_144' title='bbox 1194 2336 1460 2453; x_wconf 85' lang='lat' dir='ltr'>nullampoffe</span> <span class='ocrx_word' id='word_1_145' title='bbox 1473 2344 1654 2440; x_wconf 86' lang='lat' dir='ltr'>nutritio-</span> 
     </span>
     <span class='ocr_line' id='line_1_19' title="bbox 211 2434 1652 2564; baseline 0.002 -30"><span class='ocrx_word' id='word_1_146' title='bbox 211 2479 312 2534; x_wconf 91' lang='lat' dir='ltr'>nem</span> <span class='ocrx_word' id='word_1_147' title='bbox 334 2455 467 2562; x_wconf 89' lang='lat' dir='ltr'>peragi</span> <span class='ocrx_word' id='word_1_148' title='bbox 485 2453 553 2533; x_wconf 91' lang='lat' dir='ltr'>nisi</span> <span class='ocrx_word' id='word_1_149' title='bbox 577 2451 736 2556; x_wconf 64' lang='lat' dir='ltr'>materis</span> <span class='ocrx_word' id='word_1_150' title='bbox 757 2449 914 2536; x_wconf 66' lang='lat' dir='ltr'>nutritii</span> <span class='ocrx_word' id='word_1_151' title='bbox 933 2481 982 2536; x_wconf 85' lang='lat' dir='ltr'>ex</span> <span class='ocrx_word' id='word_1_152' title='bbox 1006 2453 1145 2536; x_wconf 91' lang='lat' dir='ltr'>ordine</span> <span class='ocrx_word' id='word_1_153' title='bbox 1164 2479 1308 2536; x_wconf 82' lang='lat' dir='ltr'>naturae</span> <span class='ocrx_word' id='word_1_154' title='bbox 1330 2451 1419 2564; x_wconf 69' lang='lat' dir='ltr'>apte</span> <span class='ocrx_word' id='word_1_155' title='bbox 1442 2434 1652 2555; x_wconf 61' lang='lat' dir='ltr'>distributi.</span> 
     </span>
     <span class='ocr_line' id='line_1_20' title="bbox 273 2561 1655 2676; baseline 0.001 -32"><span class='ocrx_word' id='word_1_156' title='bbox 273 2561 388 2646; x_wconf 92' lang='lat' dir='ltr'>Patet</span> <span class='ocrx_word' id='word_1_157' title='bbox 411 2592 508 2676; x_wconf 90' lang='lat' dir='ltr'>ergo</span> <span class='ocrx_word' id='word_1_158' title='bbox 526 2563 752 2648; x_wconf 77' lang='lat' dir='ltr'>densitatem</span> <span class='ocrx_word' id='word_1_159' title='bbox 769 2569 869 2650; x_wconf 87' lang='lat' dir='ltr'>cutis</span> <span class='ocrx_word' id='word_1_160' title='bbox 889 2567 918 2646; x_wconf 95' lang='lat' dir='ltr'>si</span> <span class='ocrx_word' id='word_1_161' title='bbox 940 2563 1069 2648; x_wconf 79' lang='lat' dir='ltr'>subito</span> <span class='ocrx_word' id='word_1_162' title='bbox 1091 2568 1200 2648; x_wconf 77' lang='lat' dir='ltr'>autu</span> <span class='ocrx_word' id='word_1_163' title='bbox 1217 2565 1335 2646; x_wconf 88' lang='lat' dir='ltr'>fuerit</span> <span class='ocrx_word' id='word_1_164' title='bbox 1346 2627 1361 2668; x_wconf 89' lang='lat'>,</span> <span class='ocrx_word' id='word_1_165' title='bbox 1382 2572 1422 2646; x_wconf 77' lang='lat' dir='ltr'>bt</span> <span class='ocrx_word' id='word_1_166' title='bbox 1444 2591 1655 2654; x_wconf 88' lang='lat' dir='ltr'>acutorum</span> 
     </span>
     <span class='ocr_line' id='line_1_21' title="bbox 208 2672 1654 2787; baseline 0.001 -27"><span class='ocrx_word' id='word_1_167' title='bbox 208 2672 452 2760; x_wconf 90' lang='lat' dir='ltr'>morborum</span> <span class='ocrx_word' id='word_1_168' title='bbox 483 2704 596 2760; x_wconf 88' lang='lat' dir='ltr'>more</span> <span class='ocrx_word' id='word_1_169' title='bbox 626 2702 752 2760; x_wconf 90' lang='lat' dir='ltr'>totam</span> <span class='ocrx_word' id='word_1_170' title='bbox 781 2673 977 2787; x_wconf 75' lang='lat' dir='ltr'>aqualiter</span> <span class='ocrx_word' id='word_1_171' title='bbox 1007 2677 1189 2760; x_wconf 90' lang='lat' dir='ltr'>invaserit</span> <span class='ocrx_word' id='word_1_172' title='bbox 1220 2676 1373 2779; x_wconf 87' lang='lat' dir='ltr'>cutim,</span> <span class='ocrx_word' id='word_1_173' title='bbox 1404 2673 1654 2786; x_wconf 70' lang='lat' dir='ltr'>qudcumque</span> 
     </span>
     <span class='ocr_line' id='line_1_22' title="bbox 209 2785 1656 2902; baseline 0.001 -32"><span class='ocrx_word' id='word_1_174' title='bbox 209 2786 546 2872; x_wconf 89' lang='lat' dir='ltr'>circumvolvitur</span> <span class='ocrx_word' id='word_1_175' title='bbox 563 2787 632 2874; x_wconf 89' lang='lat' dir='ltr'>illa</span> <span class='ocrx_word' id='word_1_176' title='bbox 653 2793 728 2874; x_wconf 91' lang='lat' dir='ltr'>toti</span> <span class='ocrx_word' id='word_1_177' title='bbox 750 2817 952 2902; x_wconf 78' lang='lat' dir='ltr'>corporea</span> <span class='ocrx_word' id='word_1_178' title='bbox 973 2787 1095 2893; x_wconf 86' lang='lat' dir='ltr'>moli,</span> <span class='ocrx_word' id='word_1_179' title='bbox 1117 2786 1264 2872; x_wconf 89' lang='lat' dir='ltr'>malum</span> <span class='ocrx_word' id='word_1_180' title='bbox 1279 2785 1357 2869; x_wconf 85' lang='lat' dir='ltr'>else</span> <span class='ocrx_word' id='word_1_181' title='bbox 1374 2785 1396 2868; x_wconf 80' lang='grc' dir='ltr'>ὲ</span> <span class='ocrx_word' id='word_1_182' title='bbox 1411 2789 1656 2900; x_wconf 79' lang='lat' dir='ltr'>gravissimo-</span> 
     </span>
     <span class='ocr_line' id='line_1_23' title="bbox 208 2898 1656 3016; baseline 0.001 -32"><span class='ocrx_word' id='word_1_183' title='bbox 208 2930 306 2984; x_wconf 89' lang='lat' dir='ltr'>rum</span> <span class='ocrx_word' id='word_1_184' title='bbox 335 2927 507 3013; x_wconf 89' lang='lat' dir='ltr'>genere,</span> <span class='ocrx_word' id='word_1_185' title='bbox 537 2930 612 2988; x_wconf 88' lang='lat' dir='ltr'>nec</span> <span class='ocrx_word' id='word_1_186' title='bbox 641 2900 781 2986; x_wconf 91' lang='lat' dir='ltr'>leviter</span> <span class='ocrx_word' id='word_1_187' title='bbox 810 2899 1195 3016; x_wconf 86' lang='lat' dir='ltr'>praetermittendum.</span> <span class='ocrx_word' id='word_1_188' title='bbox 1232 2900 1362 2982; x_wconf 90' lang='lat' dir='ltr'>Potest</span> <span class='ocrx_word' id='word_1_189' title='bbox 1386 2898 1538 2984; x_wconf 92' lang='lat' dir='ltr'>scilicet</span> <span class='ocrx_word' id='word_1_190' title='bbox 1565 2899 1656 2986; x_wconf 87' lang='lat' dir='ltr'>bre-</span> 
     </span>
     <span class='ocr_line' id='line_1_24' title="bbox 206 3011 1656 3128; baseline -0.001 -30"><span class='ocrx_word' id='word_1_191' title='bbox 206 3013 373 3098; x_wconf 84' lang='lat' dir='ltr'>vissimo</span> <span class='ocrx_word' id='word_1_192' title='bbox 393 3017 581 3128; x_wconf 88' lang='lat' dir='ltr'>temporis</span> <span class='ocrx_word' id='word_1_193' title='bbox 599 3014 724 3128; x_wconf 91' lang='lat' dir='ltr'>spatio</span> <span class='ocrx_word' id='word_1_194' title='bbox 743 3017 949 3098; x_wconf 89' lang='lat' dir='ltr'>hominem</span> <span class='ocrx_word' id='word_1_195' title='bbox 974 3019 1187 3098; x_wconf 87' lang='lat' dir='ltr'>conficere.</span> <span class='ocrx_word' id='word_1_196' title='bbox 1216 3011 1344 3120; x_wconf 88' lang='lat' dir='ltr'>Quod</span> <span class='ocrx_word' id='word_1_197' title='bbox 1364 3011 1584 3123; x_wconf 81' lang='lat' dir='ltr'>periculum</span> <span class='ocrx_word' id='word_1_198' title='bbox 1603 3014 1656 3097; x_wconf 89' lang='lat' dir='ltr'>ad</span> 
     </span>
     <span class='ocr_line' id='line_1_25' title="bbox 207 3125 1655 3242; baseline 0 -32"><span class='ocrx_word' id='word_1_199' title='bbox 207 3152 290 3210; x_wconf 91' lang='lat' dir='ltr'>eos</span> <span class='ocrx_word' id='word_1_200' title='bbox 311 3125 470 3209; x_wconf 78' lang='lat' dir='ltr'>affeuus</span> <span class='ocrx_word' id='word_1_201' title='bbox 493 3157 575 3210; x_wconf 92' lang='lat' dir='ltr'>non</span> <span class='ocrx_word' id='word_1_202' title='bbox 600 3131 769 3242; x_wconf 88' lang='lat' dir='ltr'>pertinet</span> <span class='ocrx_word' id='word_1_203' title='bbox 793 3131 861 3238; x_wconf 85' lang='lat' dir='ltr'>qui</span> <span class='ocrx_word' id='word_1_204' title='bbox 884 3127 1053 3234; x_wconf 86' lang='lat' dir='ltr'>sensim,</span> <span class='ocrx_word' id='word_1_205' title='bbox 1081 3125 1218 3232; x_wconf 71' lang='lat' dir='ltr'>lente,</span> <span class='ocrx_word' id='word_1_206' title='bbox 1241 3131 1284 3208; x_wconf 79' lang='lat' dir='ltr'>bt</span> <span class='ocrx_word' id='word_1_207' title='bbox 1313 3127 1468 3219; x_wconf 74' lang='lat' dir='ltr'>afflone</span> <span class='ocrx_word' id='word_1_208' title='bbox 1490 3125 1655 3240; x_wconf 68' lang='lat' dir='ltr'>repetiti</span> 
     </span>
     <span class='ocr_line' id='line_1_26' title="bbox 207 3239 1473 3352; baseline 0.003 -31"><span class='ocrx_word' id='word_1_209' title='bbox 207 3239 344 3321; x_wconf 89' lang='lat' dir='ltr'>cutim</span> <span class='ocrx_word' id='word_1_210' title='bbox 362 3241 490 3322; x_wconf 90' lang='lat' dir='ltr'>tacitis</span> <span class='ocrx_word' id='word_1_211' title='bbox 511 3239 771 3352; x_wconf 75' lang='lat' dir='ltr'>progressibus</span> <span class='ocrx_word' id='word_1_212' title='bbox 794 3240 987 3324; x_wconf 91' lang='lat' dir='ltr'>indurant.</span> <span class='ocrx_word' id='word_1_213' title='bbox 1467 3329 1473 3338; x_wconf 74' lang='grc'><em>,</em></span> 
     </span>
     <span class='ocr_line' id='line_1_27' title="bbox 269 3345 1655 3465; baseline 0.002 -33"><span class='ocrx_word' id='word_1_214' title='bbox 269 3347 441 3434; x_wconf 83' lang='lat' dir='ltr'>Scilicet</span> <span class='ocrx_word' id='word_1_215' title='bbox 451 3351 547 3465; x_wconf 74' lang='lat' dir='ltr'>saeph</span> <span class='ocrx_word' id='word_1_216' title='bbox 562 3357 732 3437; x_wconf 88' lang='lat' dir='ltr'>viatores</span> <span class='ocrx_word' id='word_1_217' title='bbox 747 3356 916 3460; x_wconf 90' lang='lat' dir='ltr'>incauti,</span> <span class='ocrx_word' id='word_1_218' title='bbox 931 3349 996 3438; x_wconf 87' lang='lat' dir='ltr'>vel</span> <span class='ocrx_word' id='word_1_219' title='bbox 1007 3355 1103 3436; x_wconf 92' lang='lat' dir='ltr'>vino</span> <span class='ocrx_word' id='word_1_220' title='bbox 1115 3349 1261 3464; x_wconf 89' lang='lat' dir='ltr'>turgidi</span> <span class='ocrx_word' id='word_1_221' title='bbox 1267 3410 1281 3454; x_wconf 92' lang='lat'>,</span> <span class='ocrx_word' id='word_1_222' title='bbox 1296 3345 1416 3434; x_wconf 69' lang='lat' dir='ltr'>dubit</span> <span class='ocrx_word' id='word_1_223' title='bbox 1426 3353 1655 3463; x_wconf 83' lang='lat' dir='ltr'>tempestate</span> 
     </span>
     <span class='ocr_line' id='line_1_28' title="bbox 204 3459 1655 3578; baseline 0.002 -34"><span class='ocrx_word' id='word_1_224' title='bbox 204 3459 289 3545; x_wconf 90' lang='lat' dir='ltr'>sub</span> <span class='ocrx_word' id='word_1_225' title='bbox 313 3459 381 3544; x_wconf 91' lang='lat' dir='ltr'>dio</span> <span class='ocrx_word' id='word_1_226' title='bbox 404 3462 484 3546; x_wconf 86' lang='lat' dir='ltr'>sani</span> <span class='ocrx_word' id='word_1_227' title='bbox 504 3464 749 3550; x_wconf 90' lang='lat' dir='ltr'>indormiunt</span> <span class='ocrx_word' id='word_1_228' title='bbox 770 3475 812 3550; x_wconf 74' lang='lat' dir='ltr'>dt</span> <span class='ocrx_word' id='word_1_229' title='bbox 836 3467 998 3549; x_wconf 88' lang='lat' dir='ltr'>somnos</span> <span class='ocrx_word' id='word_1_230' title='bbox 1018 3492 1107 3547; x_wconf 90' lang='lat' dir='ltr'>toto</span> <span class='ocrx_word' id='word_1_231' title='bbox 1131 3465 1303 3578; x_wconf 88' lang='lat' dir='ltr'>proflant</span> <span class='ocrx_word' id='word_1_232' title='bbox 1321 3465 1493 3576; x_wconf 67' lang='lat' dir='ltr'>pedore.</span> <span class='ocrx_word' id='word_1_233' title='bbox 1521 3464 1565 3546; x_wconf 90' lang='lat' dir='ltr'>Si</span> <span class='ocrx_word' id='word_1_234' title='bbox 1587 3465 1655 3547; x_wconf 89' lang='lat' dir='ltr'>fiat</span> 
     </span>
     <span class='ocr_line' id='line_1_29' title="bbox 117 3570 1653 3691; baseline -0.001 -33"><span class='ocrx_word' id='word_1_235' title='bbox 117 3591 123 3615; x_wconf 83' lang='lat'><strong><em>‘</em></strong></span> <span class='ocrx_word' id='word_1_236' title='bbox 204 3571 367 3658; x_wconf 76' lang='lat' dir='ltr'>intereh</span> <span class='ocrx_word' id='word_1_237' title='bbox 390 3572 518 3684; x_wconf 91' lang='lat' dir='ltr'>aliqua</span> <span class='ocrx_word' id='word_1_238' title='bbox 541 3580 582 3658; x_wconf 92' lang='lat' dir='ltr'>iii</span> <span class='ocrx_word' id='word_1_239' title='bbox 604 3575 884 3691; x_wconf 74' lang='lat' dir='ltr'>athmosphaerb</span> <span class='ocrx_word' id='word_1_240' title='bbox 907 3577 1142 3680; x_wconf 86' lang='lat' dir='ltr'>conversio,</span> <span class='ocrx_word' id='word_1_241' title='bbox 1169 3570 1308 3658; x_wconf 69' lang='lat' dir='ltr'>*aluda</span> <span class='ocrx_word' id='word_1_242' title='bbox 1329 3578 1371 3657; x_wconf 90' lang='lat' dir='ltr'>in</span> <span class='ocrx_word' id='word_1_243' title='bbox 1398 3578 1653 3682; x_wconf 77' lang='lat' dir='ltr'>humentem„</span> 
     </span>
     <span class='ocr_line' id='line_1_30' title="bbox 204 3684 1655 3804; baseline 0 -34"><span class='ocrx_word' id='word_1_244' title='bbox 204 3685 230 3770; x_wconf 70' lang='lat' dir='ltr'>a</span> <span class='ocrx_word' id='word_1_245' title='bbox 257 3684 451 3770; x_wconf 76' lang='lat' dir='ltr'>calidam</span> <span class='ocrx_word' id='word_1_246' title='bbox 472 3688 651 3799; x_wconf 87' lang='lat' dir='ltr'>frigidarii</span> <span class='ocrx_word' id='word_1_247' title='bbox 662 3753 675 3796; x_wconf 91' lang='lat'>,</span> <span class='ocrx_word' id='word_1_248' title='bbox 697 3693 816 3774; x_wconf 82' lang='lat' dir='ltr'>haeret</span> <span class='ocrx_word' id='word_1_249' title='bbox 833 3691 1060 3804; x_wconf 84' lang='lat' dir='ltr'>perspiratio</span> <span class='ocrx_word' id='word_1_250' title='bbox 1081 3688 1130 3772; x_wconf 89' lang='lat' dir='ltr'>ad</span> <span class='ocrx_word' id='word_1_251' title='bbox 1150 3684 1313 3773; x_wconf 81' lang='lat' dir='ltr'>cellulas</span> <span class='ocrx_word' id='word_1_252' title='bbox 1333 3691 1446 3772; x_wconf 90' lang='lat' dir='ltr'>cutis.</span> <span class='ocrx_word' id='word_1_253' title='bbox 1469 3685 1548 3769; x_wconf 92' lang='lat' dir='ltr'>Ubi</span> <span class='ocrx_word' id='word_1_254' title='bbox 1568 3690 1655 3772; x_wconf 87' lang='lat' dir='ltr'>evi-</span> 
     </span>
     <span class='ocr_line' id='line_1_31' title="bbox 238 3797 1655 3916; baseline 0.003 -36"><span class='ocrx_word' id='word_1_255' title='bbox 238 3797 431 3882; x_wconf 84' lang='lat' dir='ltr'>ilantibus</span> <span class='ocrx_word' id='word_1_256' title='bbox 454 3826 587 3885; x_wconf 89' lang='lat' dir='ltr'>motus</span> <span class='ocrx_word' id='word_1_257' title='bbox 611 3800 787 3912; x_wconf 89' lang='lat' dir='ltr'>sanguini</span> <span class='ocrx_word' id='word_1_258' title='bbox 813 3801 993 3899; x_wconf 86' lang='lat' dir='ltr'>additur,</span> <span class='ocrx_word' id='word_1_259' title='bbox 1020 3827 1116 3884; x_wconf 91' lang='lat' dir='ltr'>tunc</span> <span class='ocrx_word' id='word_1_260' title='bbox 1142 3829 1224 3884; x_wconf 94' lang='lat' dir='ltr'>non</span> <span class='ocrx_word' id='word_1_261' title='bbox 1248 3798 1406 3916; x_wconf 87' lang='lat' dir='ltr'>possunt</span> <span class='ocrx_word' id='word_1_262' title='bbox 1426 3825 1528 3886; x_wconf 87' lang='lat' dir='ltr'>artus</span> <span class='ocrx_word' id='word_1_263' title='bbox 1552 3800 1655 3884; x_wconf 87' lang='lat' dir='ltr'>cras-</span> 
     </span>
     <span class='ocr_line' id='line_1_32' title="bbox 204 3831 1656 4024; baseline 0.001 -29"><span class='ocrx_word' id='word_1_264' title='bbox 204 3831 338 3996; x_wconf 67' lang='lat' dir='ltr'>hores</span> <span class='ocrx_word' id='word_1_265' title='bbox 368 3939 559 4018; x_wconf 89' lang='lat' dir='ltr'>movere,</span> <span class='ocrx_word' id='word_1_266' title='bbox 592 3939 659 4024; x_wconf 86' lang='lat' dir='ltr'>aut</span> <span class='ocrx_word' id='word_1_267' title='bbox 683 3913 826 3996; x_wconf 89' lang='lat' dir='ltr'>oculos</span> <span class='ocrx_word' id='word_1_268' title='bbox 847 3912 1058 4018; x_wconf 87' lang='lat' dir='ltr'>attollere,</span> <span class='ocrx_word' id='word_1_269' title='bbox 1087 3912 1154 3997; x_wconf 90' lang='lat' dir='ltr'>sed</span> <span class='ocrx_word' id='word_1_270' title='bbox 1182 3915 1318 4017; x_wconf 86' lang='lat' dir='ltr'>anxii,</span> <span class='ocrx_word' id='word_1_271' title='bbox 1346 3911 1496 4014; x_wconf 84' lang='lat' dir='ltr'>anheli,</span> <span class='ocrx_word' id='word_1_272' title='bbox 1525 3912 1656 3996; x_wconf 77' lang='lat' dir='ltr'>oculis</span> 
     </span>
     <span class='ocr_line' id='line_1_33' title="bbox 204 4022 1655 4140; baseline -0.001 -32"><span class='ocrx_word' id='word_1_273' title='bbox 204 4023 555 4140; x_wconf 83' lang='lat' dir='ltr'>prominentibus,</span> <span class='ocrx_word' id='word_1_274' title='bbox 576 4023 711 4140; x_wconf 76' lang='lat' dir='ltr'>linguai</span> <span class='ocrx_word' id='word_1_275' title='bbox 724 4025 880 4134; x_wconf 73' lang='lat' dir='ltr'>exerti,</span> <span class='ocrx_word' id='word_1_276' title='bbox 900 4052 997 4111; x_wconf 84' lang='lat' dir='ltr'>mox</span> <span class='ocrx_word' id='word_1_277' title='bbox 1018 4027 1087 4110; x_wconf 88' lang='lat' dir='ltr'>fibi</span> <span class='ocrx_word' id='word_1_278' title='bbox 1109 4028 1197 4140; x_wconf 89' lang='lat' dir='ltr'>ipsis</span> <span class='ocrx_word' id='word_1_279' title='bbox 1213 4022 1432 4108; x_wconf 84' lang='lat' dir='ltr'>suffocandi</span> <span class='ocrx_word' id='word_1_280' title='bbox 1448 4022 1655 4132; x_wconf 87' lang='lat' dir='ltr'>videntur,</span> 
     </span>
     <span class='ocr_line' id='line_1_34' title="bbox 206 4133 1656 4254; baseline -0.001 -34"><span class='ocrx_word' id='word_1_281' title='bbox 206 4133 332 4254; x_wconf 90' lang='lat' dir='ltr'>pulsu</span> <span class='ocrx_word' id='word_1_282' title='bbox 347 4136 467 4220; x_wconf 89' lang='lat' dir='ltr'>debili</span> <span class='ocrx_word' id='word_1_283' title='bbox 491 4145 532 4220; x_wconf 91' lang='lat'>&amp;</span> <span class='ocrx_word' id='word_1_284' title='bbox 550 4137 633 4222; x_wconf 72' lang='lat' dir='ltr'>fert</span> <span class='ocrx_word' id='word_1_285' title='bbox 654 4138 875 4254; x_wconf 80' lang='lat' dir='ltr'>supprell03</span> <span class='ocrx_word' id='word_1_286' title='bbox 896 4144 996 4224; x_wconf 89' lang='lat' dir='ltr'>cutis</span> <span class='ocrx_word' id='word_1_287' title='bbox 1018 4143 1166 4223; x_wconf 75' lang='lat' dir='ltr'>interea</span> <span class='ocrx_word' id='word_1_288' title='bbox 1182 4163 1267 4222; x_wconf 91' lang='lat' dir='ltr'>tota</span> <span class='ocrx_word' id='word_1_289' title='bbox 1283 4133 1417 4218; x_wconf 89' lang='lat' dir='ltr'>scabra</span> <span class='ocrx_word' id='word_1_290' title='bbox 1431 4143 1472 4219; x_wconf 75' lang='grc' dir='ltr'>ὅ(</span> <span class='ocrx_word' id='word_1_291' title='bbox 1483 4198 1496 4241; x_wconf 83' lang='grc'>,</span> <span class='ocrx_word' id='word_1_292' title='bbox 1518 4139 1656 4219; x_wconf 89' lang='lat' dir='ltr'>rhino-</span> 
     </span>
     <span class='ocr_line' id='line_1_35' title="bbox 209 4248 1685 4365; baseline -0.001 -31"><span class='ocrx_word' id='word_1_293' title='bbox 209 4252 368 4334; x_wconf 89' lang='lat' dir='ltr'>cerotis</span> <span class='ocrx_word' id='word_1_294' title='bbox 384 4253 483 4334; x_wconf 91' lang='lat' dir='ltr'>corii</span> <span class='ocrx_word' id='word_1_295' title='bbox 499 4254 627 4356; x_wconf 90' lang='lat' dir='ltr'>instar,</span> <span class='ocrx_word' id='word_1_296' title='bbox 642 4280 710 4365; x_wconf 90' lang='lat' dir='ltr'>per</span> <span class='ocrx_word' id='word_1_297' title='bbox 723 4251 873 4339; x_wconf 87' lang='lat' dir='ltr'>areolas</span> <span class='ocrx_word' id='word_1_298' title='bbox 887 4253 1142 4364; x_wconf 86' lang='lat' dir='ltr'>distinguitur.</span> <span class='ocrx_word' id='word_1_299' title='bbox 1154 4252 1203 4332; x_wconf 92' lang='lat' dir='ltr'>·In</span> <span class='ocrx_word' id='word_1_300' title='bbox 1216 4275 1325 4332; x_wconf 90' lang='lat' dir='ltr'>tanto</span> <span class='ocrx_word' id='word_1_301' title='bbox 1339 4273 1468 4332; x_wconf 86' lang='lat' dir='ltr'>return</span> <span class='ocrx_word' id='word_1_302' title='bbox 1484 4248 1685 4346; x_wconf 68' lang='lat' dir='ltr'>tumultu.</span> 
     </span>
     <span class='ocr_line' id='line_1_36' title="bbox 209 4358 1657 4476; baseline -0.001 -28"><span class='ocrx_word' id='word_1_303' title='bbox 209 4362 290 4448; x_wconf 91' lang='lat' dir='ltr'>ubi</span> <span class='ocrx_word' id='word_1_304' title='bbox 312 4366 447 4448; x_wconf 89' lang='lat' dir='ltr'>omnia</span> <span class='ocrx_word' id='word_1_305' title='bbox 471 4361 554 4448; x_wconf 69' lang='lat' dir='ltr'>sere</span> <span class='ocrx_word' id='word_1_306' title='bbox 580 4362 828 4448; x_wconf 87' lang='lat' dir='ltr'>conclamata</span> <span class='ocrx_word' id='word_1_307' title='bbox 849 4366 1058 4470; x_wconf 87' lang='lat' dir='ltr'>videntur,</span> <span class='ocrx_word' id='word_1_308' title='bbox 1087 4362 1136 4446; x_wconf 92' lang='lat' dir='ltr'>ad</span> <span class='ocrx_word' id='word_1_309' title='bbox 1159 4366 1293 4476; x_wconf 71' lang='lat' dir='ltr'>ignem</span> <span class='ocrx_word' id='word_1_310' title='bbox 1318 4358 1449 4445; x_wconf 87' lang='lat' dir='ltr'>lenem</span> <span class='ocrx_word' id='word_1_311' title='bbox 1476 4360 1657 4470; x_wconf 92' lang='lat' dir='ltr'>admoti,</span> 
     </span>
     <span class='ocr_line' id='line_1_37' title="bbox 213 4470 1656 4592; baseline 0 -32"><span class='ocrx_word' id='word_1_312' title='bbox 213 4471 469 4560; x_wconf 86' lang='lat' dir='ltr'>diluentibus</span> <span class='ocrx_word' id='word_1_313' title='bbox 482 4475 623 4589; x_wconf 90' lang='lat' dir='ltr'>tepidis</span> <span class='ocrx_word' id='word_1_314' title='bbox 637 4475 713 4558; x_wconf 91' lang='lat' dir='ltr'>soti</span> <span class='ocrx_word' id='word_1_315' title='bbox 732 4476 997 4578; x_wconf 84' lang='lat' dir='ltr'>reviviscunt3</span> <span class='ocrx_word' id='word_1_316' title='bbox 1015 4477 1153 4592; x_wconf 78' lang='lat' dir='ltr'>perstat</span> <span class='ocrx_word' id='word_1_317' title='bbox 1165 4501 1298 4561; x_wconf 85' lang='lat' dir='ltr'>tamen</span> <span class='ocrx_word' id='word_1_318' title='bbox 1310 4470 1510 4560; x_wconf 74' lang='lat' dir='ltr'>scabritias</span> <span class='ocrx_word' id='word_1_319' title='bbox 1533 4478 1656 4586; x_wconf 82' lang='lat' dir='ltr'>cutia„</span> 
     </span>
    </p>
   </div>
   <div class='ocr_carea' id='block_1_3' title="bbox 259 4667 1311 4936">
    <p class='ocr_par' dir='ltr' id='par_1_3' title="bbox 259 4667 1311 4936">
     <span class='ocr_line' id='line_1_38' title="bbox 259 4667 1256 4784; baseline 0.009 -30"><span class='ocrx_word' id='word_1_320' title='bbox 259 4699 320 4766; x_wconf 84' lang='lat' dir='ltr'>(a)</span> <span class='ocrx_word' id='word_1_321' title='bbox 344 4695 457 4755; x_wconf 89' lang='lat' dir='ltr'>Comin.</span> <span class='ocrx_word' id='word_1_322' title='bbox 474 4715 504 4768; x_wconf 79' lang='grc'>4,</span> <span class='ocrx_word' id='word_1_323' title='bbox 526 4699 553 4757; x_wconf 89' lang='lat' dir='ltr'>in</span> <span class='ocrx_word' id='word_1_324' title='bbox 571 4667 619 4763; x_wconf 86' lang='lat' dir='ltr'>lib.</span> <span class='ocrx_word' id='word_1_325' title='bbox 635 4698 669 4760; x_wconf 84' lang='lat' dir='ltr'>de</span> <span class='ocrx_word' id='word_1_326' title='bbox 685 4697 773 4762; x_wconf 74' lang='lat' dir='ltr'>Vistu</span> <span class='ocrx_word' id='word_1_327' title='bbox 789 4701 816 4760; x_wconf 88' lang='lat' dir='ltr'>iii</span> <span class='ocrx_word' id='word_1_328' title='bbox 832 4703 935 4764; x_wconf 84' lang='lat' dir='ltr'>acutis:</span> <span class='ocrx_word' id='word_1_329' title='bbox 950 4704 977 4762; x_wconf 92' lang='lat' dir='ltr'>iri</span> <span class='ocrx_word' id='word_1_330' title='bbox 992 4699 1055 4784; x_wconf 85' lang='lat' dir='ltr'>aph.</span> <span class='ocrx_word' id='word_1_331' title='bbox 1072 4719 1124 4782; x_wconf 78' lang='lat'>37,</span> <span class='ocrx_word' id='word_1_332' title='bbox 1142 4697 1205 4762; x_wconf 74' lang='lat' dir='ltr'>sest.</span> <span class='ocrx_word' id='word_1_333' title='bbox 1224 4719 1256 4772; x_wconf 83' lang='grc'>4.</span> 
     </span>
     <span class='ocr_line' id='line_1_39' title="bbox 261 4773 1311 4865; baseline 0.016 -31"><span class='ocrx_word' id='word_1_334' title='bbox 261 4773 320 4848; x_wconf 82' lang='lat' dir='ltr'>(b)</span> <span class='ocrx_word' id='word_1_335' title='bbox 344 4775 458 4834; x_wconf 83' lang='lat' dir='ltr'>Coiiini.</span> <span class='ocrx_word' id='word_1_336' title='bbox 478 4794 511 4853; x_wconf 85' lang='lat'>3,</span> <span class='ocrx_word' id='word_1_337' title='bbox 529 4779 557 4838; x_wconf 89' lang='lat' dir='ltr'>in</span> <span class='ocrx_word' id='word_1_338' title='bbox 574 4781 638 4850; x_wconf 83' lang='lat' dir='ltr'>libr.</span> <span class='ocrx_word' id='word_1_339' title='bbox 654 4802 688 4862; x_wconf 81' lang='lat'>3,</span> <span class='ocrx_word' id='word_1_340' title='bbox 705 4783 776 4865; x_wconf 83' lang='lat' dir='ltr'>epid.</span> <span class='ocrx_word' id='word_1_341' title='bbox 1207 4789 1210 4796; x_wconf 64' lang='lat'>‘</span> <span class='ocrx_word' id='word_1_342' title='bbox 1308 4825 1311 4830; x_wconf 95' lang='lat'>·</span> 
     </span>
     <span class='ocr_line' id='line_1_40' title="bbox 264 4855 466 4936; baseline -0.01 -18"><span class='ocrx_word' id='word_1_343' title='bbox 264 4861 325 4936; x_wconf 87' lang='lat' dir='ltr'>(e)</span> <span class='ocrx_word' id='word_1_344' title='bbox 344 4856 384 4918; x_wconf 80' lang='lat' dir='ltr'>it</span> <span class='ocrx_word' id='word_1_345' title='bbox 402 4855 466 4917; x_wconf 86' lang='lat' dir='ltr'>ibid.</span> 
     </span>
    </p>
   </div>
   <div class='ocr_carea' id='block_1_4' title="bbox 1345 4937 1494 5057">
    <p class='ocr_par' dir='ltr' id='par_1_4' title="bbox 1345 4937 1494 5057">
     <span class='ocr_line' id='line_1_41' title="bbox 1345 4937 1494 5057; baseline -0.06 1"><span class='ocrx_word' id='word_1_346' title='bbox 1345 4937 1494 5057; x_wconf 86' lang='lat' dir='ltr'>Pppij</span> 
     </span>
    </p>
   </div>
   <div class='ocr_carea' id='block_1_5' title="bbox 0 0 2118 5915">
    <p class='ocr_par' dir='ltr' id='par_1_5' title="bbox 0 0 2118 5915">
     <span class='ocr_line' id='line_1_42' title="bbox 0 0 2118 5915; baseline 0 0"><span class='ocrx_word' id='word_1_347' title='bbox 0 0 2118 5915; x_wconf 95' lang='lat' dir='ltr'> </span> 
     </span>
    </p>
   </div>
  </div>
 </body>
</html>
