4250 5898
643 429 1191 528 CUTANEI&”
1551 437 1690 554 &7'

190 593 496 705 resolvendum,
520 599 670 684 titmad
684 599 773 683 vasa
795 595 1067 706 resarcienda,
1087 621 1171 706 qua
1193 587 1554 798 purimt'meams
1579 609 1635 696 ds

192 711 415 796 tumoribus
445 711 607 800 docent.
646 712 712 796 Ad
744 741 818 796 nos
840 714 938 796 verb
973 713 1153 795 materies
1185 713 1199 793 i
1232 739 1253 793 a
1284 741 1366 796 non
1395 714 1551 828 spesiat.
1582 722 1629 806 Si
1661 736 1664 746 ’

192 827 259 936 qui
283 851 415 910 tamen
435 825 620 938 supersint
647 823 668 907 ὲ
689 823 885 909 vibicibus
904 827 1058 910 initieris
1082 849 1292 930 tumores,
1321 829 1349 908 ii
1373 829 1492 912 etiam
1515 829 1630 918 lento

190 935 473 1022 resolventium
499 931 709 1028 farinarum
730 938 799 1026 usu
826 927 1049 1044 tolluntur,
1080 965 1119 1022 at
1140 935 1367 1022 sarinae'iliae
1386 943 1484 1024 vino
1509 947 1627 1030 inco-

111 1083 117 1098 ·
193 1077 375 1160 quantur,
390 1075 457 1134 aut
473 1048 644 1135 decoeo
657 1050 850 1135 soliorum
865 1077 983 1160 atque
1000 1051 1180 1135 radicum
1193 1048 1472 1134 resolventium
1481 1115 1494 1158 ,
1511 1056 1630 1252 spilli

193 1161 433 1268 saiomonis,
449 1165 600 1246 thamni
610 1163 839 1269 racemosae,
852 1162 1047 1274 bryonia,
1063 1161 1312 1272 aliorumque
1325 1162 1519 1250 similium.
1568 1201 1630 1256 ω

190 1281 297 1360 terei
312 1278 410 1360 verb
427 1271 630 1381 addenda,
653 1280 840 1360 interiore
855 1276 924 1358 usu
937 1337 952 1381 ,
974 1273 1162 1362 diluentis
1175 1273 1314 1360 leviter
1327 1280 1482 1384 tonica,
1498 1280 1630 1390 qualia

191 1389 282 1473 sunt
303 1387 400 1472 solia
422 1391 521 1471 titeae
532 1445 545 1493 ,
567 1386 747 1502 bugulte,
762 1385 964 1496 sanicuiae,
988 1385 1204 1506 eupatosii,
1229 1392 1351 1502 uirgae
1369 1419 1514 1498 aureae,
1531 1393 1631 1481 aiio-

192 1529 362 1613 rumque
386 1501 617 1586 multorum.
778 1517 781 1524 '
1108 1513 1109 1516 '
1315 1535 1318 1557 =

245 1615 363 1712 ¹Scire
389 1611 509 1698 stmui
528 1611 625 1697 licet
653 1610 762 1696 nulla
790 1616 856 1695 hic
883 1617 925 1696 in
954 1637 1046 1698 cute
1076 1611 1163 1697 lust
1191 1612 1521 1702 &incalescente
1549 1617 1631 1704 esse

192 1727 416 1842 emplastica
436 1726 709 1832 admovenda,
733 1755 817 1836 quae
841 1725 1028 1838 qualitate
1048 1725 1299 1810 rancescente
1320 1755 1512 1812 nocerent
1538 1758 1632 1814 cer·
1677 1801 1678 1804 r

188 1839 333 1925 tiffime
365 1848 406 1924 bt
441 1839 480 1921 su
512 1842 776 1952 putationem·
791 1865 908 1947 atque
941 1836 1228 1937 lacerationem·
1253 1837 1425 1952 partibus
1455 1841 1631 1926 distentis

190 1954 439 2038 inducerent.
466 1869 568 2062 (gua
591 1951 816 2066 suppuratio
841 1955 881 2033 in
903 1975 1012 2064 parte
1033 1938 1337 2062 male-disposits
1355 1947 1634 2062 dt‘sere'iace-

190 2064 276 2150 rati
302 2095 385 2150 non
406 2064 523 2150 facile
548 2067 589 2147 in
615 2063 770 2147 bonum
788 2090 860 2178 pus
893 2064 1163 2149 adduceretur.
1191 2063 1306 2146 Idem
1330 2066 1422 2147 esto·
1435 2061 1633 2170 judicium

192 2177 247 2262 de
270 2177 410 2264 teribus
435 2176 457 2260 b
477 2177 603 2284 fustis,
622 2175 647 2260 a
664 2175 804 2260 balistis
828 2206 911 2259 non
932 2173 1254 2290 penetrantibus,
1279 2205 1363 2288 quat
1389 2182 1522 2262 omnia
1544 2209 1630 2264 non

192 2288 445 2376 alteratione
467 2320 488 2372 a
546 2317 588 2374 nt
613 2289 730 2400 quim
754 2290 1029 2373 contusionem
1056 2286 1285 2370 inducendo
1312 2285 1378 2371 vei
1451 2291 1633 2399 sirmam,

190 2401 261 2488 vel
283 2401 426 2487 levem.
458 2321 557 2482 esse
582 2405 701 2514 porrb
729 2401 949 2490 accidentia
970 2398 1075 2592 ppud
1095 2399 1316 2512 Chirurgus
1342 2316 1519 2488 audentes
1542 2402 1633 2487 fusb

194 2513 389 2628 descripta
419 2510 624 2597 habentur.
658 2513 760 2596 Satis
793 2515 839 2595 stt
873 2511 968 2596 scivi
1000 2539 1022 2594 e
1056 2514 1097 2592 in
1125 2512 1232 2596 bisce
1260 2510 1374 2594 maiis
1399 2511 1457 2593 nii
1483 2513 1633 2600 meiius
1686 2595 1693 2605 .

193 2625 295 2731 esse,
317 2625 375 2709 nii
399 2625 486 2742 plus
513 2626 695 2709 conserte
707 2684 722 2730 ,
750 2621 866 2734 quim
886 2624 923 2706 'st
952 2626 1102 2708 receuti
1130 2621 1245 2734 malo¹
1265 2631 1306 2706 bt
1330 2625 1630 2712 inflammationi

94 2781 101 2786 ·
192 2739 325 2824 adhbc
341 2740 469 2824 cruda
487 2739 754 2844 succurratur,
797 2765 840 2820 er
853 2762 1123 2852 opportunum
1138 2763 1246 2820 vena
1261 2735 1441 2820 sedionis
1459 2744 1633 2852 repetitae

192 2852 332 2956 usum3
350 2858 442 2938 cbm
468 2853 745 2966 experimentis
769 2765 1151 2934 bevenhoeckianis
1173 2852 1373 2964 primum,
1394 2849 1485 2932 dein
1507 2857 1631 2938 etiam

194 2964 438 3050 Hellerianis
451 2962 509 3046 nil
522 2962 611 3080 pius
629 2965 820 3077 impastos
832 2965 873 3046 in
888 2962 1070 3048 vasorum
1092 2965 1277 3048 extremis
1301 2960 1489 3076 globulos
1505 2966 1634 3050 reuel-

192 3077 253 3162 iat
276 3107 384 3162 vena
408 3079 591 3162 senione.
610 3077 726 3161 Unde
750 3080 870 3160 etiam
896 3073 1114 3190 pallescunt
1137 3073 1286 3159 dvenae
1304 3077 1480 3159 sesiione
1501 3107 1633 3191 partes
1744 3101 1749 3110 “

193 3189 359 3276 afflisiae.
387 3189 500 3274 Tum
519 3194 637 3274 etiam
664 3187 955 3302 prohibendum
984 3215 1035 3270 ne
1060 3190 1197 3274 bonus¹
1214 3185 1390 3300 ahoquin
1420 3189 1539 3273 sanus
1559 3192 1634 3275 atr:

195 3309 344 3390 mentis
365 3303 446 3388 sese
465 3307 705 3416 ingurgitet,
726 3299 867 3414 quibus
890 3301 1010 3384 cruda
1030 3304 1075 3383 in
1091 3299 1236 3390 vulnus
1262 3319 1538 3416 aggeretentur
1549 3367 1565 3412 ,
1586 3314 1632 3396 bc

194 3415 433 3502 resolutioni
461 3414 600 3500 obices
625 3441 865 3530 ponerentur
888 3419 956 3500 vix
983 3413 1205 3530 superandi.
1574 3431 1579 3442 '

255 3529 540 3613 Exanthemata
554 3533 651 3614 verb
660 3589 673 3634 ,
690 3529 756 3613 seu
798 3525 919 3643 apulae
928 3591 942 3635 ‚
963 3530 1190 3646 incorpore
1206 3527 1306 3610 cutis
1324 3525 1539 3633 nascentia,
1552 3529 1632 3614 stne'

193 3641 287 3732 ulio
317 3641 368 3724 ab
394 3644 557 3724 internis
594 3559 810 3754 repetendb
842 3643 937 3722 nixu
964 3639 1248 3752 deputareris,
1274 3667 1363 3749 rara
1392 3641 1507 3744 sunt,
1538 3651 1635 3749 mant

197 3759 305 3846 cutis
317 3759 427 3838 inter
449 3781 596 3865 organa
619 3753 667 3834 ad
687 3752 985 3865 deputationem
1004 3777 1237 3864 comparata
1249 3755 1291 3833 dt
1311 3751 1520 3834 secretoria
1536 3783 1636 3866 prae-

196 3875 362 3981 cipuum
395 3867 440 3948 stt
454 3926 468 3970 ,
498 3892 544 3948 ea
569 3889 701 3972 autern
727 3865 1002 3966 exanthemata
1026 3864 1077 3947 de
1103 3861 1242 3972 quibus
1272 3893 1378 3944 nunc
1397 3867 1566 3974 ¹agimus
1583 3866 1636 3948 ad

197 4003 336 4070 'cutem
356 4007 540 4090 tanquam
557 4007 608 4060 co
658 3981 736 4060 oris
752 3972 979 4086 universale
989 4001 1261 4090 tegumentum
1280 3978 1498 4088 pertineam
1508 4039 1523 4081 ,
1544 3985 1586 4060 ἃ
1610 3975 1633 4062 ὲ

197 4095 325 4184 causis
345 4096 358 4175 i
378 4093 415 4198 Ιίί
436 4007 697 4206 peculiaribus
713 4089 929 4204 pendeant.
1003 4117 1007 4130 ‘
1329 4119 1343 4142 ··

263 4124 395 4290 03υᾶ
420 4231 517 4317 ergo
536 4200 701 4286 iilaenec
723 4197 772 4284 ab
794 4203 1010 4307 alimentis,
1028 4231 1103 4286 nec
1122 4201 1170 4284 ab
1182 4203 1300 4284 animi
1313 4197 1535 4307 affedibus,
1557 4229 1636 4289 nee
1666 4269 1672 4278 .

194 4323 225 4406 a
251 4319 391 4402 somno
418 4315 593 4430 petenda
624 4314 739 4420 sunt,
773 4315 838 4398 sed
874 4326 1025 4398 tantum
1056 4342 1121 4397 aut
1151 4312 1205 4398 ab·
1236 4316 1334 4396 acris
1365 4311 1637 4426 superincum⁴

194 4423 339 4524 b‘entis·
362 4433 547 4535 afflone,
575 4451 642 4509 aut
669 4426 690 4510 ὲ
717 4427 872 4510 diversas
903 4429 943 4506 in
973 4446 1106 4508 c'utetn
1133 4423 1396 4508 illabentibus.
1431 4424 1500 4506 Ab
1526 4428 1639 4512 bisce

200 4545 369 4658 quidem
392 4531 485 4624 solis
511 4540 631 4624 causts
655 4543 788 4620 omnia
814 4540 1133 4622 exanthematum
1158 4565 1299 4650 genera
1320 4534 1529 4650 dequibus
1554 4539 1637 4644 jam
1661 4572 1664 4582 ¹

199 4655 302 4742 alibi
322 4652 406 4738 fuse
421 4649 547 4739 locuti
561 4653 691 4735 sumus
706 4650 861 4766 possunt
878 4651 1041 4764 effingi,
1063 4651 1211 4760 hydron
1220 4714 1234 4756 ,
1256 4649 1438 4755 macula,
1459 4651 1630 4764 papuiae,

198 4764 410 4885 ephelides
419 4828 433 4871 ,
450 4763 625 4876 pustula,
638 4761 793 4914 pustula
806 4763 1077 4878 supputantes,
1093 4766 1290 4876 phymata,
1307 4759 1475 4882 αμυχαῖ,
1490 4763 1640 4873 pause·

201 4877 300 5000 χιῶ,
320 4875 772 4994 ἐμοχωῶεᾳιξανθισμύαι
788 4877 1037 4986 (Coactum
1050 4883 1062 4981 )
1071 4884 1144 4987 ,dt
1163 4879 1443 4963 omnebonum
1456 4879 1641 4962 emnium
