4156 5892
476 497 571 576 ‚224
919 455 1046 582 ‚DE
1113 445 1476 548 MORBts

486 628 648 712 affeslus
676 623 746 709 sub
775 621 919 709 eodem
947 625 1111 708 nomine
1142 619 1554 738 comprehenderunt,
1586 645 1678 703 cum
1708 615 1756 704 aa
1788 639 1925 704 tamen

487 739 731 824 distinslione
756 736 864 846 qubd
888 734 953 820 alii
972 760 1150 820 tumores
1175 739 1377 843 excitent,
1398 732 1466 817 alil
1485 729 1771 843 squammulas,
1796 731 1926 818 furfur

485 851 575 958 alii,
600 855 781 937 caterbm
797 851 865 934 vix
882 851 924 931 in
943 850 1148 954 curatione
1165 847 1358 932 differant.
1384 844 1547 931 Scabies
1563 841 1701 932 verbi
1721 842 1924 930 scabendo

477 965 555 1049 'seu
576 961 655 1048 scal
683 961 789 1046 endo
806 960 928 1066 dieta,
952 958 1002 1043 ad
1020 985 1159 1044 omnes
1177 957 1445 1074 pruriginosos
1465 958 1624 1043 affeslus
1649 959 1818 1072 pertinet
1837 986 1924 1042 non

485 991 704 1192 pustulolbs
718 1135 732 1179 ,
767 1071 835 1156 sed
864 1070 1016 1192 papulis
1048 1071 1204 1192 asperos
1218 1133 1233 1178 ,
1267 1100 1489 1183 quanquam
1518 1080 1561 1155 bc
1588 1073 1810 1156 veterinarii
1849 1065 1923 1151 sub

484 1191 650 1272 nomine
674 1183 818 1270 scabiei
838 1188 973 1268 omnia
992 1209 1159 1268 cutanea
1183 1211 1450 1274 armentorum
1476 1182 1578 1267 mala
1604 1180 1923 1297 comprehende-

486 1305 565 1384 rint
575 1361 590 1407 ,
610 1326 656 1382 ut
673 1324 781 1414 patet
794 1326 846 1382 ex
859 1297 1040 1382 Varrone
1060 1297 1191 1382 &Vir
1220 1295 1290 1380 ilio
1314 1303 1375 1404 (a)
1404 1297 1536 1414 palsrm
1557 1300 1598 1378 in
1616 1297 1853 1408 Georgicis,
1870 1294 1923 1378 de

484 1410 739 1522 quiquidem
753 1406 864 1494 verbi
883 1411 1169 1522 significatione
1185 1327 1218 1492 d
1228 1409 1393 1525 amplibs
1411 1406 1589 1492 dubitare
1604 1406 1784 1513 libuerit,
1800 1407 1922 1491 fidem

484 1522 779 1633 extorquebunt
808 1523 1085 1637 metaphorica
1117 1519 1230 1626 hujus
1260 1519 1449 1609 vocabuli
1475 1522 1815 1636 interpretationes
1843 1520 1921 1622 (b).

487 1638 663 1752 Occupet
676 1632 1071 1828 extrtntumsabt‘m,
1094 1637 1148 1716 ait
1169 1635 1386 1740 Horatius,
1413 1636 1481 1744 qui
1497 1639 1561 1740 (c)
1577 1640 1618 1715 bt
1632 1630 1733 1714 lucri
1749 1629 1920 1715 scabiem

480 1753 604 1832 etiam
618 1773 740 1832 vocat
757 1751 882 1830 immo
912 1772 1059 1830 eratam
1073 1743 1197 1828 multa
1214 1746 1433 1860 possidendi
1447 1743 1665 1834 libidinem.
1687 1743 1836 1826 Cicero
1852 1743 1919 1848 (d)

482 1860 566 1976 ipse
584 1859 761 1945 scabiem
782 1857 996 1972 voluptatis
1020 1855 1191 1974 appellat
1220 1857 1331 1941 illam
1356 1863 1548 1971 impuram
1572 1853 1801 1946 deliciarum
1828 1855 1922 1939 titil-

413 2060 416 2066 ,
482 1971 676 2056 lationem
699 2001 784 2082 quae
811 2000 884 2054 nos
912 1970 935 2055 b
962 1998 1059 2056 vero
1093 1997 1247 2055 avocat.
1282 1971 1345 2060 Ex
1374 1973 1562 2084 generlco
1593 1965 1725 2052 morbi
1756 1971 1921 2054 nomine

483 2075 657 2198 speciem
676 2082 807 2166 morbi
826 2083 925 2168 fecit
943 2080 1082 2168 Celsus
1104 2111 1221 2193 quem
1237 2084 1360 2167 secuti
1382 2083 1471 2166 sunt
1486 2085 1662 2174 auelores
1686 2082 1919 2204 posteriores

483 2222 619 2304 atate,
640 2196 708 2280 sed
724 2198 789 2280 vix
805 2195 916 2279 aliter
928 2194 1046 2304 quim
1058 2193 1129 2278 sub
1137 2197 1261 2389 psorae
1276 2199 1438 2283 nomine
1456 2195 1585 2284 Graeci
1594 2257 1609 2308 ,
1625 2195 1789 2300 Aetius,
1811 2195 1921 2308 AEgi-

482 2335 574 2400 neta
586 2371 599 2414 ,
626 2307 828 2420 Oribastus
849 2316 890 2391 ὃ(
910 2305 976 2391 alii
1001 2307 1051 2390 de
1071 2306 1135 2389 sca
1164 2311 1201 2392 ie
1222 2307 1350 2392 locuti
1372 2308 1471 2392 sunt.

539 2422 631 2504 Nec
653 2419 859 2504 diuinuins
881 2419 933 2504 de
957 2416 1106 2503 morbis
1129 2417 1237 2504 hisce
1259 2449 1283 2505 e
1312 2422 1377 2510 ere
1401 2423 1558 2504 mutatis
1582 2417 1815 2526 vocabulis,
1841 2449 1920 2503 ma-

482 2531 639 2648 gnique
667 2533 758 2616 inde
786 2531 924 2616 exortal
947 2531 1180 2622 confusrone
1203 2451 1366 2617 Arabes.
1399 2531 1548 2622 Melibs
1573 2560 1705 2620 tamen
1729 2541 1771 2616 ὃ(
1795 2536 1919 2645 magis

483 2645 533 2728 ad
550 2653 723 2729 mentem
736 2645 970 2728 Graecorum
981 2646 1205 2728 Avicennas
1215 2651 1271 2750 (e)
1319 2649 1359 2728 ui
1371 2643 1467 2731 licet
1482 2673 1629 2729 nomen
1643 2642 1819 2734 scabieial
1834 2643 1920 2729 lati-

481 2760 567 2862 nis,
591 2755 727 2843 saltem
747 2759 775 2840 st
796 2755 1071 2874 interpretibus
1094 2757 1191 2842 sides
1216 2757 1306 2842 adlti
1336 2757 1437 2842 enda
1462 2759 1600 2864 fuerit,
1625 2783 1819 2841 mutuatus
1845 2756 1918 2866 stt,

481 2894 615 2953 tamen
646 2896 734 2953 eam
763 2869 922 2979 qualem
945 2899 1021 2953 nos
1050 2867 1315 2982 intelligimus,
1333 2868 1403 2952 sub
1433 2873 1594 2954 nomine
1614 2867 1781 2986 sohcfitti
1806 2868 1917 2956 stccae

349 3011 356 3027 ·
456 2997 458 3008 ’
483 2980 702 3094 descripsit,
723 2978 839 3065 aliam
858 3007 989 3065 tamen
1010 2981 1213 3064 humidam
1236 2981 1471 3096 distinguens
1492 3013 1609 3093 quam
1633 2979 1763 3072 morbi
1785 2981 1921 3070 bethor

513 3094 721 3206 rincipium
742 3093 819 3177 elle
844 3091 941 3178 vult.
967 3094 1031 3175 An
1056 3092 1171 3208 psora
1191 3096 1275 3177 haec
1295 3096 1349 3179 est
1367 3095 1601 3182 Graecorum
1618 3094 1657 3178 le
1686 3125 1734 3180 rae
1779 3095 1921 3182 raevial

478 3121 625 3287 bader
651 3208 744 3308 hle,
766 3232 973 3319 operaque
1001 3209 1170 3318 pretium
1200 3204 1354 3290 nullum
1379 3208 1432 3292 est
1458 3210 1563 3291 varia
1590 3125 1683 3290 Hal
1707 3269 1721 3307 ,
1748 3123 1889 3292 bhaso
1901 3265 1918 3312 ,

477 3315 693 3401 *Avenzoar
707 3322 870 3401 nomina
882 3315 1050 3423 referre,
1068 3318 1257 3431 nugisque
1269 3318 1446 3403 insudare
1461 3349 1544 3427 quae
1563 3323 1647 3437 post
1661 3316 1809 3402 multos
1827 3343 1921 3404 noc·

476 3430 620 3514 'turnus
641 3429 880 3541 diurnosque
896 3427 1051 3514 labores
1070 3459 1143 3513 nos
1164 3429 1275 3513 bonae
1289 3431 1411 3544 frugis
1427 3429 1570 3516 steriles
1586 3430 1791 3543 reliqubre.
1818 3428 1922 3514 Cel·

480 3542 567 3625 sum
599 3541 731 3627 seuari
758 3540 903 3651 liceat,
930 3540 1209 3656 scabiemque,
1245 3541 1386 3629 reliffls
1415 3543 1636 3633 aubloribus
1648 3607 1663 3652 ‚
1692 3542 1850 3656 qualem
1875 3545 1920 3629 in

479 3651 660 3781 plurimis
682 3655 879 3748 vidimus,
903 3654 1123 3769 explanare.

542 3764 626 3851 Sub
651 3764 795 3851 scabiei
818 3773 982 3851 nomine
1009 3767 1195 3852 morbum
1219 3765 1333 3852 illum
1355 3767 1613 3883 intelligimus
1638 3798 1757 3879 quem
1775 3765 1921 3854 Celsus

482 3881 632 3994 primus
664 3904 713 3963 ex
740 3879 914 3965 Medicis
943 3877 1143 3966 veteribus
1171 3880 1219 3965 ab
1250 3880 1334 3966 aliis
1364 3882 1544 3966 distinxit.
1580 3879 1662 3964 ch
1691 3883 1842 3966 constat
1866 3909 1921 3966 ex

484 3993 690 4104 asperitate
703 3995 803 4078 cutis
817 3991 1077 4108 pruriginosal,
1095 3997 1187 4078 &in
1201 3992 1247 4079 es
1262 3994 1535 4101 concluditur,
1551 3996 1661 4088 itaut
1674 3993 1742 4078 ifle
1756 3995 1922 4088 finiente

485 4103 642 4194 finiatur
655 4167 668 4211 ,
701 4105 907 4191 reviviscat
935 4105 1204 4190 reviviscente.
1237 4107 1385 4192 Differt
1411 4134 1454 4191 er
1484 4137 1509 4190 o
1538 4104 1586 4191 ab
1615 4108 1845 4221 impetigine
1875 4115 1922 4192 bt

365 4271 368 4278 .
455 4245 457 4248 ·
486 4210 709 4299 lichenibus
761 4219 844 4309 ubd
864 4219 1082 4331 squammas
1103 4221 1145 4302 in
1165 4245 1258 4302 cute
1275 4247 1358 4302 non
1377 4137 1596 4334 producat,
1628 4215 1651 4300 d
1675 4218 1789 4334 psorb
1807 4217 1922 4328 qubd

489 4353 571 4407 non
592 4328 637 4409 stt
654 4249 798 4413 morbo
815 4331 998 4421 ulceroso
1015 4335 1165 4446 praevia.
1191 4328 1321 4437 Hujus
1340 4323 1540 4447 duplic'em
1558 4331 1729 4444 speciem
1748 4331 1925 4416 distinxit

490 4435 654 4528 Celsus:
672 4439 833 4536 alteram
848 4443 1064 4560 simplicem
1086 4469 1207 4534 vucat
1217 4506 1232 4566 ,
1255 4442 1415 4532 alteram
1431 4443 1575 4559 typr'et
1584 4505 1601 4556 ,
1626 4443 1693 4537 seu
1710 4443 1921 4552 ferocem,

528 4599 582 4674 (a)
607 4598 742 4685 Georgic.
764 4602 810 4665 lib.
829 4625 855 4682 3.

526 4677 580 4753 (b)
601 4679 666 4741 Lib.
687 4703 723 4754 a,
743 4683 834 4768 Satyr.
855 4707 881 4756 a,

526 4763 584 4838 (c)
603 4760 670 4822 uu.

525 4839 580 4914 (d)
600 4841 648 4902 De
660 4839 798 4909 Oratore.

521 4922 576 5004 (t)
598 4919 665 4984 Fen.
687 4941 725 5000 7,
744 4921 838 4990 Ttasl.
860 4945 889 5006 3⁴
1006 4971 1012 4992 ,

1659 4962 1666 5028 ἱ
1692 5015 1928 5136 nullamque
2067 4983 2068 4998 Ν
