4226 5916
486 431 569 520 400
814 339 819 347 “
925 409 1032 498 ua
1102 403 1470 500 uoaurc

419 603 420 606 ‘
488 579 531 661 in
549 575 780 660 furunculos
802 573 964 678 abeant,
984 576 1026 656 in
1045 599 1154 658 textu
1176 569 1354 660 cellulari
1370 579 1453 660 cuti
1471 575 1670 690 luppolito
1686 577 1772 660 fixe
1790 572 1928 683 falle,

490 685 596 774 undb
626 715 877 802 temperans,
913 683 1142 795 diluensque
1168 689 1304 793 dieta,
1337 695 1379 772 bt
1410 686 1628 771 consrmilia
1659 687 1721 774 his
1751 689 1926 774 remedia

492 801 670 886 inuium
695 798 917 884 revocanda
941 798 1027 879 suut
1040 859 1052 902 ,
1079 798 1208 908 qualia
1230 798 1402 912 prebent
1427 807 1469 884 ὃ(
1492 799 1620 885 serum
1645 797 1754 884 laetis
1779 800 1927 914 purillr-
2015 801 2018 808 ’

493 944 607 999 mum
632 923 674 996 bt
696 911 861 995 decotla
878 908 975 1023 pulli
1001 909 1274 1018 atquevituli,
1301 909 1517 1018 limacum,
1544 912 1766 1018 testudinis,
1794 909 1927 996 herbis
2050 909 2062 922 “

494 1021 749 1111 alterantibus
768 1021 958 1106 oleraceis
975 1023 1129 1106 inferia.
1156 1025 1204 1106 In
1220 1027 1327 1105 huuc
1343 1020 1455 1106 usum
1469 1024 1713 1108 advocantur
1728 1021 1928 1136 borrago,

495 1139 696 1240 sonchus,
726 1162 950 1218 taraxacum
963 1197 976 1238 ,
1004 1133 1158 1242 aliaque
1180 1133 1402 1239 hujusmodi
1426 1139 1648 1248 vegetanda
1672 1165 1757 1278 puae
1782 1137 1927 1218 stoma-

499 1256 621 1335 chum
640 1248 731 1331 dum
751 1247 921 1330 fulciunt
940 1244 1080 1329 liberas
1095 1245 1242 1356 liquori
1258 1249 1340 1330 acri
1360 1275 1453 1330 cum
1474 1245 1555 1331 bile
1571 1251 1705 1332 vitiata
1717 1245 1925 1331 vacuando

489 1368 580 1448 ‘vias
607 1357 812 1476 prebent,
840 1357 1031 1467 simulque
1057 1361 1248 1474 principia
1278 1359 1493 1472 sapouacca
1525 1369 1567 1444 ὅ(
1595 1359 1665 1443 bili
1695 1369 1737 1444 dc
1767 1359 1927 1468 reliquis·

495 1471 731 1560 humoribus
755 1475 808 1555 ita
829 1474 1078 1664 impertiunt,
1108 1496 1173 1576 ut,
1199 1477 1469 1584 experimento
1491 1475 1689 1578 instituto,
1713 1470 1830 1555 saliva
1852 1473 1928 1552 ho-

451 1607 457 1617 ·
498 1592 651 1672 utinum
676 1584 783 1674 hisce
810 1585 880 1665 her
898 1585 939 1666 'is
964 1584 1181 1687 utentium,
1206 1583 1342 1666 salium
1365 1593 1406 1666 dt
1423 1583 1601 1668 sacchari
1620 1587 1779 1698 copiam
1799 1579 1927 1689 majo-

499 1730 584 1787 rem
605 1695 824 1813 piomptius
848 1705 889 1779 bc
912 1695 1063 1778 facilius
1083 1693 1221 1778 solvat.

558 1812 668 1894 Tum
697 1807 946 1920 summopere
972 1806 1190 1892 cavendum
1216 1809 1340 1890 estne
1364 1810 1510 1892 humor
1533 1806 1633 1892 adeo
1653 1807 1772 1893 facile
1793 1809 1927 1896 sedem

499 1949 737 2036 occupatam
759 1921 937 2004 deserens
961 1921 1105 2022 feratur
1128 1918 1177 2001 ad
1200 1921 1398 2002 interiora.
1421 1922 1521 2031 Quo
1542 1920 1702 2031 quidem
1721 1925 1762 2004 iu
1778 1949 1924 2038 opere,

498 2034 597 2122 licet
623 2032 711 2149 plus
739 2041 881 2114 natura
909 2030 1025 2141 quam
1054 2036 1124 2114 arti
1153 2031 1356 2115 fidendum
1383 2033 1452 2138 stt,
1515 2030 1673 2116 raellabit
1700 2057 1835 2118 tamen
1862 2036 1927 2119 hic

497 2148 712 2230 admovere
734 2146 763 2227 st
787 2143 881 2252 quid
903 2142 1112 2255 periclitari
1133 2143 1309 2227 videatur
1331 2172 1432 2256 ager
1442 2205 1457 2253 ,
1484 2062 1586 2228 levia
1609 2143 1819 2260 diapnoica
1846 2175 1926 2257 qua

498 2257 655 2342 stimulo
677 2253 771 2370 agili
792 2253 909 2338 facile
928 2254 976 2338 ad
997 2283 1129 2340 cutem
1149 2253 1324 2338 feruntur
1334 2316 1348 2361 ,
1370 2253 1759 2369 penetrabilitateque
1777 2257 1926 2342 summa

500 2367 657 2486 promte
682 2367 866 2452 exhalant
894 2400 906 2465 3
945 2367 1073 2479 qualia
1092 2367 1180 2450 sunt
1192 2429 1206 2472 ,
1230 2365 1405 2450 sambuci
1432 2369 1577 2476 flores,
1606 2367 1806 2476 meliloti,
1835 2372 1927 2454 cha-

499 2479 696 2586 maemeli,
726 2483 926 2594 papaveris
948 2485 1129 2584 erratici,
1154 2481 1238 2560 imb
1261 2488 1302 2563 ὅ(
1323 2481 1351 2560 st
1370 2477 1519 2585 majore
1540 2508 1640 2594 opus
1663 2483 1709 2563 srt
1727 2482 1929 2596 praesrdio,

497 2597 754 2706 camphorata
778 2596 923 2676 omnia.
948 2594 1097 2677 Verum
1119 2591 1311 2705 precipue
1332 2589 1474 2705 scopus
1498 2589 1568 2676 ille
1587 2594 1812 2708 attingitur,
1835 2595 1928 2680 dun

498 2705 712 2820 vaporibus
729 2702 883 2790 lenibus
906 2709 1007 2790 cutis
1025 2709 1096 2789 viae
1114 2705 1348 2898 aperiuntur.

557 2821 613 2902 At
627 2818 695 2902 ubi
716 2817 871 2902 delituit
884 2819 1118 2928 tempestatis
1160 2818 1329 2900 eneficio
1343 2812 1491 2898 malum
1502 2875 1517 2922 ,
1538 2844 1614 2901 uec
1627 2814 1728 2925 jam,
1745 2844 1813 2903 aut
1828 2819 1928 2904 iunia

413 2975 415 2980 ·
500 2955 570 3014 aut
595 2935 709 3016 extus
731 2930 864 3033 saevit,
888 2934 973 3012 tiam
999 2924 1152 3040 qulqul
1174 2926 1237 3011 viai
1262 2926 1386 3014 libera
1412 2925 1649 3014 concilietur
1673 2929 1900 3045 perspiratio
1910 2989 1927 3037 ,

497 3049 547 3127 &
575 3047 676 3126 cutis
700 3043 795 3125 vasis
822 3041 960 3126 laxitas
991 3068 1107 3152 arque
1132 3038 1290 3124 libertas
1319 3067 1565 3156 procuretur.
1594 3041 1786 3128 Huncin
1810 3047 1929 3130 finem

500 3151 643 3240 balnea
669 3152 799 3267 tepida
818 3150 978 3264 reliquis
1004 3157 1177 3268 prestant
1200 3151 1474 3257 adminiculis,
1497 3152 1637 3264 quibus
1656 3154 1812 3240 additur
1831 3157 1930 3240 inte-

501 3263 568 3350 rea
589 3266 699 3350 diaeta
721 3267 968 3372 humetum,
996 3294 1114 3376 atquc
1127 3265 1296 3350 ‚acribus
1317 3264 1629 3377 quibuscumque
1657 3267 1931 3353 demulcendis

500 3403 606 3492 apta..
634 3374 793 3466 Juscula
820 3375 929 3492 supra
952 3403 1169 3463 uremorata
1188 3375 1406 3490 plantaque
1425 3378 1648 3493 sapouaceae
1671 3383 1738 3464 hic
1760 3383 1930 3464 maxima

499 3490 652 3574 suntin
679 3487 867 3573 auxilium
893 3516 1036 3574 naturae
1059 3490 1240 3605 praesidia.
1268 3491 1361 3574 Nec
1382 3489 1537 3598 oberit,
1560 3493 1588 3573 s1
1608 3517 1745 3576 catera
1766 3493 1929 3576 consen·

501 3607 632 3710 tiunt,
659 3600 748 3686 leve
775 3601 967 3687 emulsum
992 3606 1266 3718 paregoric'um
1295 3609 1428 3688 notiu.
1455 3603 1538 3686 Sed
1563 3607 1606 3686 in
1630 3601 1770 3688 rebelli
1797 3603 1929 3709 malo,

499 3713 601 3800 nihil
627 3711 768 3802 melius
780 3775 794 3820 ,
820 3716 919 3800 nihil
946 3720 1065 3802 tutius
1090 3721 1164 3822 est,
1193 3715 1310 3827 qu‘am
1329 3741 1461 3800 totum
1485 3743 1584 3831 opus
1610 3719 1828 3800 curationis
1849 3717 1933 3800 usui

498 3827 648 3912 affiduo
660 3825 770 3915 laetis
780 3887 794 3932 ‚
819 3829 1091 3941 precipueque
1110 3830 1243 3914 altuini
1260 3829 1535 3935 committere,
1555 3857 1637 3938 quo
1649 3828 1806 3914 nullum
1828 3827 1933 3913 aliud

499 3939 834 4034 medicamentum
855 3941 1048 4054 praecipue
1072 3946 1112 4024 in
1131 3939 1348 4048 junioribus
1376 3943 1529 4055 prestat
1561 3939 1643 4024 Sed
1667 3968 1712 4026 ut
1735 3940 1828 4026 leve
1850 3969 1932 4024 ma·

499 4051 584 4137 lum
609 4057 661 4142 est
685 4063 727 4138 dt
752 4054 835 4137 εἰτὸ
859 4051 1115 4158 defervescit,
1142 4050 1243 4135 nibil
1267 4051 1390 4138 obstat
1409 4055 1607 4166 potentius
1633 4050 1747 4159 hujus
1772 4056 1936 4170 integra

499 4164 716 4272 lanarium,
741 4165 859 4275 quim
882 4191 1120 4278 egrotorum
1147 4165 1386 4278 negligentia
1413 4169 1480 4275 qui
1506 4163 1575 4248 fibi
1601 4167 1689 4280 ipfis
1717 4170 1785 4251 vix
1812 4168 1937 4280 impc-

498 4279 617 4370 ritarc
631 4305 799 4380 norunt,
820 4288 862 4362 &
884 4275 932 4360 ab
951 4281 1099 4360 acrium
1118 4305 1185 4360 aut
1198 4305 1295 4390 potu
1305 4339 1319 4383 ,
1339 4305 1408 4360 aut
1428 4277 1493 4361 esu
1508 4306 1591 4361 uon
1606 4276 1687 4362 sese
1708 4281 1938 4362 continent.

500 4387 557 4468 At
577 4389 676 4470 verb
702 4390 744 4500 in
772 4386 871 4474 illud
898 4388 1155 4474 insudandum
1182 4392 1235 4476 est
1258 4389 1347 4474 ante
1375 4391 1537 4495 omnia,
1566 4415 1618 4473 ne
1645 4417 1736 4474 acre
1764 4388 1866 4474 illud
1895 4393 1940 4474 in

500 4493 664 4606 aliquod
679 4495 954 4584 obstruendum
967 4500 1096 4586 viscus
1111 4501 1343 4606 decumbat3
1361 4531 1450 4586 nam
1464 4500 1520 4584 ibi
1533 4498 1770 4587 volatilitate
1785 4501 1940 4608 milla,

500 4613 543 4692 bt
562 4607 687 4692 solam
708 4609 1063 4724 penetrabilitatem
1089 4615 1271 4723 servans,
1294 4612 1434 4700 ferales
1512 4640 1579 4698 ere
1603 4613 1754 4698 radices
1776 4617 1940 4728 potest,

497 4729 541 4806 oc
560 4724 659 4806 verti
677 4725 717 4803 in
737 4721 874 4816 scirrhi
890 4729 1119 4838 materiem,
1142 4729 1252 4842 quod
1271 4723 1454 4814 omnibus
1461 4644 1557 4812 afiiis
1582 4729 1759 4813 curantis
1779 4725 1943 4812 morbis

495 4833 621 4948 potest
642 4836 811 4922 evenire.

1596 4947 1942 5043 ARTICULUS
