4226 5916
481 351 570 462 4621
623 391 625 396 ’
791 368 793 377 ’
926 343 1033 432 DE
1104 343 1469 442 MORBIs

483 465 723 580 redemptos.
749 459 798 544 ln
823 453 1074 545 meretriculb
1103 463 1168 544 cui
1201 461 1340 570 similis
1360 461 1522 552 morbus
1550 465 1734 574 quaestum
1755 464 1924 554 abstule-

486 607 571 686 rat,
593 575 842 662 damfrontis
862 575 1059 657 honorem
1075 574 1265 680 detrahit,
1291 576 1535 692 astringentis
1550 579 1722 692 apposita
1741 609 1815 664 nec
1833 612 1928 696 pro·

485 691 596 774 fuere
612 755 625 796 ,
662 718 736 774 nec
762 683 943 770 ‘nocuille
968 685 1048 768 visa
1076 687 1196 771 sunt:
1224 688 1371 774 sanavit
1404 685 1627 802 praliorum
1657 719 1920 780 venerearum

483 804 616 920 sapibs
641 827 839 916 expertam
866 802 1082 884 mercurius
1102 803 1295 886 inundlus.
1322 800 1445 886 Certe
1465 799 1801 889 resolventia'non
1821 809 1925 920 livp-

483 919 564 1019 tica
581 916 736 1035 poliunt
750 915 814 1016 hic
834 909 973 997 locum
990 913 1192 1025 invenire,
1210 939 1255 1007 ut
1272 913 1485 1028 decedunt
1502 911 1730 1032 lupinorum
1752 919 1800 1002 ab
1822 925 1923 1006 anti·

483 1034 571 1144 quis
589 1029 852 1114 decantatum.
1282 1057 1312 1098 π
1608 1093 1614 1104 χ

542 1139 730 1228 Praeterea
749 1139 929 1230 eamdem
946 1139 1022 1224 elle
1037 1141 1243 1256 herpetun'r
1257 1163 1373 1254 atque
1417 1141 1597 1255 ortiginis
1611 1138 1724 1247 hujus
1743 1145 1920 1231 hamram

485 1253 527 1339 id
552 1257 702 1340 indicat
726 1253 835 1370 quod
860 1250 954 1337 verb
984 1255 1194 1368 herpeticis
1225 1169 1452 1340 mulieribus
1482 1251 1584 1336 ntala
1612 1255 1698 1340 hac
1724 1257 1920 1345 accidant.

483 1367 599 1476 Unde
624 1369 891 1486 Hippocrates
915 1372 980 1470 (a)
1007 1366 1057 1449 de
1074 1369 1274 1482 porrigine
1300 1395 1383 1448 non
1412 1364 1603 1480 loquens,
1634 1396 1755 1472 vocat
1787 1397 1918 1458 tamen

484 1508 716 1598 aegrotantes
752 1478 906 1590 aliquos
939 1479 1024 1592 poli
1059 1481 1185 1560 crisim
1223 1482 1265 1561 in
1300 1475 1448 1563 morbis
1488 1485 1612 1563 acutis
1648 1478 1919 1597 porriginolus

485 1594 706 1704 rrrlvpaaltlr,
737 1592 847 1706 quod
866 1588 999 1676 reverit
1023 1590 1198 1710 pluribus
1221 1590 1369 1682 morbis
1401 1593 1575 1698 accidit,
1602 1595 1643 1676 in
1670 1594 1811 1704 quibus
1838 1593 1923 1711 pust

483 1709 632 1832 longos
659 1709 797 1822 capitis
827 1703 1014 1810 dolores,
1046 1735 1129 1788 non
1160 1703 1288 1788 foliam
1318 1701 1450 1818 t'apilli
1478 1704 1681 1818 defluunt,
1707 1709 1774 1796 led
1802 1717 1921 1794 etiarn

486 1825 638 1942 ingenti
663 1817 779 1934 copiti
804 1819 971 1901 furfures
997 1818 1243 1905 enascuntur.
1266 1847 1269 1852 ¹
1705 1845 1708 1851 ¹

543 1937 668 2050 Igitur
687 1938 732 2020 in
755 1929 923 2046 operosi
948 1934 1143 2014 horumce
1165 1930 1359 2020 malorum
1386 1931 1589 2014 curatione
1618 1960 1701 2014 non
1725 1929 1920 2016 insudabi-

485 2079 598 2151 mus,
622 2051 714 2134 ebur
737 2073 784 2126 ea
808 2073 891 2153 quae
914 2043 964 2126 de
990 2041 1215 2158 herpetibus
1241 2045 1341 2130 diua
1366 2042 1455 2125 sunt
1480 2043 1533 2126 ad·
1552 2049 1798 2158 porriginem
1821 2045 1919 2129 refe·

486 2187 619 2245 rantur
634 2157 865 2262 humidam,
888 2165 990 2242 &ea
1007 2183 1090 2265 qua
1113 2155 1162 2239 de
1184 2153 1406 2240 lichenibus
1421 2154 1574 2270 prolata
1589 2155 1677 2239 sunt
1697 2157 1792 2246 alibi
1807 2161 1919 2278 perti-

487 2297 608 2355 neant
638 2267 685 2352 ad
718 2271 873 2357 saccant.
896 2307 899 2312 ·
923 2269 967 2360 Si
1003 2294 1135 2352 tamen
1166 2266 1396 2383 magnitudo
1435 2267 1529 2352 mali
1562 2265 1719 2380 ejusque
1753 2269 1917 2383 dignitas

484 2382 620 2493 jubeat
642 2379 789 2474 malurn
816 2380 865 2463 ad
891 2379 985 2466 alias
1012 2380 1219 2470 amandare
1247 2408 1401 2496 partes,
1430 2379 1543 2491 quod
1563 2383 1607 2464 fit
1629 2383 1656 2462 sr
1679 2386 1720 2464 in
1749 2381 1916 2492 oculos,

487 2499 524 2590 st·
545 2502 586 2582 in
611 2499 797 2580 interiora
825 2497 977 2582 aurium
1006 2523 1099 2577 cum
1131 2495 1323 2579 surditatis
1355 2492 1534 2628 periculo
1563 2493 1710 2578 malum
1742 2497 1918 2584 videatur

488 2609 642 2724 grallari
658 2672 673 2716 ,
693 2635 788 2700 tunc
815 2609 1033 2698 cauterium
1047 2605 1222 2692 alterutri
1238 2608 1490 2691 brachrorum
1509 2611 1663 2693 inurere
1680 2605 1830 2724 sapiens
1847 2612 1917 2694 erit

485 2731 531 2808 ’δι
550 2722 670 2831 utile,
685 2745 847 2842 propter
863 2719 994 2805 causas
1013 2717 1108 2806 alibi
1129 2721 1215 2808 fuse
1234 2729 1275 2806 dt
1295 2722 1460 2836 copiose
1479 2721 1685 2840 expositas.

888 2934 1394 3032 ARTI'CULUS
1450 2947 1503 3032 V.

978 3171 981 3178 ’
1094 3129 1353 3256 DeTt'ned

543 3393 674 3477 Tinea
708 3421 859 3480 novum
891 3395 945 3477 est
977 3401 1203 3488 nomen&
1234 3395 1441 3486 barbarum
1476 3399 1583 3518 apud
1611 3393 1787 3488 melioris
1820 3423 1917 3482 nora

486 3509 654 3604 Latinos
681 3507 943 3622 incognitum.
969 3505 1141 3594 Morbus
1162 3510 1259 3594 vero
1282 3539 1400 3622 quent
1423 3513 1504 3598 lloc
1525 3517 1688 3598 nomine
1707 3539 1801 3593 cunr
1821 3515 1919 3594 Ara·

437 3703 441 3712 .
485 3618 772 3706 bico-Latinis
796 3619 1019 3706 audioribus
1043 3621 1288 3737 designamus
1308 3621 1330 3707 *a
1356 3627 1504 3711 Graecis
1531 3641 1623 3712 cum
1636 3624 1774 3743 jovis,
1800 3625 1919 3714 achoss

487 3733 622 3839 ribus,
646 3731 855 3822 laetamine
877 3733 1217 3844 confundebatur,
1249 3737 1333 3826 &st
1353 3740 1675 3936 quandogravibs
1695 3739 1917 3850 ingrueret,

485 3846 526 3932 le
554 3879 596 3932 ra
620 3849 660 3930 in
687 3849 817 3961 capite
840 3843 1083 3948 vocabatur3
1109 3875 1200 3931 nam
1222 3855 1314 3960 cunt
1335 3849 1512 3960 Plinius(
1546 3861 1559 3958 )
1588 3857 1642 3938 ait
1666 3851 1807 3940 iridem
1834 3851 1921 3964 opi·

486 3881 607 4049 talari
627 3958 838 4046 infantibus
859 3963 1052 4044 tinearum
1066 3963 1164 4045 vitio
1182 3959 1469 4074 laborantibus,
1492 3967 1739 4080 perspicuum
1765 3963 1918 4044 estnon

486 4076 633 4159 tineam
658 4075 823 4166 nostram
849 4075 929 4157 hoc
954 4069 1052 4162 loeo
1077 4069 1271 4194 intelligi,
1297 4075 1365 4162 sed
1388 4081 1513 4162 cutim
1537 4075 1765 4164 vermiculis
1791 4073 1921 4158 forsan

357 4276 364 4285 ,
489 4191 531 4270 br
553 4185 744 4296 pediculis
766 4186 1011 4292 deforment,
1032 4211 1077 4270 ut
1099 4185 1202 4270 reue
1229 4213 1341 4270 notat
1362 4183 1607 4275 Harduinus.
1648 4209 1671 4252 ’-

546 4292 666 4410 Apud
684 4297 832 4382 Arabes
854 4303 977 4414 prima
998 4304 1149 4383 mentio
1170 4301 1282 4384 tinea
1302 4302 1433 4386 nostra
1448 4301 1755 4411 injeuavidetur
1768 4297 1837 4384 sub
1852 4327 1923 4386 no-

487 4407 1177 4526 rninefizlzafhti,Auicennoe(c).Quae
1211 4413 1360 4524 uidem,
1373 4419 1695 4536 utait,incipiens
1707 4413 1923 4520 estborlror,

485 4515 578 4604 dein
606 4518 802 4620 ulceratus
828 4523 1026 4616 ulceribus
1053 4443 1228 4620 crustolls
1260 4529 1529 4652 quandoque,
1557 4535 1600 4615 bc
1629 4531 1775 4616 emittit
1801 4529 1923 4616 virus.

529 4697 589 4766 (α)
613 4691 740 4772 Epidem.
758 4719 785 4759 a.

527 4772 583 4848 (b)
609 4773 662 4831 Lib
691 4797 722 4831 st
761 4799 819 4857 cap.
840 4800 892 4842 ιο.

460 4857 465 4868 ’
522 4851 1036 4946 (t)Ftrr.7,rradi.3,eap.1o‚
