4228 5898
518 441 900 540 aaaron
935 399 1235 542 cicaro.
1535 487 1614 565 137

179 609 364 699 exmaneb
381 639 522 730 purum
537 614 609 720 lit,
635 615 876 702 arte'failum
897 605 1135 728 requisitus
1159 587 1420 702 antimonium
1443 611 1633 734 diapho-¹

108 769 112 775 ·
180 729 349 811 reticum
382 755 465 810 non
490 752 561 840 per
584 725 759 812 lotiones
780 732 895 812 omni
924 728 1004 815 sale
1024 757 1217 836 exumm,
1247 757 1313 814 aut
1338 729 1610 819 defraudatum

179 839 348 922 abluosts
363 836 558 951 partibus.
591 840 639 923 In
671 842 810 926 iisdem
852 845 976 928 caulis
1011 846 1159 927 variam
1194 850 1236 926 dt
1269 841 1408 928 utilem
1436 849 1611 958 praestant

180 959 304 1068 op'em
340 951 485 1036 sulfura
519 977 690 1062 aurata,
727 959 794 1040 aut
826 960 1140 1072 praecipitatam
1172 955 1491 1042 autimonialibus
1519 959 1609 1044 sco-·

178 1069 246 1149 riis
259 1126 274 1170 ,
306 1094 392 1175 quae
412 1091 543 1148 tamen
569 1065 688 1180 parci
713 1067 865 1186 semper
893 1069 976 1152 dost
1000 1069 1299 1152 dandasturt&
1322 1066 1427 1152 belle
1446 1073 1609 1186 cogniti

179 1180 453 1292 aegrotantium
471 1181 663 1291 temperie
688 1211 700 1280 ;
734 1209 823 1263 nam
844 1185 940 1278 ciam
963 1179 1233 1268 antimonialia
1258 1179 1435 1292 aliquam
1456 1183 1609 1272 servent
1632 1223 1637 1230 ·

179 1321 274 1376 cum
293 1317 385 1375 cute
401 1288 653 1404 analogiam,
683 1297 846 1406 pruritui
865 1298 983 1380 etiam
1000 1295 1247 1380 concitando
1266 1295 1364 1408 sape
1384 1297 1473 1410 apta
1494 1297 1609 1400 sunt;

177 1432 367 1602 cnfiouaque
401 1402 505 1488 male
544 1403 710 1490 adhibiti
743 1409 943 1523 pharmaci
982 1412 1025 1492 in
1073 1435 1193 1496 omne
1229 1411 1439 1492 artificium
1477 1411 1634 1498 refun·-
1734 1506 1739 1513 ‚

220 1545 297 1602 tut.
445 1550 451 1559 ’
1029 1545 1031 1550 ’
1604 1555 1607 1560 ·

231 1631 324 1715 Post
350 1631 577 1746 deputatam
602 1631 806 1749 lympham
819 1637 884 1730 ,h
902 1660 966 1719 tot
991 1636 1205 1720 tentamina
1224 1633 1399 1722 succeiiu
1434 1667 1517 1721 non
1544 1665 1613 1722 ca-

181 1748 330 1828 ruerint
350 1741 478 1860 longo
496 1773 677 1864 tempore
700 1750 864 1856 iterata,
883 1776 1069 1859 nuncque
1083 1745 1274 1834 valentiis
1292 1747 1487 1856 adhibita,
1505 1779 1612 1856 nunc
1673 1787 1677 1796 ·

179 1855 321 1942 contri
346 1859 523 1968 remilia,
552 1887 602 1944 ne
625 1861 816 1944 incendio
837 1887 918 1946 arte
943 1862 1048 1946 fabio
1084 1891 1185 1976 opus
1218 1866 1390 1946 nostrum
1410 1864 1608 1972 tardetur,

172 1971 378 2084 proderit,
398 1975 482 2056 irnb
509 1973 763 2066 uecellarium
796 1975 870 2058 erit
897 1972 1118 2059 libertatem
1148 1972 1420 2088 glandularum
1449 1971 1520 2089 per
1548 2003 1611 2062 tor

181 2109 356 2201 emptam
389 2086 562 2182 remedia
591 2083 745 2172 lenibus
773 2087 1071 2172 medicamentis
1102 2087 1363 2202 aperientibus
1391 2091 1446 2171 ita
1466 2089 1638 2174 hillen--
1680 2141 1685 2148 ·

181 2222 288 2304 tate,
311 2198 409 2281 utsr
437 2229 521 2308 quae
546 2198 732 2318 superfiat
767 2199 939 2312 reliquie
969 2199 1161 2284 tollantur
1182 2197 1258 2283 illu
1270 2263 1284 2306 ,
1310 2229 1361 2284 ne
1391 2201 1613 2289 recidivum·

180 2307 324 2394 saciant
339 2311 566 2395 incendium
582 2375 596 2417 ,
623 2339 689 2397 aut
705 2317 822 2398 tantis
838 2341 999 2423 tamque
1018 2312 1225 2428 profundis
1242 2313 1369 2396 fratta
1387 2339 1505 2424 atque
1520 2315 1612 2400 fati-
1634 2367 1638 2374 ·

182 2451 277 2538 gata
302 2449 432 2540 partes
461 2425 684 2509 infarclibus
706 2432 835 2511 rursus
861 2430 1057 2540 accipiant
1078 2424 1330 2512 craffamenta
1352 2424 1520 2542 lympha
1548 2454 1613 2513 re⁴

181 2537 299 2620 srdua.
327 2537 428 2646 Quo
453 2539 494 2622 in
519 2537 610 2621 casu
641 2568 829 2649 aquarum
859 2536 1106 2623 miueralium
1129 2537 1383 2622 alcalinarum
1413 2553 1615 2626 aerearum·

182 2647 252 2733 lon
306 2681 324 2732 s
352 2675 472 2760 atque
502 2649 707 2736 diuturnus
732 2653 822 2736 usus
855 2649 1038 2736 omnibus
1066 2652 1364 2736 medicamentis
1391 2651 1613 2764 precellit,

182 2680 321 2874 quidde
345 2761 622 2848 adhibendisst
645 2789 712 2848 aut
736 2769 792 2848 rei
813 2762 1012 2846 familiaris
1037 2767 1196 2877 inopia,
1212 2789 1280 2846 aut
1298 2761 1485 2846 locorum
1511 2793 1612 2848 con-

182 2875 281 2960 ditio
310 2873 467 2982 obstet,
492 2878 646 2991 ptisanae
668 2875 776 2962 leves
798 2905 849 2967 ex
874 2875 1004 2962 herbis
1024 2873 1306 2982 alterantibus,
1327 2901 1395 2959 aut
1416 2875 1613 2964 radicibus

181 2987 445 3104 aperientibus
465 3019 549 3074 non
571 2989 662 3074 sunt
679 2989 905 3074 omittenda
930 3025 939 3074 :
970 2988 1067 3075 tales
1090 2988 1177 3072 sunt
1195 2986 1274 3072 illae
1298 2985 1382 3099 qb&
1407 2991 1465 3071 ex’
1479 2988 1617 3098 usare,

182 3100 448 3188 scorzonnerb
457 3164 471 3209 ,
488 3129 701 3211 taraxaco,
717 3106 905 3187 cichoriis
916 3167 930 3209 ,
943 3127 1011 3187 aut
1028 3129 1078 3187 ex
1092 3103 1208 3186 rusco
1220 3105 1303 3187 'sive
1319 3099 1487 3208 brusco,
1504 3105 1550 3185 as
1570 3127 1619 3187 a-·

184 3244 282 3330 tago
307 3277 321 3322 ,
351 3217 516 3328 eryngio
532 3231 555 3323 ‚⁸
567 3215 792 3323 foenicu10,
822 3221 940 3330 apio,
974 3214 1214 3332 petroselino
1238 3241 1432 3332 parantur.
1453 3135 1613 3325 Quibus

185 3336 277 3413 ciam
299 3331 423 3413 virtus
447 3329 534 3412 infit
556 3359 640 3413 non
659 3334 806 3437 unica,
838 3332 899 3413 his
918 3332 959 3411 in
983 3327 1132 3414 casibus
1154 3327 1237 3412 aliu
1264 3326 1541 3444 praeferuntur,
1572 3331 1639 3412 in·-

184 3440 260 3526 illis
284 3439 380 3525 aliar.
410 3443 467 3525 At
499 3471 639 3528 omnes
664 3443 774 3528 casus
803 3442 1140 3560 comprehendere
1163 3471 1246 3526 non
1282 3444 1372 3528 artis
1399 3441 1464 3526 eli.
1490 3438 1619 3528 Multi

184 3553 289 3670 apud
318 3583 394 3637 nos
420 3554 510 3638 sunt
546 3558 660 3672 pretii
688 3554 815 3667 longo
842 3554 1058 3670 usurpanda
1085 3581 1266 3668 tempore
1294 3553 1460 3636 decocta
1490 3553 1618 3636 chinae

184 3694 303 3778 arque
327 3665 576 3782 sarsaeparillat
604 3666 745 3780 quibus
776 3730 791 3774 ,
836 3669 931 3754 ditm
972 3670 1088 3750 nirnis
1121 3665 1242 3776 aliqui
1271 3664 1484 3770 tribuunt,
1525 3663 1620 3778 plu-

185 3784 329 3863 rimbm
353 3777 493 3864 contris
518 3780 585 3864 alii
612 3782 833 3866 detrahunt.
859 3781 960 3864 Haec
996 3807 1046 3865 ex
1072 3781 1317 3864 Americanis
1350 3777 1511 3872 devebia
1536 3781 1622 3860 oris·
1668 3827 1671 3838 ·

185 3919 369 4008 potenter
389 3917 590 3978 attenuant
611 3921 693 3978 non
712 3893 792 3977 sme
811 3891 955 3978 caloris
984 3895 1176 3998 crimine,
1201 3887 1470 4001 &aliquandb
1489 3892 1623 3971 cutim

187 4008 338 4120 pruritu
363 4006 572 4108 mordent3
593 4005 681 4089 sunt
707 4031 841 4090 tamen
858 4009 960 4092 inter
987 4009 1197 4121 aperientis
1220 4035 1304 4088 non
1327 4001 1521 4085 mediocri
1540 3999 1624 4084 dos*

188 4147 276 4202 nata
299 4121 444 4203 virtute
457 4179 472 4224 ,
502 4118 699 4232 dignaque
721 4146 805 4229 qua
828 4120 1000 4232 operosa
1022 4121 1216 4210 curationi
1242 4118 1369 4211 ferant
1397 4111 1584 4206 auxilium
1595 4175 1612 4222 ,

188 4231 286 4316 licet
309 4259 399 4316 eam
415 4231 576 4315 efficere
594 4259 841 4343 nequaquam
862 4232 988 4346 perse
1012 4229 1180 4316 valeant.

242 4347 281 4429 A
309 4341 483 4454 reliquiis
502 4373 596 4454 quas
618 4347 661 4428 in
682 4345 896 4427 humorum
918 4341 1041 4428 massi
1060 4338 1287 4452 relinquunt
1304 4337 1434 4422 morbi
1455 4345 1612 4450 critici,
1723 4357 1751 4432 5·
1766 4359 1834 4455 1115·

193 4463 233 4540 bs
257 4455 281 4540 it
308 4455 451 4566 quibus
470 4454 577 4540 lente
599 4453 816 4539 admodum
832 4455 988 4568 sanguis
1012 4453 1252 4568 deputatur,
1291 4450 1502 4562 aliquandi)
1527 4457 1612 4540 nas-
1654 4439 1923 4584 Pzfflfffiffleffj

191 4573 295 4653 citur
315 4572 420 4654 intits
447 4595 643 4662 venenum
668 4595 739 4684 per
761 4567 884 4682 longa
907 4593 1132 4682 temporum
1153 4564 1356 4652 intervalla
1382 4567 1513 4672 iners,
1538 4597 1612 4654 nec
1642 4545 1920 4688 {daemonorium

188 4681 407 4765 actuosum.
422 4681 591 4770 Scilicet
608 4679 812 4795 glandulas
831 4677 932 4765 illud
947 4681 1096 4766 invadit
1104 4744 1119 4789 ,
1131 4679 1293 4792 ibique,
1310 4675 1376 4768 vel
1394 4681 1435 4763 in
1445 4679 1612 4788 loculis,
1640 4680 1824 4822 qmphaucas
1838 4686 1919 4780 8¹²¹!-

193 4789 256 4878 vtl
275 4795 316 4877 in
333 4798 519 4879 extremis
536 4792 719 4879 vasorum
744 4795 922 4910 angustiis
940 4795 1044 4907 quali
1065 4798 1106 4878 in
1133 4795 1364 4909 reposrtorio
1393 4793 1611 4896 servatum,
1641 4763 1921 4908 bfflffl‘ffl

192 4904 323 4994 nullm
348 4910 474 5000 exerit
502 4907 690 5022 effems,
720 4903 852 4997 doue‘c
890 4935 1148 5026 quacumque
1176 4905 1387 5101 accefferig
1413 4905 1528 4994 causa
1554 4903 1615 4992 illi
1641 4941 1699 4990 ren
1707 4928 1843 5012 mutat
