4250 5898
493 413 579 532 '50'6
935 415 1055 506 D''E'
1106 413 1470 506 MORBIS

494 583 607 668 Hinc
630 583 734 670 rosas
755 581 851 698 sape
876 581 1095 666 admiscent
1117 579 1251 666 rubras
1263 644 1278 688 ‚
1296 578 1492 694 myrtillos
1507 641 1521 685 ‚
1539 576 1779 664 summitates
1800 573 1928 666 mille-

493 696 611 801 folii,
633 701 751 810 virga
772 724 917 799 aureae,
942 692 1112 810 sigillum
1127 693 1365 799 salomonis,
1390 695 1474 776 imb
1500 694 1774 776 &aromatica
1793 689 1925 796 lenia,

490 808 717 895 emollienti
741 807 1235 913 srmulsacultaredonata,
1260 833 1305 890 ut
1323 809 1441 890 flores
1464 801 1665 910 sambuci,
1690 807 1931 920 euphrasiae,-

494 921 698 1029 verbenae‚
722 918 987 1028 chamaemeli,
1009 918 1199 1029 meliloti,
1223 922 1327 1004 echii
1338 981 1353 1026 ,
1371 925 1450 1004 dcc.
1468 912 1928 1032 hujusmodiplantarum·

493 1033 700 1121 virtutibus
725 1061 882 1118 acetum
905 1033 1099 1118 imbuunt.

510 1233 515 1240 ,
550 1146 686 1230 Postea
703 1151 822 1253 verb,
839 1146 908 1230 ubi
921 1146 1117 1231 deferbuit
1128 1149 1253 1250 astus,
1270 1151 1309 1228 or
1325 1143 1402 1250 jam
1416 1143 1546 1230 nullus
1559 1143 1758 1236 erethismi
1775 1171 1927 1254 metus,

492 1258 560 1343 sed
575 1257 1924 1370 contraomniavidenturconcidere,-mneviresattuofiratiipsorum

412 1367 414 1372 ’
494 1375 595 1456 eutis
612 1400 853 1485 organorum
870 1372 1088 1478 adduntur,
1112 1369 1324 1480 simulque,
1351 1372 1480 1483 siquis
1502 1373 1690 1485 impastus
1714 1370 1924 1480 superesset

414 1497 417 1502 ‘
491 1487 658 1590 humor,
680 1484 857 1592 tollitur,
880 1486 1014 1570 addito
1029 1488 1070 1568 in
1081 1511 1197 1569 aceto
1212 1483 1401 1568 saccharo
1420 1482 1563 1568 saturni
1582 1509 1649 1568 aut
1665 1480 1782 1567 lithar
1838 1489 1924 1595 rio,

491 1623 560 1682 aut
587 1595 797 1712 plumbatis
826 1597 1139 1709 quibuscumque
1173 1597 1469 1682 medicamentis
1500 1625 1585 1706 quae
1617 1621 1750 1680 cutem
1798 1601 1923 1684 evitet

492 1713 681 1824 stringunt
690 1774 704 1820 ‚
733 1740 849 1822 atque
867 1716 907 1794 in
922 1711 1004 1828 ipsit
1025 1713 1267 1795 adstriElione
1291 1707 1465 1793 calorem
1486 1707 1710 1792 retundunt.
1737 1709 1820 1793 Hic
1840 1737 1923 1796 tuta

490 1827 543 1908 est
563 1853 704 1908 eorum
724 1829 872 1931 virtus,
897 1829 961 1909 hic
979 1823 1201 1938 stringendo
1219 1830 1260 1906 dc
1273 1825 1354 1907 vim
1371 1824 1546 1928 tonicam
1562 1821 1772 1930 addend0,
1797 1825 1921 1909 resol-

489 1963 600 2023 vunt.
623 1938 773 2032 Verum
791 1939 819 2019 sr
839 1937 1004 2022 macula
1022 1935 1097 2020 illae
1118 1935 1203 2019 lata
1218 1937 1290 2019 smt
1298 1997 1313 2041 ,
1336 1945 1376 2020 ὃ(
1390 1965 1571 2048 magnam
1595 1935 1748 2018 arritum
1770 1965 1924 2050 partem

489 2074 718 2162 occupent,
742 2079 823 2132 non
850 2053 1014 2132 omninb
1034 2075 1149 2132 vacat
1172 2051 1337 2132 crimine
1361 2047 1510 2132 famosa
1532 2045 1601 2131 illa
1625 2077 1725 2159 aqua
1743 2077 1921 2164 'vegeto-

484 2158 715 2268 mineralis,
749 2165 894 2276 quippe
923 2165 1120 2278 potentiis
1150 2159 1265 2270 quam
1296 2160 1435 2277 planta
1464 2161 1514 2246 de
1540 2159 1682 2272 quibus
1707 2160 1917 2274 agebamus

488 2280 529 2356 dt
563 2304 727 2383 quarum
760 2277 996 2360 immeritam
1032 2272 1278 2358 oblivionem
1314 2277 1355 2356 in
1389 2277 1499 2387 praxi
1530 2272 1713 2381 induxit,
1742 2276 1912 2389 stringit,

486 2387 807 2502 perspirationem
825 2389 1011 2502 impedit,
1027 2390 1109 2470 imi)
1122 2388 1319 2470 &diutius
1332 2389 1370 2470 ei
1388 2417 1435 2502 ap
1464 2384 1580 2470 licata
1599 2385 1783 2472 colorem
1800 2393 1917 2473 etiam

489 2503 590 2584 eutis
620 2526 778 2606 mutat,
810 2501 956 2586 nedum
989 2504 1186 2616 pristinuln
1220 2503 1402 2583 restituat.
1436 2417 1588 2584 lerum
1615 2502 1698 2582 haec
1724 2529 1850 2615 pauca
1877 2507 1919 2588 in

485 2611 774 2703 recentioribus
789 2612 868 2698 illis
883 2614 1047 2698 maculis
1062 2615 1286 2718 sufficient,
1311 2612 1502 2696 srsuerint
1524 2611 1723 2719 leviores,
1743 2614 1772 2695 fi
1789 2639 1918 2702 textus

486 2722 703 2814 reticulatis
723 2730 984 2812 mutationem
1004 2757 1086 2810 non
1108 2729 1330 2840 acceperit3
1348 2725 1415 2808 sed
1435 2727 1462 2806 sr
1482 2728 1541 2808 his
1562 2723 1747 2816 omnibus
1768 2725 1917 2814 rebelle

485 2840 605 2923 fuerit
631 2837 809 2946 malurn,
835 2867 931 2925 tunc
955 2841 1122 2955 superest
1148 2865 1193 2922 ut
1218 2839 1266 2922 ad
1289 2837 1502 2922 secundam
1526 2842 1739 2924 curationis
1767 2869 1917 2952 partem

487 2951 739 3038 deveniamus
760 2951 810 3036 de
828 2951 1025 3038 veteribus
1047 2950 1124 3036 illis
1148 2950 1312 3035 maculis
1334 2977 1404 3065 per
1425 2977 1548 3034 artem
1565 2951 1818 3036 destruendis.

504 3114 506 3123 ·
540 3061 723 3148 Maculas
736 3063 823 3149 illas
837 3064 980 3150 solares
998 3095 1089 3152 cum
1108 3062 1377 3176 Imaginibus,
1394 3061 1595 3175 dequibus
1609 3063 1740 3179 postest
1750 3126 1765 3171 ,
1781 3067 1916 3151 viden-

482 3201 547 3263 tur
560 3202 711 3262 veteres
723 3183 772 3282 (a)
782 3178 1026 3285 confirdisse,
1042 3176 1145 3262 male
1159 3177 1336 3288 quidem,
1346 3203 1391 3260 ut
1406 3175 1913 3264 demonstrabimusvernm

482 3286 551 3373 ubi
573 3286 736 3373 macula
754 3288 830 3372 illa
845 3289 1113 3395 invaluerant,
1142 3319 1220 3372 una
1252 3291 1464 3374 &eadem
1496 3289 1763 3376 adhibebatur·
1779 3297 1912 3407 topica

484 3405 670 3508 curatio,
708 3406 1038 3508 necimmerito,
1076 3407 1167 3486 clun
1200 3401 1309 3485 sedes
1344 3403 1508 3510 eadem,
1539 3403 1724 3514 idemque
1754 3405 1911 3490 affeous

484 3512 600 3616 causei
627 3521 779 3600 tandm
807 3516 991 3601 differret.
1019 3515 1187 3599 'Curatio
1215 3517 1298 3597 hac
1325 3541 1410 3599 tora
1435 3518 1476 3598 in
1502 3515 1656 3599 duobus
1682 3515 1909 3602 consistebat

484 3625 790 3712 indicationibus
806 3627 1063 3742 adimplendis
1080 3629 1141 3732 (b)
1157 3661 1169 3729 ;
1191 3655 1235 3713 ut
1250 3627 1402 3712 scilicet
1416 3631 1456 3713 vi
1472 3627 1611 3714 leviter
1625 3626 1790 3712 caustica
1805 3629 1911 3715 evel-

483 3737 628 3826 leretur
645 3769 731 3855 pars
773 3768 943 3848 eccam,
970 3740 1261 3855 detergentibus
1276 3744 1392 3848 verb,
1420 3769 1537 3853 atque
1565 3739 1842 3827 delinientibus
1870 3751 1910 3828 dc

480 3883 567 3966 pars
588 3851 836 3939 succrecens
860 3863 900 3938 ὅτ
924 3858 1061 3939 vicina
1088 3881 1413 3969 protegerentur,
1444 3879 1506 3939 ne¹
1520 3853 1647 3940 ullum
1668 3882 1735 3939 aut
1756 3857 1909 3942 inflam-

480 3969 687 4072 madonis,
714 3995 780 4051 aut
801 3966 1085 4082 suppurationis
1109 3993 1309 4081 appareret
1330 3970 1546 4081 vestigium.

534 4079 644 4162 Hinc
661 4107 725 4162 eae
744 4079 883 4164 leniter
899 4079 1080 4164 attollere
1102 4086 1144 4162 dc
1158 4082 1262 4188 quast
1275 4078 1296 4164 ὲ
1309 4078 1476 4186 subjeoa
1492 4107 1585 4165 cute
1600 4108 1678 4197 ope
1693 4080 1901 4194 digitorum

479 4216 547 4274 aut
570 4189 826 4276 verisimiliter
848 4195 1009 4306 forcipis
1030 4190 1127 4276 levis
1149 4191 1322 4306 separare
1341 4193 1476 4297 suadet
1495 4196 1633 4278 Aetius
1661 4225 1673 4292 3
1706 4199 1838 4277 verbm
1858 4215 1905 4276 ut

478 4305 560 4388 hoc
584 4304 791 4386 artificium
810 4308 850 4387 in
873 4304 1041 4421 parvulis
1061 4303 1226 4388 maculis
1245 4304 1409 4390 difficile
1430 4310 1502 4414 est,
1525 4309 1580 4389 ita
1599 4309 1640 4388 in
1660 4304 1750 4390 latis
1765 4304 1906 4419 impos-

476 4411 599 4502 sibile,
629 4413 764 4499 Postea
791 4417 899 4524 vult,
931 4446 998 4504 aut
1023 4417 1124 4502 illini
1149 4421 1304 4502 coelam
1328 4417 1529 4504 brassicam
1552 4413 1661 4524 cujus
1686 4416 1907 4502 solventem

474 4527 642 4610 incutis
672 4527 838 4613 maculis
866 4531 1087 4617 efficaciam
1115 4530 1295 4638 extollit,
1325 4558 1392 4614 aut
1419 4530 1685 4646 superimponi
1713 4528 1907 4644 cataplas-

473 4663 579 4736 mata
604 4637 703 4722 faeta
732 4669 781 4726 ex
809 4641 931 4728 farinl
958 4648 1068 4753 ervi,
1098 4673 1223 4730 eruca
1236 4643 1381 4754 ‚sabis
1411 4641 1667 4758 lupinorum,
1696 4646 1740 4728 in
1766 4641 1911 4727 lixivio

512 4823 566 4892 sa)
587 4813 656 4874 Paul
675 4811 769 4898 AEgiu.
787 4817 834 4878 lib.
856 4835 892 4896 3,
913 4841 971 4904 cap.
992 4841 1051 4898 ²5²
1073 4819 1168 4883 Aetius
1189 4839 1251 4886 teu.
1270 4843 1303 4900 τ,
1321 4819 1398 4884 serm.
1414 4841 1451 4892 4,
1471 4838 1533 4904 cap.
1552 4839 1599 4880 ιτ.

507 4897 565 4976 (b)
587 4897 669 4959 Teu.
692 4915 724 4970 ι,
742 4893 821 4964 serm.
846 4919 878 4973 r,
897 4909 950 4964 arc.
1225 4928 1229 4941 ·
1397 4935 1437 4976 ι
