4186 5908
461 393 544 477 ,μ
903 357 1011 448 on
1081 349 1449 456 monnrs

462 559 540 644 prae
562 525 737 642 ipsorum
756 524 921 614 crallitIe
941 552 1024 608 non
1047 520 1165 637 polsrt
1184 514 1410 634 expellere,
1434 541 1482 598 ea
1502 511 1748 646 etiampnovo
1766 503 1909 642 labore

464 642 709 728 immutanda
719 640 898 762 suscipit,
915 635 1020 722 unde
1030 638 1150 722 etiam
1160 632 1229 720 illa
1239 630 1405 716 facultas
1415 625 1629 738 secessistis
1640 621 1708 709 uos
1718 651 1903 736 septorum

464 755 733 864 disiaest(a).

805 922 1494 1018 PARAGRAPHUS
1551 923 1587 1010 I.

1039 1135 1107 1224 De
1134 1135 1315 1250 Pufluds.

517 1371 694 1458 Primum
708 1368 871 1480 hujusce
887 1369 1043 1487 generis
1058 1363 1293 1452 morborum
1310 1364 1476 1482 gradum
1492 1365 1733 1450 constituunt
1747 1365 1906 1484 pustulae

464 1519 548 1606 quae
569 1484 592 1571 ὲ
611 1483 735 1572 Celso
752 1482 872 1574 latine
896 1488 949 1571 src
972 1484 1082 1568 ditia
1106 1479 1154 1565 ab
1174 1508 1225 1565 eo
1243 1484 1297 1566 ita
1312 1477 1611 1587 describuntur,
1631 1506 1677 1564 ut
1695 1491 1717 1564 ἑ
1737 1481 1906 1570 maculis

463 1628 648 1709 tumore,
680 1596 877 1717 ipapulis
904 1623 1075 1686 exeunte
1098 1598 1270 1682 humore
1293 1594 1586 1794 distinpuantur.
1613 1593 1689 1678 Hae
1717 1599 1825 1680 enim
1853 1597 1906 1684 de

463 1712 607 1830 quibus
633 1711 711 1822 jam
736 1719 890 1830 egimus
909 1709 1160 1811 βλᾶςὴματα,
1188 1709 1377 1806 instrueris
1431 1711 1512 1794 islae
1526 1771 1541 1816 ,
1571 1708 1857 1826 distinguuntur
1881 1707 1905 1796 ὲ

464 1826 624 1948 pustulis
634 1827 743 1941 quod
758 1826 1023 1933 resolvantur,
1041 1851 1108 1911 aut
1120 1821 1264 1909 abeant
1276 1826 1318 1907 in
1333 1822 1497 1908 farinam
1508 1820 1662 1930 levem,
1677 1821 1906 1930 rfizrsr'uale

462 1946 561 2030 veri)
577 1959 698 2027 o'mne
709 1938 808 2028 illud
822 1970 948 2058 genus
963 1937 1199 2057 pustularum
1214 1968 1308 2023 corn
1339 1936 1549 2046 rehendat‚
1565 1937 1677 2050 quod
1690 1940 1905 2026 humorem

462 2055 616 2163 fundit,
640 2055 819 2168 adeoque
840 2083 908 2141 aut
924 2059 966 2140 in
986 2055 1150 2140 crustam
1171 2050 1275 2160 abit,
1298 1969 1365 2136 sdu
1389 2049 1582 2166 ἐσχάραν,
1604 2078 1672 2136 aut
1689 2051 1904 2170 emplastris

465 2169 684 2256 obdusium
698 2173 929 2257 cicatricem
944 2171 1101 2283 accipit.
1116 2167 1217 2251 Non
1233 2193 1365 2252 autem
1382 2193 1567 2250 accurata
1586 2174 1628 2250 δι
1646 2165 1782 2252 sedula
1797 2165 1905 2256 Celli

464 2264 676 2404 descriptio
692 2288 746 2368 ita
761 2285 1022 2369 Medicorum
1042 2283 1275 2378 Graecorum
1294 2305 1404 2364 aetate
1422 2281 1690 2374 recentiorum
1705 2287 1906 2398 permovit

464 2402 646 2504 animos,
682 2421 726 2480 ut
754 2395 925 2510 aliquam
956 2397 1022 2481 hic
1052 2383 1352 2510 ambiguitatem
1379 2391 1593 2479 verborum
1628 2423 1711 2478 non
1736 2399 1905 2484 srnerent

463 2506 587 2597 illabi.
612 2513 673 2596 lta
691 2507 835 2596 Paulus
855 2512 911 2594 AE
940 2513 1045 2595 ineta
1060 2509 1123 2615 (b)
1145 2515 1268 2594 vocat
1288 2505 1455 2625 pullulas
1473 2511 1570 2591 citra
1590 2506 1765 2616 saniem,
1790 2512 1905 2604 idest

463 2652 573 2712 veras
593 2621 753 2743 papulas
770 2541 985 2742 εκζίμαῆα,
1002 2620 1229 2732 sustituit,
1254 2625 1440 2732 πιμζὲμα
1451 2657 1486 2702 :r
1500 2684 1514 2727 ,
1528 2620 1639 2732 quod
1658 2623 1816 2734 quidem
1833 2656 1906 2742 per

463 2767 539 2824 nos
562 2734 658 2825 licet
670 2800 685 2845 ‚
713 2738 839 2822 modo
862 2735 938 2822 illae
959 2767 1063 2828 „cum
1089 2735 1248 2852 pustulis
1271 2767 1354 2822 non
1376 2733 1696 2843 confundantur,
1720 2740 1759 2821 in
1780 2768 1903 2850 quem

464 2852 643 2938 incidisse
664 2879 840 2936 errorem
864 2852 1020 2938 videtur
1041 2853 1177 2936 audior
1198 2849 1376 2962 alioquin
1395 2853 1438 2934 in
1457 2876 1500 2934 re
1523 2845 1679 2945 medici
1698 2881 1782 2936 non
1803 2850 1905 2942 levis

463 2967 715 3048 austoritatis.

519 3077 625 3161 Com
644 3075 775 3194 plures
795 3076 1034 3194 pustularum
1054 3078 1317 3164 distinsiiones
1340 3074 1481 3161 Celsus
1499 3074 1721 3184 admiserit,
1748 3085 1834 3165 titm
1858 3111 1904 3168 ea

491 3193 588 3276 rima
603 3194 655 3276 est
677 3189 766 3276 ante
784 3191 878 3276 alias
896 3190 973 3306 qual
1019 3192 1148 3277 ustulae
1167 3196 1209 3276 in
1229 3219 1362 3277 acutas
1378 3201 1418 3274 ὃ(
1435 3193 1646 3276 chronicas
1662 3192 1902 3284 dividuntur.

461 3221 633 3392 §cilicet
656 3303 770 3390 multi
790 3302 879 3391 sunt
900 3223 1031 3393 motii
1046 3310 1152 3393 acuti
1168 3335 1340 3418 quorum
1360 3306 1465 3391 crisn
1483 3315 1553 3420 per
1575 3304 1743 3420 pustulas
1762 3311 1831 3420 fit,
1853 3311 1904 3397 de

490 3418 605 3506 uibus
622 3422 687 3506 hic
708 3446 825 3534 agere
838 3418 925 3506 ullo
942 3419 1069 3505 modo
1087 3450 1170 3505 non
1187 3423 1315 3506 smunt
1332 3421 1539 3536 proposrtae
1553 3417 1700 3507 limites
1715 3428 1904 3512 materie.

460 3449 518 3620 dt
534 3533 584 3620 de
599 3537 801 3622 chronicis
816 3533 909 3620 solis
924 3534 990 3619 hic
1010 3564 1071 3621 res
1086 3539 1213 3652 agitur
1228 3565 1395 3648 quarum
1419 3533 1558 3620 divisio
1584 3537 1767 3650 primaria
1788 3541 1903 3624 estin

458 3645 651 3764 benignas
672 3655 714 3734 dt
734 3647 826 3732 mali
857 3679 937 3734 nas.

513 3761 701 3880 Benigne
727 3791 778 3878 pu
907 3761 982 3847 illae
1006 3764 1095 3848 sunt
1117 3793 1201 3877 quae
1227 3759 1381 3846 nullum
1407 3764 1622 3878 important
1647 3759 1904 3878 periculum,

460 3883 503 3964 &
520 3907 604 3964 non
623 3907 702 3963 una
721 3873 876 3962 illarum
899 3875 1049 3993 species
1071 3881 1123 3962 eil
1134 3941 1148 3986 ,
1173 3879 1259 3962 imo
1280 3877 1464 3962 eumdem
1480 3876 1635 3960 servant
1656 3877 1840 3961 ordinem
1860 3887 1904 3964 ὃ(

461 3993 642 4078 eamdem
660 4017 836 4076 naturam
860 3985 978 4104 atque
998 3989 1074 4075 illae
1092 4022 1177 4103 quae
1203 3991 1373 4074 maxime
1400 3985 1628 4104 periculosa
1651 3989 1751 4076 sunt.
1783 3991 1903 4077 Unde

460 4103 600 4188 cadem
620 4133 739 4218 atque
762 4103 944 4220 malignis
966 4105 1104 4190 divisio
1129 4106 1335 4300 competit.
1363 4103 1523 4190 Serosas
1549 4101 1615 4188 seu
1638 4101 1902 4239 lymphaticos

459 4241 528 4298 aut
546 4243 709 4333 recepto
725 4218 830 4335 apud
848 4247 921 4305 cos
940 4248 1054 4304 more
1100 4223 1216 4303 ituito
1235 4247 1274 4302 as
1292 4213 1570 4320 propalatur
1588 4219 1737 4328 antiqui
1758 4249 1902 4304 nume-

457 4325 617 4528 ἴδιαι,
641 4337 730 4416 tirm
748 4333 1008 4448 sanguineas,
1031 4249 1191 4418 biliosus
1214 4341 1256 4418 dt
1277 4359 1344 4418 eas
1365 4363 1452 4445 quc
1473 4329 1521 4415 ab
1542 4329 1725 4417 atri'bile
1745 4333 1900 4450 pende-

487 4469 565 4530 ant·
1866 4507 1869 4514 ι

353 4586 363 4607 “
515 4553 616 4642 Hcs
645 4557 806 4668 quidem
838 4559 978 4647 divisio
1010 4562 1248 4680 pustularum
1276 4561 1378 4678 apud
1408 4555 1530 4670 illos,
1563 4558 1773 4673 ptaesertim
1802 4561 1903 4650 vcro

354 4829 361 4840 .
495 4799 555 4872 (a)
576 4793 639 4856 Lib.
663 4813 703 4874 3,
721 4793 754 4856 tle
771 4795 864 4863 facult.
881 4819 972 4870 tatur·

495 4879 556 4964 (b)
579 4875 642 4942 Lib.
661 4897 698 4953 4,
715 4897 824 4970 ειμι.
1051 4979 1056 4998 .
1503 4920 1507 4928 -
1658 4906 1678 4963 p
