4186 5908
450 332 532 410 208
890 312 999 402 DE
1059 307 1426 398 MORBIS

449 481 693 590 emolliunt,
717 476 831 566 simul
849 505 983 564 acrem
998 475 1105 562 vitiu
1121 503 1315 594 perpetuo
1335 469 1550 562 retundunt
1564 475 1783 562 materiam.
1807 473 1894 562 Sed

450 604 493 684 in
510 596 584 682 illo
600 625 747 712 genere
766 596 913 679 caeteris
932 588 1117 676 omnibus
1137 590 1200 680 lac
1220 589 1447 698 antecellit,
1467 617 1513 674 ut
1530 597 1573 674 di
1594 594 1726 676 omnis
1745 593 1895 706 speciei

449 711 676 819 lacticinia,
706 706 847 821 quibus
872 704 962 790 ante
990 707 1126 790 omnia
1157 703 1334 822 proderit
1359 733 1433 820 pro
1461 703 1644 789 universo
1667 708 1775 791 vitiu
1801 708 1893 813 uti,

452 826 565 940 quod
583 856 667 910 non
687 827 730 906 iii
750 820 827 905 hic
856 813 1093 934 erysipelatis
1120 819 1252 934 specie
1275 823 1428 903 tantbm
1458 819 1787 904 commendatum
1814 821 1893 926 est,

451 941 521 1025 sed
540 943 659 1025 etiam
678 940 718 1020 iii
741 935 947 1019 arthritico
965 959 1083 1044 atque
1100 935 1349 1018 rheumatico
1374 928 1537 1018 felicem
1559 930 1698 1018 locum
1725 935 1893 1020 invenit.

452 1056 499 1137 Si
520 1051 619 1136 laoe
636 1051 806 1134 vaccino
823 1072 889 1130 aut
908 1051 1071 1163 caprino
1095 1049 1321 1162 repugnatit
1330 1110 1345 1154 ,
1373 1072 1440 1131 aut
1456 1075 1540 1130 non
1553 1042 1712 1131 licuerit
1728 1047 1892 1155 vixisse,

451 1166 589 1252 saltem
611 1161 671 1247 bis
696 1161 746 1245 de
759 1161 855 1270 die,
876 1188 947 1276 per
966 1159 1135 1276 longum
1157 1163 1348 1276 temporis
1369 1160 1534 1274 spatium
1549 1159 1726 1271 proderit
1743 1162 1894 1246 asinino

453 1275 655 1390 uti,quod
669 1271 1106 1382 ut'levius,itamollius
1121 1273 1896 1390 acpartibuscontemperandismaxime

453 1419 589 1510 aptum
614 1392 679 1474 est.

510 1504 611 1588 Haec
636 1501 697 1587 illi
719 1499 956 1617 erysipelatis
973 1500 1120 1618 speciei
1135 1505 1381 1587 conveniunt
1403 1533 1417 1603 3
1441 1502 1526 1585 imb
1544 1503 1631 1616 post
1651 1501 1768 1585 usiun
1784 1499 1896 1591 lastis

453 1615 732 1703 methodicum
763 1619 831 1700 vix
860 1613 935 1699 alia
962 1613 1164 1730 supersunt
1187 1615 1438 1728 peragenda,
1465 1614 1493 1714 si
1520 1614 1683 1724 quidem
1708 1645 1794 1698 non
1822 1615 1896 1701 de-

454 1728 607 1816 mulcet
633 1726 761 1813 solum
787 1727 849 1812 lac
862 1792 876 1835 ,
907 1727 974 1812 sed
999 1732 1120 1812 nutrit
1143 1737 1186 1813 δι
1204 1726 1396 1836 roborat,
1426 1726 1607 1841 adeoque
1628 1731 1731 1813 inter
1756 1733 1896 1816 tonica
1976 1765 1979 1774 ’

455 1843 648 1960 replentia
674 1845 870 1925 numerari
924 1844 1032 1926 otest.
1388 1937 1398 1948 ἱ

512 1957 663 2042 Verbm
693 1956 722 2037 si
757 1871 921 2067 aliquid
942 1951 1111 2038 laxitatis
1142 1951 1273 2038 adhuc
1301 1981 1483 2069 appareat
1508 1953 1619 2067 quod
1645 1983 1783 2072 arguat
1808 1987 1897 2072 par·

454 2074 558 2156 tium
582 2065 851 2174 debilitatem,
881 2097 966 2152 non
991 2067 1146 2152 idcircb
1174 2068 1224 2160 ad
1251 2065 1428 2182 vulgaria
1454 2069 1737 2155 recurrendum
1759 2097 1897 2157 toruca

456 2214 542 2295 quc
564 2184 694 2266 astum
744 2180 860 2264 ossint
879 2181 1044 2288 inferre,
1072 2177 1247 2293 vasisque
1268 2211 1352 2268 non
1375 2177 1522 2289 robur,
1551 2183 1621 2268 sed
1642 2182 1897 2298 crispaturam

456 2297 647 2382 inducere
672 2211 866 2380 valeant:
899 2287 968 2378 illa
993 2322 1044 2379 ex
1073 2322 1124 2406 eo
1154 2322 1303 2488 periere
1332 2295 1503 2411 petenda
1531 2296 1620 2381 sunt
1645 2297 1757 2408 quod
1784 2295 1896 2388 simul

458 2407 607 2518 diluat,
634 2406 748 2493 simul
773 2406 1022 2515 demulceat,
1042 2434 1152 2522 parte
1197 2435 1256 2517 ue·
1271 2412 1426 2495 tunicas
1451 2408 1569 2494 addat
1590 2406 1764 2524 parribus
1784 2411 1896 2497 refri-

456 2519 696 2637 gerantibus.
729 2519 833 2605 Tale
858 2519 1068 2605 subsidium
1103 2437 1276 2635 praebent
1303 2551 1412 2634 aquai
1434 2520 1652 2630 martiales,
1678 2523 1744 2608 seu
1767 2523 1898 2610 serru-

457 2639 610 2750 gineae,
637 2637 677 2718 iri
697 2633 839 2746 quibus
852 2635 1010 2719 'ferrum
1029 2630 1339 2742 subtilissimum,
1364 2636 1441 2720 sive
1465 2639 1620 2721 unitum
1645 2636 1721 2721 basi
1740 2635 1894 2745 salinae,

456 2751 537 2834 sive
566 2776 636 2863 per
663 2747 856 2832 summam
888 2749 1175 2864 principiorum
1207 2751 1440 2834 tenuitatem
1468 2752 1511 2833 iii
1541 2747 1642 2862 aqui
1668 2749 1892 2864 suspensum

456 2860 559 2946 intrir
580 2859 846 2946 ventriculum
873 2865 1065 2976 accipitur
1099 2869 1150 2950 δι,
1167 2864 1370 2968 intestina,
1400 2859 1536 2974 ibique
1564 2865 1787 2980 primariam
1810 2867 1895 2949 vim

454 2974 636 3068 tonicam
654 2976 843 3058 intestinis
856 2973 996 3082 affert,
1019 2973 1111 3058 dein
1130 2972 1231 3059 intri
1255 2974 1483 3089 sanguinem
1503 2975 1641 3062 sensim
1660 2975 1895 3086 admissum,

457 3089 636 3173 tonicam
659 3089 744 3171 vim
769 3083 904 3172 solidis
936 3085 1070 3194 afflat,
1110 3085 1205 3186 dum
1233 3085 1400 3197 subitam
1427 3086 1476 3171 ab
1504 3091 1552 3174 iia
1578 3093 1897 3180 constrictionem

454 3225 566 3404 tsircet
584 3203 963 3398 ingenpfiaquearum
985 3203 1155 3314 partium
1176 3197 1307 3289 moles
1317 3261 1334 3309 ‚
1362 3205 1587 3288 acrimonia
1609 3201 1804 3290 dilueudae
1830 3223 1899 3324 per

474 3342 539 3406 ea
623 3319 706 3400 &e
752 3342 840 3399 cari.
1325 3379 1326 3384 i
1489 3376 1495 3384 -

558 3431 568 3447 '
610 3420 739 3514 multb
763 3426 879 3515 satius
898 3429 952 3513 est
967 3421 1057 3512 vasa
1076 3421 1360 3537 corroborare,
1381 3426 1751 3546 quimtopicorurn
1770 3432 1899 3549 appli-

455 3543 640 3648 catione,
655 3568 722 3626 aut
736 3543 1095 3661 appositione,·quae
1107 3543 1353 3650 aut-irritant,
1369 3545 1653 3659 autllriiigunt,
1669 3547 1818 3658 sicque,
1834 3574 1902 3636 aut

454 3657 660 3744 materiam
684 3655 847 3740 crudam
869 3653 1000 3738 adhuc
1022 3680 1271 3768 repercutere
1295 3655 1457 3763 valent,
1483 3685 1575 3763 aut,
1604 3658 1632 3740 si
1658 3659 1900 3748 immeabilia

453 3767 545 3855 vasa
573 3767 747 3876 fuerint,
781 3766 987 3886 erysipelas
1013 3770 1057 3851 in
1084 3766 1372 3884 phlegmonem
1404 3797 1670 3880 convertunt,
1707 3773 1818 3886 quod
1845 3777 1898 3860 eb

455 3883 580 4006 magis
617 3880 778 3968 cautelae
817 3908 935 3993 atque
968 3881 1182 3994 prudentia
1214 3882 1382 3998 postulat
1414 3885 1497 3994 quo
1533 3883 1740 3972 decantata
1772 3891 1895 4000 magis

455 3997 612 4107 topica,
635 3993 705 4081 sub
729 3993 1011 4082 resolventium
1033 3991 1180 4101 titulo,
1197 3997 1291 4082 vere
1314 4005 1357 4082 δι
1375 3995 1501 4111 reipub
1516 3997 1897 4114 adllringentiafiiiti

456 4131 540 4210 quo
564 4109 724 4216 quidem
745 4113 846 4196 vitio
868 4137 949 4194 non
973 4109 1164 4190 immunia
1179 4106 1273 4195 sunt.
1281 4108 1489 4225 predicata
1503 4107 1525 4194 i
1539 4119 1603 4218 (a)
1631 4113 1681 4198 C.
1700 4111 1899 4200 Cornelio

458 4211 580 4303 Celso
596 4224 751 4351 topica,
767 4221 962 4341 praecipub
974 4222 1076 4306 verb
1086 4221 1250 4335 cupressi
1262 4251 1412 4322 nucum
1424 4223 1514 4310 usus
1530 4253 1613 4335 quc
1628 4227 1722 4312 verb
1736 4225 1902 4313 adstrin-

457 4351 620 4518 pentes‚
635 4335 718 4414 imb
738 4336 907 4448 stypticae
929 4335 1029 4421 sunt.
1054 4334 1149 4420 Nec
1168 4332 1353 4440 Oribalio
1364 4336 1540 4454 spumam
1554 4342 1636 4425 aris
1652 4347 1694 4426 δι
1709 4337 1903 4428 ceruss'am

477 4435 633 4522 uadenti
654 4443 898 4531 credendum
921 4451 987 4536 est
1011 4450 1071 4532 8ae
1100 4447 1123 4534 ὲ
1146 4479 1168 4532 a
1196 4449 1250 4544 ud
1271 4481 1345 4536 noa
1370 4443 1569 4544 euerritur
1591 4448 1711 4538 ritulo
1736 4453 1904 4569 refrige-

457 4549 629 4631 rantium
665 4555 921 4688 adhibeantur
957 4479 1129 4674 remedia
1162 4479 1302 4651 leviter
1337 4563 1641 4680 adstringendi,
1677 4595 1762 4676 quar
1802 4565 1904 4684 sape

457 4657 618 4750 effellur
644 4671 845 4780 prestitbre
866 4670 983 4760 utiles
990 4734 1006 4786 ,
1028 4675 1122 4762 dlim
1144 4676 1292 4767 interel
1307 4680 1411 4782 intlis
1430 4701 1590 4797 recepta
1607 4675 1716 4766 labet
1741 4676 1903 4793 gliscit,

499 4803 564 4894 (a)
584 4805 650 4876 Lib.
672 4827 709 4888 5,
731 4833 791 4900 cap.
815 4839 861 4904 33.

639 4917 643 4924 ’
699 4911 704 4918 “
1673 4899 1907 5020 eryfipelata
