<?xml version="1.0" encoding="UTF-8"?>
<!DOCTYPE html PUBLIC "-//W3C//DTD XHTML 1.0 Transitional//EN"
    "http://www.w3.org/TR/xhtml1/DTD/xhtml1-transitional.dtd">
<html xmlns="http://www.w3.org/1999/xhtml" xml:lang="en" lang="en">
 <head>
  <title>
</title>
<meta http-equiv="Content-Type" content="text/html;charset=utf-8" />
  <meta name='ocr-system' content='tesseract 3.04.00' />
  <meta name='ocr-capabilities' content='ocr_page ocr_carea ocr_par ocr_line ocrx_word'/>
</head>
<body>
  <div class='ocr_page' id='page_1' title='image "./tractatusdemorb00cavegoog_0561.png"; bbox 0 0 4250 5898; ppageno 0'>
   <div class='ocr_carea' id='block_1_1' title="bbox 556 399 1646 530">
    <p class='ocr_par' dir='ltr' id='par_1_1' title="bbox 556 399 1646 530">
     <span class='ocr_line' id='line_1_1' title="bbox 556 399 1646 530; baseline 0.01 -36"><span class='ocrx_word' id='word_1_1' title='bbox 556 482 563 494; x_wconf 92' lang='lat'>.</span> <span class='ocrx_word' id='word_1_2' title='bbox 660 399 1161 513; x_wconf 57' lang='lat' dir='ltr'>coTANELa</span> <span class='ocrx_word' id='word_1_3' title='bbox 1559 437 1646 530; x_wconf 53' lang='grc' dir='ltr'>ἴῃ</span> 
     </span>
    </p>
   </div>
   <div class='ocr_carea' id='block_1_2' title="bbox 91 567 1775 4853">
    <p class='ocr_par' dir='ltr' id='par_1_2' title="bbox 91 567 1775 4853">
     <span class='ocr_line' id='line_1_2' title="bbox 216 567 1642 689; baseline 0.004 -29"><span class='ocrx_word' id='word_1_4' title='bbox 216 594 483 680; x_wconf 78' lang='lat' dir='ltr'>evanuerunt,</span> <span class='ocrx_word' id='word_1_5' title='bbox 499 569 545 660; x_wconf 69' lang='lat' dir='ltr'>d(</span> <span class='ocrx_word' id='word_1_6' title='bbox 567 569 618 658; x_wconf 87' lang='lat' dir='ltr'>de</span> <span class='ocrx_word' id='word_1_7' title='bbox 635 573 682 658; x_wconf 84' lang='lat' dir='ltr'>iis</span> <span class='ocrx_word' id='word_1_8' title='bbox 705 571 899 689; x_wconf 68' lang='lat' dir='ltr'>precipue</span> <span class='ocrx_word' id='word_1_9' title='bbox 922 600 1061 656; x_wconf 88' lang='lat' dir='ltr'>verum</span> <span class='ocrx_word' id='word_1_10' title='bbox 1077 573 1131 656; x_wconf 83' lang='lat' dir='ltr'>est</span> <span class='ocrx_word' id='word_1_11' title='bbox 1150 567 1258 680; x_wconf 84' lang='lat' dir='ltr'>quod</span> <span class='ocrx_word' id='word_1_12' title='bbox 1277 569 1419 658; x_wconf 79' lang='lat' dir='ltr'>Celsus</span> <span class='ocrx_word' id='word_1_13' title='bbox 1440 573 1493 658; x_wconf 89' lang='lat' dir='ltr'>ait</span> <span class='ocrx_word' id='word_1_14' title='bbox 1502 575 1642 689; x_wconf 66' lang='grc' dir='ltr'>[γοναὶ</span> 
     </span>
     <span class='ocr_line' id='line_1_3' title="bbox 219 683 1645 798; baseline 0.001 -24"><span class='ocrx_word' id='word_1_15' title='bbox 219 715 390 774; x_wconf 71' lang='lat' dir='ltr'>verrucas</span> <span class='ocrx_word' id='word_1_16' title='bbox 392 687 537 797; x_wconf 76' lang='lat' dir='ltr'>fizrzori.</span> <span class='ocrx_word' id='word_1_17' title='bbox 559 686 723 784; x_wconf 72' lang='lat' dir='ltr'>Possunt</span> <span class='ocrx_word' id='word_1_18' title='bbox 744 713 876 770; x_wconf 87' lang='lat' dir='ltr'>autem</span> <span class='ocrx_word' id='word_1_19' title='bbox 891 713 1062 770; x_wconf 83' lang='lat' dir='ltr'>verrucae</span> <span class='ocrx_word' id='word_1_20' title='bbox 1083 683 1190 766; x_wconf 88' lang='lat' dir='ltr'>hunc</span> <span class='ocrx_word' id='word_1_21' title='bbox 1215 712 1413 798; x_wconf 88' lang='lat' dir='ltr'>occupare</span> <span class='ocrx_word' id='word_1_22' title='bbox 1434 685 1577 774; x_wconf 87' lang='lat' dir='ltr'>locum</span> <span class='ocrx_word' id='word_1_23' title='bbox 1601 696 1645 776; x_wconf 85' lang='lat' dir='ltr'>in</span> 
     </span>
     <span class='ocr_line' id='line_1_4' title="bbox 219 793 1646 915; baseline 0.006 -34"><span class='ocrx_word' id='word_1_24' title='bbox 219 827 296 908; x_wconf 93' lang='lat' dir='ltr'>quo</span> <span class='ocrx_word' id='word_1_25' title='bbox 313 800 462 885; x_wconf 70' lang='lat' dir='ltr'>summe</span> <span class='ocrx_word' id='word_1_26' title='bbox 482 799 747 883; x_wconf 74' lang='lat' dir='ltr'>incommode</span> <span class='ocrx_word' id='word_1_27' title='bbox 763 798 858 905; x_wconf 76' lang='lat' dir='ltr'>sint,</span> <span class='ocrx_word' id='word_1_28' title='bbox 880 822 925 880; x_wconf 92' lang='lat' dir='ltr'>ut</span> <span class='ocrx_word' id='word_1_29' title='bbox 945 798 973 880; x_wconf 87' lang='lat' dir='ltr'>sr</span> <span class='ocrx_word' id='word_1_30' title='bbox 993 798 1034 878; x_wconf 91' lang='lat' dir='ltr'>in</span> <span class='ocrx_word' id='word_1_31' title='bbox 1052 793 1165 880; x_wconf 90' lang='lat' dir='ltr'>labiis</span> <span class='ocrx_word' id='word_1_32' title='bbox 1183 793 1314 880; x_wconf 89' lang='lat' dir='ltr'>sedern</span> <span class='ocrx_word' id='word_1_33' title='bbox 1330 799 1486 884; x_wconf 82' lang='lat' dir='ltr'>fixerint</span> <span class='ocrx_word' id='word_1_34' title='bbox 1495 864 1510 907; x_wconf 91' lang='lat'><em>,</em></span> <span class='ocrx_word' id='word_1_35' title='bbox 1534 805 1646 915; x_wconf 86' lang='lat' dir='ltr'>quod</span> 
     </span>
     <span class='ocr_line' id='line_1_5' title="bbox 217 907 1710 1028; baseline 0.006 -35"><span class='ocrx_word' id='word_1_36' title='bbox 217 939 298 994; x_wconf 92' lang='lat' dir='ltr'>non</span> <span class='ocrx_word' id='word_1_37' title='bbox 317 913 370 996; x_wconf 83' lang='lat' dir='ltr'>ita</span> <span class='ocrx_word' id='word_1_38' title='bbox 389 940 518 997; x_wconf 90' lang='lat' dir='ltr'>rarum</span> <span class='ocrx_word' id='word_1_39' title='bbox 540 911 592 996; x_wconf 87' lang='lat' dir='ltr'>est</span> <span class='ocrx_word' id='word_1_40' title='bbox 610 911 713 1024; x_wconf 82' lang='lat' dir='ltr'>apud</span> <span class='ocrx_word' id='word_1_41' title='bbox 732 939 803 995; x_wconf 85' lang='lat' dir='ltr'>eos</span> <span class='ocrx_word' id='word_1_42' title='bbox 823 914 891 1020; x_wconf 91' lang='lat' dir='ltr'>qui</span> <span class='ocrx_word' id='word_1_43' title='bbox 910 907 1101 994; x_wconf 80' lang='lat' dir='ltr'>calidiora</span> <span class='ocrx_word' id='word_1_44' title='bbox 1119 911 1348 1024; x_wconf 83' lang='lat' dir='ltr'>praegustant</span> <span class='ocrx_word' id='word_1_45' title='bbox 1357 972 1371 1017; x_wconf 87' lang='lat'><strong><em>,</em></strong></span> <span class='ocrx_word' id='word_1_46' title='bbox 1393 939 1459 997; x_wconf 90' lang='lat' dir='ltr'>aut</span> <span class='ocrx_word' id='word_1_47' title='bbox 1481 913 1550 998; x_wconf 79' lang='lat' dir='ltr'>sila</span> <span class='ocrx_word' id='word_1_48' title='bbox 1573 945 1646 1028; x_wconf 89' lang='lat' dir='ltr'>per</span> <span class='ocrx_word' id='word_1_49' title='bbox 1705 931 1710 942; x_wconf 86' lang='lat'>&#39;</span> 
     </span>
     <span class='ocr_line' id='line_1_6' title="bbox 162 1018 1645 1140; baseline 0.007 -34"><span class='ocrx_word' id='word_1_50' title='bbox 162 1083 165 1086; x_wconf 92' lang='lat'>-</span> <span class='ocrx_word' id='word_1_51' title='bbox 219 1039 262 1106; x_wconf 75' lang='lat' dir='ltr'>or</span> <span class='ocrx_word' id='word_1_52' title='bbox 287 1025 496 1110; x_wconf 89' lang='lat' dir='ltr'>traducunt</span> <span class='ocrx_word' id='word_1_53' title='bbox 515 1025 663 1109; x_wconf 79' lang='lat' dir='ltr'>affiduo</span> <span class='ocrx_word' id='word_1_54' title='bbox 685 1032 729 1132; x_wconf 64' lang='grc' dir='ltr'>ὅ(</span> <span class='ocrx_word' id='word_1_55' title='bbox 749 1021 933 1108; x_wconf 81' lang='lat' dir='ltr'>dentibus</span> <span class='ocrx_word' id='word_1_56' title='bbox 953 1021 1139 1106; x_wconf 84' lang='lat' dir='ltr'>mordent</span> <span class='ocrx_word' id='word_1_57' title='bbox 1150 1080 1165 1128; x_wconf 89' lang='lat'>,</span> <span class='ocrx_word' id='word_1_58' title='bbox 1189 1018 1323 1132; x_wconf 88' lang='lat' dir='ltr'>quales</span> <span class='ocrx_word' id='word_1_59' title='bbox 1344 1023 1432 1108; x_wconf 87' lang='lat' dir='ltr'>sunt</span> <span class='ocrx_word' id='word_1_60' title='bbox 1452 1025 1645 1140; x_wconf 74' lang='lat' dir='ltr'>sartores,¹</span> 
     </span>
     <span class='ocr_line' id='line_1_7' title="bbox 215 1133 1313 1251; baseline 0.002 -33"><span class='ocrx_word' id='word_1_61' title='bbox 215 1135 387 1245; x_wconf 85' lang='lat' dir='ltr'>sutores,</span> <span class='ocrx_word' id='word_1_62' title='bbox 408 1138 553 1250; x_wconf 85' lang='lat' dir='ltr'>¹ali-ique</span> <span class='ocrx_word' id='word_1_63' title='bbox 571 1133 794 1243; x_wconf 82' lang='lat' dir='ltr'>hujusmodi</span> <span class='ocrx_word' id='word_1_64' title='bbox 811 1139 990 1251; x_wconf 86' lang='lat' dir='ltr'>opifices.</span> <span class='ocrx_word' id='word_1_65' title='bbox 1312 1173 1313 1176; x_wconf 37' lang='lat'>¹</span> 
     </span>
     <span class='ocr_line' id='line_1_8' title="bbox 269 1245 1649 1360; baseline 0.007 -28"><span class='ocrx_word' id='word_1_66' title='bbox 269 1251 327 1333; x_wconf 86' lang='lat' dir='ltr'>Ar</span> <span class='ocrx_word' id='word_1_67' title='bbox 345 1250 476 1334; x_wconf 74' lang='lat' dir='ltr'>multa</span> <span class='ocrx_word' id='word_1_68' title='bbox 498 1250 586 1336; x_wconf 90' lang='lat' dir='ltr'>sunt</span> <span class='ocrx_word' id='word_1_69' title='bbox 606 1277 777 1334; x_wconf 77' lang='lat' dir='ltr'>verruca</span> <span class='ocrx_word' id='word_1_70' title='bbox 801 1279 885 1360; x_wconf 84' lang='lat' dir='ltr'>quae</span> <span class='ocrx_word' id='word_1_71' title='bbox 907 1277 1144 1333; x_wconf 89' lang='lat' dir='ltr'>cancrorum</span> <span class='ocrx_word' id='word_1_72' title='bbox 1167 1245 1422 1334; x_wconf 89' lang='lat' dir='ltr'>occultorum</span> <span class='ocrx_word' id='word_1_73' title='bbox 1442 1253 1485 1334; x_wconf 89' lang='lat' dir='ltr'>in</span> <span class='ocrx_word' id='word_1_74' title='bbox 1501 1253 1649 1342; x_wconf 66' lang='lat' dir='ltr'>vicaria</span> 
     </span>
     <span class='ocr_line' id='line_1_9' title="bbox 187 1360 1650 1478; baseline 0.003 -32"><span class='ocrx_word' id='word_1_75' title='bbox 187 1361 425 1449; x_wconf 73' lang='lat' dir='ltr'>’nascuntur</span> <span class='ocrx_word' id='word_1_76' title='bbox 450 1372 492 1448; x_wconf 70' lang='grc' dir='ltr'>δε</span> <span class='ocrx_word' id='word_1_77' title='bbox 517 1362 606 1478; x_wconf 85' lang='lat' dir='ltr'>ipsae</span> <span class='ocrx_word' id='word_1_78' title='bbox 629 1361 824 1447; x_wconf 86' lang='lat' dir='ltr'>cancrosae</span> <span class='ocrx_word' id='word_1_79' title='bbox 849 1361 930 1446; x_wconf 92' lang='lat' dir='ltr'>dici</span> <span class='ocrx_word' id='word_1_80' title='bbox 956 1361 1124 1476; x_wconf 74' lang='lat' dir='ltr'>poliunt.</span> <span class='ocrx_word' id='word_1_81' title='bbox 1157 1360 1231 1445; x_wconf 87' lang='lat' dir='ltr'>Hae</span> <span class='ocrx_word' id='word_1_82' title='bbox 1254 1391 1339 1446; x_wconf 90' lang='lat' dir='ltr'>non</span> <span class='ocrx_word' id='word_1_83' title='bbox 1361 1390 1533 1449; x_wconf 78' lang='lat' dir='ltr'>verruca</span> <span class='ocrx_word' id='word_1_84' title='bbox 1557 1367 1650 1450; x_wconf 77' lang='lat' dir='ltr'>lim«</span> 
     </span>
     <span class='ocr_line' id='line_1_10' title="bbox 91 1471 1648 1588; baseline 0.005 -32"><span class='ocrx_word' id='word_1_85' title='bbox 91 1491 94 1500; x_wconf 78' lang='grc'>’</span> <span class='ocrx_word' id='word_1_86' title='bbox 215 1471 340 1588; x_wconf 89' lang='lat' dir='ltr'>plices</span> <span class='ocrx_word' id='word_1_87' title='bbox 356 1477 531 1561; x_wconf 74' lang='lat' dir='ltr'>dicenda</span> <span class='ocrx_word' id='word_1_88' title='bbox 552 1475 664 1582; x_wconf 89' lang='lat' dir='ltr'>sunt,</span> <span class='ocrx_word' id='word_1_89' title='bbox 684 1474 753 1560; x_wconf 93' lang='lat' dir='ltr'>sed</span> <span class='ocrx_word' id='word_1_90' title='bbox 772 1473 898 1560; x_wconf 89' lang='lat' dir='ltr'>oculti</span> <span class='ocrx_word' id='word_1_91' title='bbox 920 1477 1055 1560; x_wconf 86' lang='lat' dir='ltr'>cancri</span> <span class='ocrx_word' id='word_1_92' title='bbox 1065 1537 1079 1581; x_wconf 91' lang='lat'><em>,</em></span> <span class='ocrx_word' id='word_1_93' title='bbox 1103 1500 1170 1559; x_wconf 91' lang='lat' dir='ltr'>aut</span> <span class='ocrx_word' id='word_1_94' title='bbox 1190 1475 1218 1558; x_wconf 85' lang='lat' dir='ltr'>sr</span> <span class='ocrx_word' id='word_1_95' title='bbox 1239 1475 1288 1560; x_wconf 89' lang='lat' dir='ltr'>ad</span> <span class='ocrx_word' id='word_1_96' title='bbox 1305 1476 1477 1560; x_wconf 84' lang='lat' dir='ltr'>sormam</span> <span class='ocrx_word' id='word_1_97' title='bbox 1494 1483 1648 1564; x_wconf 68' lang='lat' dir='ltr'>tantam</span> 
     </span>
     <span class='ocr_line' id='line_1_11' title="bbox 217 1586 1650 1702; baseline 0.006 -32"><span class='ocrx_word' id='word_1_98' title='bbox 217 1586 1650 1702; x_wconf 45' lang='lat' dir='ltr'>mmwmoemoeQOwfflmmmmHaessmmw</span> 
     </span>
     <span class='ocr_line' id='line_1_12' title="bbox 217 1695 1650 1818; baseline 0.005 -36"><span class='ocrx_word' id='word_1_99' title='bbox 217 1723 372 1813; x_wconf 68' lang='lat' dir='ltr'>tempus</span> <span class='ocrx_word' id='word_1_100' title='bbox 387 1695 685 1818; x_wconf 82' lang='lat' dir='ltr'>expanduntur,</span> <span class='ocrx_word' id='word_1_101' title='bbox 711 1699 927 1813; x_wconf 70' lang='lat' dir='ltr'>amissique</span> <span class='ocrx_word' id='word_1_102' title='bbox 943 1729 1113 1787; x_wconf 77' lang='lat' dir='ltr'>verruca</span> <span class='ocrx_word' id='word_1_103' title='bbox 1128 1695 1279 1807; x_wconf 73' lang='lat' dir='ltr'>sormi,</span> <span class='ocrx_word' id='word_1_104' title='bbox 1302 1729 1355 1814; x_wconf 89' lang='lat' dir='ltr'>pe</span> <span class='ocrx_word' id='word_1_105' title='bbox 1382 1731 1505 1786; x_wconf 85' lang='lat' dir='ltr'>rmum</span> <span class='ocrx_word' id='word_1_106' title='bbox 1523 1710 1650 1790; x_wconf 85' lang='lat' dir='ltr'>carei-</span> 
     </span>
     <span class='ocr_line' id='line_1_13' title="bbox 215 1813 1703 1931; baseline 0.005 -37"><span class='ocrx_word' id='word_1_107' title='bbox 215 1841 338 1897; x_wconf 85' lang='lat' dir='ltr'>noma</span> <span class='ocrx_word' id='word_1_108' title='bbox 364 1813 563 1899; x_wconf 84' lang='lat' dir='ltr'><strong>exhibent.</strong></span> <span class='ocrx_word' id='word_1_109' title='bbox 588 1815 745 1900; x_wconf 83' lang='lat' dir='ltr'>Dantur</span> <span class='ocrx_word' id='word_1_110' title='bbox 765 1817 888 1898; x_wconf 86' lang='lat' dir='ltr'>etiam</span> <span class='ocrx_word' id='word_1_111' title='bbox 911 1823 954 1899; x_wconf 75' lang='lat' dir='ltr'>dt</span> <span class='ocrx_word' id='word_1_112' title='bbox 975 1842 1148 1899; x_wconf 77' lang='lat' dir='ltr'>verruca</span> <span class='ocrx_word' id='word_1_113' title='bbox 1168 1839 1342 1898; x_wconf 81' lang='lat' dir='ltr'>venerea:</span> <span class='ocrx_word' id='word_1_114' title='bbox 1365 1843 1452 1924; x_wconf 83' lang='lat' dir='ltr'>quae</span> <span class='ocrx_word' id='word_1_115' title='bbox 1472 1843 1536 1901; x_wconf 86' lang='lat' dir='ltr'>eas</span> <span class='ocrx_word' id='word_1_116' title='bbox 1554 1846 1651 1931; x_wconf 84' lang='lat' dir='ltr'>prae·</span> <span class='ocrx_word' id='word_1_117' title='bbox 1702 1863 1703 1870; x_wconf 15' lang='grc' dir='ltr'><strong><em>Ν</em></strong></span> 
     </span>
     <span class='ocr_line' id='line_1_14' title="bbox 214 1924 1652 2042; baseline 0.004 -34"><span class='ocrx_word' id='word_1_118' title='bbox 214 1924 349 2008; x_wconf 84' lang='lat' dir='ltr'>sertim</span> <span class='ocrx_word' id='word_1_119' title='bbox 366 1954 492 2042; x_wconf 89' lang='lat' dir='ltr'>partes</span> <span class='ocrx_word' id='word_1_120' title='bbox 513 1931 709 2041; x_wconf 82' lang='lat' dir='ltr'>attingunt</span> <span class='ocrx_word' id='word_1_121' title='bbox 725 1957 808 2034; x_wconf 82' lang='lat' dir='ltr'>qua</span> <span class='ocrx_word' id='word_1_122' title='bbox 823 1926 935 2012; x_wconf 71' lang='lat' dir='ltr'>sriilu</span> <span class='ocrx_word' id='word_1_123' title='bbox 944 1989 958 2032; x_wconf 95' lang='lat'><strong><em>,</em></strong></span> <span class='ocrx_word' id='word_1_124' title='bbox 976 1953 1043 2010; x_wconf 90' lang='lat' dir='ltr'>aut</span> <span class='ocrx_word' id='word_1_125' title='bbox 1058 1929 1251 2010; x_wconf 87' lang='lat' dir='ltr'>intimiori</span> <span class='ocrx_word' id='word_1_126' title='bbox 1273 1927 1403 2009; x_wconf 85' lang='lat' dir='ltr'>attritu</span> <span class='ocrx_word' id='word_1_127' title='bbox 1420 1952 1538 2037; x_wconf 85' lang='lat' dir='ltr'>atque</span> <span class='ocrx_word' id='word_1_128' title='bbox 1558 1959 1652 2014; x_wconf 87' lang='lat' dir='ltr'>con·</span> 
     </span>
     <span class='ocr_line' id='line_1_15' title="bbox 214 2038 1652 2154; baseline 0.004 -32"><span class='ocrx_word' id='word_1_129' title='bbox 214 2041 321 2136; x_wconf 71' lang='lat' dir='ltr'>tati-u</span> <span class='ocrx_word' id='word_1_130' title='bbox 345 2069 517 2126; x_wconf 85' lang='lat' dir='ltr'>venereo</span> <span class='ocrx_word' id='word_1_131' title='bbox 546 2039 770 2154; x_wconf 80' lang='lat' dir='ltr'>comprellae</span> <span class='ocrx_word' id='word_1_132' title='bbox 796 2039 895 2124; x_wconf 88' lang='lat' dir='ltr'>sunt.</span> <span class='ocrx_word' id='word_1_133' title='bbox 923 2038 999 2122; x_wconf 78' lang='lat' dir='ltr'>Ha</span> <span class='ocrx_word' id='word_1_134' title='bbox 1020 2041 1117 2121; x_wconf 79' lang='lat' dir='ltr'>verb</span> <span class='ocrx_word' id='word_1_135' title='bbox 1142 2038 1191 2122; x_wconf 91' lang='lat' dir='ltr'>ad</span> <span class='ocrx_word' id='word_1_136' title='bbox 1210 2039 1455 2150; x_wconf 89' lang='lat' dir='ltr'>propofirum</span> <span class='ocrx_word' id='word_1_137' title='bbox 1478 2043 1652 2128; x_wconf 87' lang='lat' dir='ltr'>nostrum</span> 
     </span>
     <span class='ocr_line' id='line_1_16' title="bbox 219 2148 1683 2266; baseline 0.007 -34"><span class='ocrx_word' id='word_1_138' title='bbox 219 2157 313 2262; x_wconf 77' lang='lat' dir='ltr'>clam</span> <span class='ocrx_word' id='word_1_139' title='bbox 337 2151 445 2237; x_wconf 70' lang='lat' dir='ltr'>nulli</span> <span class='ocrx_word' id='word_1_140' title='bbox 472 2156 625 2238; x_wconf 87' lang='lat' dir='ltr'>rarione</span> <span class='ocrx_word' id='word_1_141' title='bbox 653 2155 903 2266; x_wconf 82' lang='lat' dir='ltr'>pertineant,</span> <span class='ocrx_word' id='word_1_142' title='bbox 930 2149 979 2235; x_wconf 87' lang='lat' dir='ltr'>ad</span> <span class='ocrx_word' id='word_1_143' title='bbox 1008 2153 1189 2236; x_wconf 73' lang='lat' dir='ltr'>tradatur</span> <span class='ocrx_word' id='word_1_144' title='bbox 1216 2148 1267 2234; x_wconf 87' lang='lat' dir='ltr'>de</span> <span class='ocrx_word' id='word_1_145' title='bbox 1296 2149 1448 2235; x_wconf 83' lang='lat' dir='ltr'><strong>morbis</strong></span> <span class='ocrx_word' id='word_1_146' title='bbox 1472 2157 1653 2242; x_wconf 85' lang='lat' dir='ltr'>venereis</span> <span class='ocrx_word' id='word_1_147' title='bbox 1680 2253 1683 2260; x_wconf 19' lang='lat'>¹</span> 
     </span>
     <span class='ocr_line' id='line_1_17' title="bbox 216 2262 1349 2379; baseline 0.018 -34"><span class='ocrx_word' id='word_1_148' title='bbox 216 2262 443 2379; x_wconf 74' lang='lat' dir='ltr'>ableganda</span> <span class='ocrx_word' id='word_1_149' title='bbox 466 2266 566 2352; x_wconf 91' lang='lat' dir='ltr'>sunt.</span> <span class='ocrx_word' id='word_1_150' title='bbox 1347 2270 1349 2277; x_wconf 36' lang='lat'><strong><em>¹</em></strong></span> 
     </span>
     <span class='ocr_line' id='line_1_18' title="bbox 224 2371 1656 2492; baseline 0.006 -32"><span class='ocrx_word' id='word_1_151' title='bbox 224 2481 228 2486; x_wconf 84' lang='lat'><em>.</em></span> <span class='ocrx_word' id='word_1_152' title='bbox 275 2377 541 2462; x_wconf 86' lang='lat' dir='ltr'>Verrucarum</span> <span class='ocrx_word' id='word_1_153' title='bbox 569 2380 763 2492; x_wconf 84' lang='lat' dir='ltr'>diagnosrs</span> <span class='ocrx_word' id='word_1_154' title='bbox 791 2375 966 2491; x_wconf 78' lang='lat' dir='ltr'>simplex.</span> <span class='ocrx_word' id='word_1_155' title='bbox 998 2371 1176 2460; x_wconf 78' lang='lat' dir='ltr'>Multam</span> <span class='ocrx_word' id='word_1_156' title='bbox 1205 2397 1338 2460; x_wconf 84' lang='lat' dir='ltr'>tamen</span> <span class='ocrx_word' id='word_1_157' title='bbox 1363 2377 1518 2462; x_wconf 85' lang='lat' dir='ltr'>interest</span> <span class='ocrx_word' id='word_1_158' title='bbox 1543 2379 1656 2468; x_wconf 81' lang='lat' dir='ltr'>noffe</span> 
     </span>
     <span class='ocr_line' id='line_1_19' title="bbox 217 2485 1654 2606; baseline 0.005 -36"><span class='ocrx_word' id='word_1_159' title='bbox 217 2511 273 2594; x_wconf 79' lang='lat' dir='ltr'>an</span> <span class='ocrx_word' id='word_1_160' title='bbox 300 2487 493 2606; x_wconf 75' lang='lat' dir='ltr'>simplices</span> <span class='ocrx_word' id='word_1_161' title='bbox 516 2517 688 2574; x_wconf 78' lang='lat' dir='ltr'>verruca</span> <span class='ocrx_word' id='word_1_162' title='bbox 717 2493 817 2596; x_wconf 77' lang='lat' dir='ltr'>sint,</span> <span class='ocrx_word' id='word_1_163' title='bbox 846 2519 896 2572; x_wconf 88' lang='lat' dir='ltr'>an</span> <span class='ocrx_word' id='word_1_164' title='bbox 916 2485 1095 2602; x_wconf 76' lang='lat' dir='ltr'>malignas</span> <span class='ocrx_word' id='word_1_165' title='bbox 1121 2514 1240 2596; x_wconf 87' lang='lat' dir='ltr'>atque</span> <span class='ocrx_word' id='word_1_166' title='bbox 1266 2489 1460 2587; x_wconf 81' lang='lat' dir='ltr'>cancrosae</span> <span class='ocrx_word' id='word_1_167' title='bbox 1484 2497 1498 2572; x_wconf 75' lang='lat' dir='ltr'>l</span> <span class='ocrx_word' id='word_1_168' title='bbox 1523 2491 1654 2604; x_wconf 85' lang='lat' dir='ltr'>Quod</span> 
     </span>
     <span class='ocr_line' id='line_1_20' title="bbox 218 2597 1654 2718; baseline 0.004 -34"><span class='ocrx_word' id='word_1_169' title='bbox 218 2604 317 2684; x_wconf 83' lang='lat' dir='ltr'>cirm&#39;</span> <span class='ocrx_word' id='word_1_170' title='bbox 344 2629 413 2716; x_wconf 87' lang='lat' dir='ltr'>per</span> <span class='ocrx_word' id='word_1_171' title='bbox 439 2600 569 2688; x_wconf 83' lang='lat' dir='ltr'>morbi</span> <span class='ocrx_word' id='word_1_172' title='bbox 594 2601 794 2712; x_wconf 81' lang='lat' dir='ltr'>sequelam</span> <span class='ocrx_word' id='word_1_173' title='bbox 823 2601 1042 2686; x_wconf 88' lang='lat' dir='ltr'>discernere</span> <span class='ocrx_word' id='word_1_174' title='bbox 1062 2597 1184 2684; x_wconf 89' lang='lat' dir='ltr'>sacile</span> <span class='ocrx_word' id='word_1_175' title='bbox 1208 2601 1279 2707; x_wconf 80' lang='lat' dir='ltr'>stt,</span> <span class='ocrx_word' id='word_1_176' title='bbox 1302 2603 1360 2686; x_wconf 85' lang='lat' dir='ltr'>ira</span> <span class='ocrx_word' id='word_1_177' title='bbox 1385 2605 1427 2684; x_wconf 87' lang='lat' dir='ltr'>in</span> <span class='ocrx_word' id='word_1_178' title='bbox 1450 2607 1654 2718; x_wconf 69' lang='lat' dir='ltr'>principiis</span> 
     </span>
     <span class='ocr_line' id='line_1_21' title="bbox 161 2711 1775 2827; baseline 0.006 -33"><span class='ocrx_word' id='word_1_179' title='bbox 161 2779 166 2788; x_wconf 92' lang='lat'>.</span> <span class='ocrx_word' id='word_1_180' title='bbox 218 2716 290 2810; x_wconf 78' lang='lat' dir='ltr'>vix</span> <span class='ocrx_word' id='word_1_181' title='bbox 318 2713 511 2827; x_wconf 77' lang='lat' dir='ltr'>possibile.</span> <span class='ocrx_word' id='word_1_182' title='bbox 545 2716 594 2798; x_wconf 90' lang='lat' dir='ltr'>In</span> <span class='ocrx_word' id='word_1_183' title='bbox 619 2717 666 2800; x_wconf 90' lang='lat' dir='ltr'>iis</span> <span class='ocrx_word' id='word_1_184' title='bbox 688 2741 822 2799; x_wconf 85' lang='lat' dir='ltr'>tamen</span> <span class='ocrx_word' id='word_1_185' title='bbox 853 2745 937 2824; x_wconf 76' lang='lat' dir='ltr'>que</span> <span class='ocrx_word' id='word_1_186' title='bbox 962 2711 1156 2798; x_wconf 81' lang='lat' dir='ltr'>cancrosae</span> <span class='ocrx_word' id='word_1_187' title='bbox 1178 2712 1289 2818; x_wconf 85' lang='lat' dir='ltr'>sunt,</span> <span class='ocrx_word' id='word_1_188' title='bbox 1319 2715 1441 2796; x_wconf 81' lang='lat' dir='ltr'>statim</span> <span class='ocrx_word' id='word_1_189' title='bbox 1462 2714 1512 2797; x_wconf 87' lang='lat' dir='ltr'>ab</span> <span class='ocrx_word' id='word_1_190' title='bbox 1533 2717 1653 2803; x_wconf 88' lang='lat' dir='ltr'>initio</span> <span class='ocrx_word' id='word_1_191' title='bbox 1771 2728 1775 2736; x_wconf 81' lang='grc'><strong>“</strong></span> 
     </span>
     <span class='ocr_line' id='line_1_22' title="bbox 218 2817 1653 2942; baseline 0.003 -30"><span class='ocrx_word' id='word_1_192' title='bbox 218 2817 320 2912; x_wconf 76' lang='lat' dir='ltr'>basis</span> <span class='ocrx_word' id='word_1_193' title='bbox 341 2828 436 2932; x_wconf 73' lang='lat' dir='ltr'>dara</span> <span class='ocrx_word' id='word_1_194' title='bbox 456 2831 534 2934; x_wconf 85' lang='lat' dir='ltr'>est,</span> <span class='ocrx_word' id='word_1_195' title='bbox 553 2825 707 2942; x_wconf 77' lang='lat' dir='ltr'>aspera,</span> <span class='ocrx_word' id='word_1_196' title='bbox 730 2827 911 2942; x_wconf 89' lang='lat' dir='ltr'>protensa</span> <span class='ocrx_word' id='word_1_197' title='bbox 928 2828 1076 2938; x_wconf 86' lang='lat' dir='ltr'>magis,</span> <span class='ocrx_word' id='word_1_198' title='bbox 1098 2833 1144 2908; x_wconf 77' lang='lat' dir='ltr'>dt</span> <span class='ocrx_word' id='word_1_199' title='bbox 1169 2827 1271 2909; x_wconf 87' lang='lat' dir='ltr'>cutis</span> <span class='ocrx_word' id='word_1_200' title='bbox 1289 2824 1339 2908; x_wconf 91' lang='lat' dir='ltr'>ad</span> <span class='ocrx_word' id='word_1_201' title='bbox 1358 2824 1503 2911; x_wconf 83' lang='lat' dir='ltr'>limbos</span> <span class='ocrx_word' id='word_1_202' title='bbox 1523 2827 1653 2917; x_wconf 83' lang='lat' dir='ltr'>rubet.</span> 
     </span>
     <span class='ocr_line' id='line_1_23' title="bbox 220 2935 1659 3056; baseline 0.005 -36"><span class='ocrx_word' id='word_1_203' title='bbox 220 2937 336 3053; x_wconf 62' lang='lat' dir='ltr'>Seps</span> <span class='ocrx_word' id='word_1_204' title='bbox 356 2968 425 3054; x_wconf 90' lang='lat' dir='ltr'>per</span> <span class='ocrx_word' id='word_1_205' title='bbox 445 2939 612 3054; x_wconf 81' lang='lat' dir='ltr'>longum</span> <span class='ocrx_word' id='word_1_206' title='bbox 625 2968 780 3056; x_wconf 87' lang='lat' dir='ltr'>ternpus</span> <span class='ocrx_word' id='word_1_207' title='bbox 796 2937 967 3053; x_wconf 82' lang='lat' dir='ltr'>maligna</span> <span class='ocrx_word' id='word_1_208' title='bbox 984 2967 1149 3023; x_wconf 90' lang='lat' dir='ltr'>verruca</span> <span class='ocrx_word' id='word_1_209' title='bbox 1162 2939 1231 3020; x_wconf 89' lang='lat' dir='ltr'>stat</span> <span class='ocrx_word' id='word_1_210' title='bbox 1245 2935 1491 3046; x_wconf 68' lang='lat' dir='ltr'>immobilis5</span> <span class='ocrx_word' id='word_1_211' title='bbox 1515 2943 1659 3028; x_wconf 84' lang='lat' dir='ltr'>crescit</span> 
     </span>
     <span class='ocr_line' id='line_1_24' title="bbox 145 3040 1657 3168; baseline 0.004 -33"><span class='ocrx_word' id='word_1_212' title='bbox 145 3143 146 3152; x_wconf 15' lang='lat' dir='ltr'>q</span> <span class='ocrx_word' id='word_1_213' title='bbox 219 3052 385 3160; x_wconf 84' lang='lat' dir='ltr'>tandem</span> <span class='ocrx_word' id='word_1_214' title='bbox 406 3055 486 3138; x_wconf 87' lang='lat' dir='ltr'>fine</span> <span class='ocrx_word' id='word_1_215' title='bbox 507 3040 593 3138; x_wconf 90' lang='lat' dir='ltr'>ullo</span> <span class='ocrx_word' id='word_1_216' title='bbox 614 3052 693 3139; x_wconf 87' lang='lat' dir='ltr'>alio</span> <span class='ocrx_word' id='word_1_217' title='bbox 710 3050 874 3160; x_wconf 86' lang='lat' dir='ltr'>dolore,</span> <span class='ocrx_word' id='word_1_218' title='bbox 891 3077 1026 3168; x_wconf 75' lang='lat' dir='ltr'>preter</span> <span class='ocrx_word' id='word_1_219' title='bbox 1045 3047 1336 3136; x_wconf 81' lang='lat' dir='ltr'>intolerabilem</span> <span class='ocrx_word' id='word_1_220' title='bbox 1352 3054 1395 3134; x_wconf 90' lang='lat' dir='ltr'>io</span> <span class='ocrx_word' id='word_1_221' title='bbox 1410 3055 1551 3155; x_wconf 80' lang='lat' dir='ltr'>vicinis</span> <span class='ocrx_word' id='word_1_222' title='bbox 1617 3089 1657 3140; x_wconf 83' lang='lat' dir='ltr'>u·</span> 
     </span>
     <span class='ocr_line' id='line_1_25' title="bbox 220 3162 1656 3278; baseline 0.001 -26"><span class='ocrx_word' id='word_1_223' title='bbox 220 3166 345 3252; x_wconf 83' lang='lat' dir='ltr'>ritum</span> <span class='ocrx_word' id='word_1_224' title='bbox 356 3229 371 3274; x_wconf 83' lang='lat'>‚</span> <span class='ocrx_word' id='word_1_225' title='bbox 392 3162 548 3278; x_wconf 83' lang='lat' dir='ltr'>jamque</span> <span class='ocrx_word' id='word_1_226' title='bbox 569 3166 718 3252; x_wconf 83' lang='lat' dir='ltr'>malurn</span> <span class='ocrx_word' id='word_1_227' title='bbox 744 3166 894 3250; x_wconf 83' lang='lat' dir='ltr'>radices</span> <span class='ocrx_word' id='word_1_228' title='bbox 918 3167 1001 3278; x_wconf 86' lang='lat' dir='ltr'>egit</span> <span class='ocrx_word' id='word_1_229' title='bbox 1025 3162 1137 3248; x_wconf 76' lang='lat' dir='ltr'>altilis</span> <span class='ocrx_word' id='word_1_230' title='bbox 1148 3228 1162 3272; x_wconf 88' lang='lat'><strong><em>,</em></strong></span> <span class='ocrx_word' id='word_1_231' title='bbox 1188 3163 1422 3276; x_wconf 82' lang='lat' dir='ltr'>prorsbsque</span> <span class='ocrx_word' id='word_1_232' title='bbox 1440 3168 1572 3252; x_wconf 85' lang='lat' dir='ltr'>insana</span> <span class='ocrx_word' id='word_1_233' title='bbox 1597 3168 1656 3254; x_wconf 88' lang='lat' dir='ltr'>ile</span> 
     </span>
     <span class='ocr_line' id='line_1_26' title="bbox 219 3275 1703 3394; baseline 0.005 -34"><span class='ocrx_word' id='word_1_234' title='bbox 219 3279 371 3386; x_wconf 78' lang='lat' dir='ltr'>evasit,</span> <span class='ocrx_word' id='word_1_235' title='bbox 402 3281 471 3362; x_wconf 86' lang='lat' dir='ltr'>nili</span> <span class='ocrx_word' id='word_1_236' title='bbox 499 3277 721 3365; x_wconf 71' lang='lat' dir='ltr'>rescindere</span> <span class='ocrx_word' id='word_1_237' title='bbox 743 3278 842 3363; x_wconf 88' lang='lat' dir='ltr'>illud</span> <span class='ocrx_word' id='word_1_238' title='bbox 869 3309 929 3364; x_wconf 85' lang='lat' dir='ltr'>ars</span> <span class='ocrx_word' id='word_1_239' title='bbox 953 3281 1139 3394; x_wconf 72' lang='lat' dir='ltr'>potuerit.</span> <span class='ocrx_word' id='word_1_240' title='bbox 1171 3275 1276 3360; x_wconf 83' lang='lat' dir='ltr'>Mox</span> <span class='ocrx_word' id='word_1_241' title='bbox 1302 3277 1466 3361; x_wconf 86' lang='lat' dir='ltr'>aderunt</span> <span class='ocrx_word' id='word_1_242' title='bbox 1494 3280 1656 3367; x_wconf 86' lang='lat' dir='ltr'>dolores</span> <span class='ocrx_word' id='word_1_243' title='bbox 1699 3335 1703 3344; x_wconf 87' lang='lat'>·</span> 
     </span>
     <span class='ocr_line' id='line_1_27' title="bbox 219 3389 1657 3502; baseline -0.003 -22"><span class='ocrx_word' id='word_1_244' title='bbox 219 3394 431 3496; x_wconf 77' lang='lat' dir='ltr'>acerrimi,</span> <span class='ocrx_word' id='word_1_245' title='bbox 454 3393 594 3500; x_wconf 90' lang='lat' dir='ltr'>ichor‚</span> <span class='ocrx_word' id='word_1_246' title='bbox 618 3391 805 3478; x_wconf 87' lang='lat' dir='ltr'>sanies&amp;</span> <span class='ocrx_word' id='word_1_247' title='bbox 827 3389 941 3474; x_wconf 86' lang='lat' dir='ltr'>ulcus</span> <span class='ocrx_word' id='word_1_248' title='bbox 963 3389 1225 3500; x_wconf 74' lang='lat' dir='ltr'>undequique</span> <span class='ocrx_word' id='word_1_249' title='bbox 1249 3389 1472 3502; x_wconf 78' lang='lat' dir='ltr'>depascens.</span> <span class='ocrx_word' id='word_1_250' title='bbox 1499 3393 1546 3474; x_wconf 92' lang='lat' dir='ltr'>In</span> <span class='ocrx_word' id='word_1_251' title='bbox 1564 3423 1657 3478; x_wconf 86' lang='lat' dir='ltr'>ver·</span> 
     </span>
     <span class='ocr_line' id='line_1_28' title="bbox 220 3501 1660 3618; baseline 0.002 -32"><span class='ocrx_word' id='word_1_252' title='bbox 220 3504 331 3586; x_wconf 73' lang='lat' dir='ltr'>sarcis</span> <span class='ocrx_word' id='word_1_253' title='bbox 358 3502 595 3618; x_wconf 84' lang='lat' dir='ltr'>srmplicibus</span> <span class='ocrx_word' id='word_1_254' title='bbox 618 3508 752 3590; x_wconf 86' lang='lat' dir='ltr'>omnia</span> <span class='ocrx_word' id='word_1_255' title='bbox 775 3507 885 3588; x_wconf 89' lang='lat' dir='ltr'>mitia</span> <span class='ocrx_word' id='word_1_256' title='bbox 908 3505 995 3588; x_wconf 85' lang='lat' dir='ltr'>sunt</span> <span class='ocrx_word' id='word_1_257' title='bbox 1007 3564 1022 3607; x_wconf 87' lang='lat'>,</span> <span class='ocrx_word' id='word_1_258' title='bbox 1046 3501 1296 3606; x_wconf 80' lang='lat' dir='ltr'>indolentia,</span> <span class='ocrx_word' id='word_1_259' title='bbox 1324 3505 1425 3586; x_wconf 90' lang='lat' dir='ltr'>cutis</span> <span class='ocrx_word' id='word_1_260' title='bbox 1449 3508 1491 3586; x_wconf 86' lang='lat' dir='ltr'>in</span> <span class='ocrx_word' id='word_1_261' title='bbox 1512 3505 1660 3590; x_wconf 65' lang='lat' dir='ltr'>vicinis</span> 
     </span>
     <span class='ocr_line' id='line_1_29' title="bbox 220 3613 1680 3732; baseline 0.001 -34"><span class='ocrx_word' id='word_1_262' title='bbox 220 3615 318 3698; x_wconf 89' lang='lat' dir='ltr'>sana</span> <span class='ocrx_word' id='word_1_263' title='bbox 331 3677 344 3721; x_wconf 90' lang='lat'>,</span> <span class='ocrx_word' id='word_1_264' title='bbox 375 3616 596 3702; x_wconf 87' lang='lat' dir='ltr'>&amp;nullum</span> <span class='ocrx_word' id='word_1_265' title='bbox 622 3620 818 3732; x_wconf 81' lang='lat' dir='ltr'>exsrgnis</span> <span class='ocrx_word' id='word_1_266' title='bbox 843 3613 1040 3700; x_wconf 83' lang='lat' dir='ltr'>feralibus.</span> <span class='ocrx_word' id='word_1_267' title='bbox 1072 3613 1187 3698; x_wconf 70' lang='lat' dir='ltr'>Unde</span> <span class='ocrx_word' id='word_1_268' title='bbox 1218 3639 1261 3696; x_wconf 89' lang='lat' dir='ltr'>ut</span> <span class='ocrx_word' id='word_1_269' title='bbox 1286 3615 1497 3728; x_wconf 82' lang='lat' dir='ltr'>prognosrs.</span> <span class='ocrx_word' id='word_1_270' title='bbox 1513 3619 1556 3699; x_wconf 86' lang='lat' dir='ltr'>in</span> <span class='ocrx_word' id='word_1_271' title='bbox 1580 3619 1680 3704; x_wconf 76' lang='lat' dir='ltr'>una.</span> 
     </span>
     <span class='ocr_line' id='line_1_30' title="bbox 220 3725 1599 3844; baseline -0.003 -32"><span class='ocrx_word' id='word_1_272' title='bbox 220 3753 480 3836; x_wconf 73' lang='lat' dir='ltr'>verrucarum</span> <span class='ocrx_word' id='word_1_273' title='bbox 502 3730 632 3842; x_wconf 84' lang='lat' dir='ltr'>specie</span> <span class='ocrx_word' id='word_1_274' title='bbox 657 3734 833 3844; x_wconf 83' lang='lat' dir='ltr'>optima,</span> <span class='ocrx_word' id='word_1_275' title='bbox 855 3732 910 3812; x_wconf 84' lang='lat' dir='ltr'>ita</span> <span class='ocrx_word' id='word_1_276' title='bbox 932 3731 973 3810; x_wconf 94' lang='lat' dir='ltr'>in</span> <span class='ocrx_word' id='word_1_277' title='bbox 995 3725 1078 3810; x_wconf 85' lang='lat' dir='ltr'>&#39;aliis</span> <span class='ocrx_word' id='word_1_278' title='bbox 1102 3727 1249 3810; x_wconf 74' lang='lat' dir='ltr'>suncsm</span> <span class='ocrx_word' id='word_1_279' title='bbox 1270 3728 1334 3810; x_wconf 84' lang='lat' dir='ltr'>est.</span> <span class='ocrx_word' id='word_1_280' title='bbox 1591 3819 1599 3834; x_wconf 29' lang='grc' dir='ltr'>ι</span> 
     </span>
     <span class='ocr_line' id='line_1_31' title="bbox 228 3835 1660 3956; baseline 0.003 -34"><span class='ocrx_word' id='word_1_281' title='bbox 228 3897 234 3949; x_wconf 88' lang='lat'>:</span> <span class='ocrx_word' id='word_1_282' title='bbox 286 3839 453 3924; x_wconf 82' lang='lat' dir='ltr'>Curatio</span> <span class='ocrx_word' id='word_1_283' title='bbox 476 3869 529 3924; x_wconf 84' lang='lat' dir='ltr'>ex</span> <span class='ocrx_word' id='word_1_284' title='bbox 558 3844 758 3956; x_wconf 82' lang='lat' dir='ltr'>principiis</span> <span class='ocrx_word' id='word_1_285' title='bbox 781 3843 856 3924; x_wconf 84' lang='lat' dir='ltr'>illis</span> <span class='ocrx_word' id='word_1_286' title='bbox 881 3839 1123 3924; x_wconf 81' lang='lat' dir='ltr'>instituenda.</span> <span class='ocrx_word' id='word_1_287' title='bbox 1148 3835 1271 3922; x_wconf 69' lang='lat' dir='ltr'>Lien</span> <span class='ocrx_word' id='word_1_288' title='bbox 1292 3842 1399 3922; x_wconf 86' lang='lat' dir='ltr'>enim</span> <span class='ocrx_word' id='word_1_289' title='bbox 1422 3867 1574 3926; x_wconf 83' lang='lat' dir='ltr'>veteres</span> <span class='ocrx_word' id='word_1_290' title='bbox 1596 3847 1660 3948; x_wconf 78' lang='lat' dir='ltr'>(a)</span> 
     </span>
     <span class='ocr_line' id='line_1_32' title="bbox 226 3949 1661 4068; baseline 0.003 -33"><span class='ocrx_word' id='word_1_291' title='bbox 226 3981 371 4062; x_wconf 85' lang='lat' dir='ltr'>omnes</span> <span class='ocrx_word' id='word_1_292' title='bbox 380 4017 393 4060; x_wconf 88' lang='lat'><em>‚</em></span> <span class='ocrx_word' id='word_1_293' title='bbox 404 3953 471 4037; x_wconf 86' lang='lat' dir='ltr'>sed</span> <span class='ocrx_word' id='word_1_294' title='bbox 511 3953 676 4068; x_wconf 68' lang='lat' dir='ltr'>recipue</span> <span class='ocrx_word' id='word_1_295' title='bbox 692 3952 892 4036; x_wconf 84' lang='lat' dir='ltr'>Oribasrus</span> <span class='ocrx_word' id='word_1_296' title='bbox 900 4015 915 4058; x_wconf 89' lang='lat'><em>,</em></span> <span class='ocrx_word' id='word_1_297' title='bbox 927 3960 968 4036; x_wconf 79' lang='lat' dir='ltr'>dr</span> <span class='ocrx_word' id='word_1_298' title='bbox 982 3952 1313 4066; x_wconf 75' lang='lat' dir='ltr'>compressionem</span> <span class='ocrx_word' id='word_1_299' title='bbox 1323 3949 1481 4059; x_wconf 87' lang='lat' dir='ltr'>tollere,</span> <span class='ocrx_word' id='word_1_300' title='bbox 1499 3961 1539 4036; x_wconf 80' lang='lat' dir='ltr'>dt</span> <span class='ocrx_word' id='word_1_301' title='bbox 1557 3957 1661 4039; x_wconf 86' lang='lat' dir='ltr'>caus·</span> 
     </span>
     <span class='ocr_line' id='line_1_33' title="bbox 223 3983 1660 4180; baseline 0.003 -32"><span class='ocrx_word' id='word_1_302' title='bbox 223 4068 321 4175; x_wconf 80' lang='lat' dir='ltr'>ticis</span> <span class='ocrx_word' id='word_1_303' title='bbox 335 3983 572 4174; x_wconf 72' lang='lat' dir='ltr'>lenioribus,</span> <span class='ocrx_word' id='word_1_304' title='bbox 594 4066 801 4180; x_wconf 73' lang='lat' dir='ltr'>presertim</span> <span class='ocrx_word' id='word_1_305' title='bbox 815 4068 911 4150; x_wconf 86' lang='lat' dir='ltr'>verb</span> <span class='ocrx_word' id='word_1_306' title='bbox 933 4065 1060 4150; x_wconf 89' lang='lat' dir='ltr'>succis</span> <span class='ocrx_word' id='word_1_307' title='bbox 1080 4065 1252 4150; x_wconf 83' lang='lat' dir='ltr'>rellnosls</span> <span class='ocrx_word' id='word_1_308' title='bbox 1268 4065 1441 4166; x_wconf 85' lang='lat' dir='ltr'>ficuum,</span> <span class='ocrx_word' id='word_1_309' title='bbox 1461 4067 1660 4176; x_wconf 82' lang='lat' dir='ltr'>thyrimali</span> 
     </span>
     <span class='ocr_line' id='line_1_34' title="bbox 225 4173 1657 4292; baseline 0.002 -30"><span class='ocrx_word' id='word_1_310' title='bbox 225 4177 301 4262; x_wconf 85' lang='lat' dir='ltr'>seu</span> <span class='ocrx_word' id='word_1_311' title='bbox 328 4177 462 4286; x_wconf 82' lang='lat' dir='ltr'>esulae,</span> <span class='ocrx_word' id='word_1_312' title='bbox 489 4181 567 4286; x_wconf 89' lang='lat' dir='ltr'>ari,</span> <span class='ocrx_word' id='word_1_313' title='bbox 590 4181 818 4262; x_wconf 79' lang='lat' dir='ltr'>verrucaria</span> <span class='ocrx_word' id='word_1_314' title='bbox 843 4179 975 4292; x_wconf 83' lang='lat' dir='ltr'>saepiirs</span> <span class='ocrx_word' id='word_1_315' title='bbox 997 4177 1133 4284; x_wconf 89' lang='lat' dir='ltr'>illitis,</span> <span class='ocrx_word' id='word_1_316' title='bbox 1157 4205 1338 4262; x_wconf 84' lang='lat' dir='ltr'>verrucas</span> <span class='ocrx_word' id='word_1_317' title='bbox 1360 4173 1451 4258; x_wconf 92' lang='lat' dir='ltr'>tolli</span> <span class='ocrx_word' id='word_1_318' title='bbox 1475 4177 1657 4288; x_wconf 80' lang='lat' dir='ltr'>afferant,</span> 
     </span>
     <span class='ocr_line' id='line_1_35' title="bbox 226 4288 1662 4403; baseline 0.002 -29"><span class='ocrx_word' id='word_1_319' title='bbox 226 4295 320 4374; x_wconf 80' lang='lat' dir='ltr'>tiam</span> <span class='ocrx_word' id='word_1_320' title='bbox 344 4289 563 4403; x_wconf 84' lang='lat' dir='ltr'>plantarum</span> <span class='ocrx_word' id='word_1_321' title='bbox 588 4289 723 4376; x_wconf 85' lang='lat' dir='ltr'>lixivia</span> <span class='ocrx_word' id='word_1_322' title='bbox 743 4293 1073 4396; x_wconf 74' lang='lat' dir='ltr'>incineratorum,</span> <span class='ocrx_word' id='word_1_323' title='bbox 1104 4288 1290 4393; x_wconf 86' lang='lat' dir='ltr'>alumen,</span> <span class='ocrx_word' id='word_1_324' title='bbox 1321 4289 1401 4370; x_wconf 79' lang='lat' dir='ltr'>atris</span> <span class='ocrx_word' id='word_1_325' title='bbox 1433 4296 1662 4403; x_wconf 85' lang='lat' dir='ltr'>argentique</span> 
     </span>
     <span class='ocr_line' id='line_1_36' title="bbox 226 4399 1661 4514; baseline 0.001 -26"><span class='ocrx_word' id='word_1_326' title='bbox 226 4403 474 4512; x_wconf 84' lang='lat' dir='ltr'>squammas,</span> <span class='ocrx_word' id='word_1_327' title='bbox 488 4401 641 4514; x_wconf 85' lang='lat' dir='ltr'>aliaque</span> <span class='ocrx_word' id='word_1_328' title='bbox 652 4405 897 4486; x_wconf 76' lang='lat' dir='ltr'>catharetica</span> <span class='ocrx_word' id='word_1_329' title='bbox 908 4401 1092 4486; x_wconf 86' lang='lat' dir='ltr'>suadeant</span> <span class='ocrx_word' id='word_1_330' title='bbox 1099 4464 1112 4506; x_wconf 90' lang='lat'>‚</span> <span class='ocrx_word' id='word_1_331' title='bbox 1126 4404 1211 4484; x_wconf 80' lang='lat' dir='ltr'>imo</span> <span class='ocrx_word' id='word_1_332' title='bbox 1231 4399 1581 4512; x_wconf 60' lang='lat' dir='ltr'>&amp;sandaracham</span> <span class='ocrx_word' id='word_1_333' title='bbox 1593 4405 1661 4490; x_wconf 87' lang='lat' dir='ltr'>sea</span> 
     </span>
     <span class='ocr_line' id='line_1_37' title="bbox 226 4511 1663 4626; baseline 0.006 -30"><span class='ocrx_word' id='word_1_334' title='bbox 226 4515 586 4626; x_wconf 79' lang='lat' dir='ltr'>auripigmenttan,</span> <span class='ocrx_word' id='word_1_335' title='bbox 624 4545 707 4599; x_wconf 89' lang='lat' dir='ltr'>non</span> <span class='ocrx_word' id='word_1_336' title='bbox 733 4514 887 4598; x_wconf 89' lang='lat' dir='ltr'>videtur</span> <span class='ocrx_word' id='word_1_337' title='bbox 913 4539 1045 4598; x_wconf 86' lang='lat' dir='ltr'>tamen</span> <span class='ocrx_word' id='word_1_338' title='bbox 1073 4541 1134 4596; x_wconf 88' lang='lat' dir='ltr'>res</span> <span class='ocrx_word' id='word_1_339' title='bbox 1163 4511 1421 4626; x_wconf 77' lang='lat' dir='ltr'>negligentius</span> <span class='ocrx_word' id='word_1_340' title='bbox 1453 4519 1663 4604; x_wconf 70' lang='lat' dir='ltr'>narranda:</span> 
     </span>
     <span class='ocr_line' id='line_1_38' title="bbox 198 4621 1663 4744; baseline 0.005 -38"><span class='ocrx_word' id='word_1_341' title='bbox 198 4677 204 4691; x_wconf 70' lang='lat'>=</span> <span class='ocrx_word' id='word_1_342' title='bbox 230 4624 357 4708; x_wconf 74' lang='lat' dir='ltr'>Certe</span> <span class='ocrx_word' id='word_1_343' title='bbox 381 4625 469 4709; x_wconf 78' lang='lat' dir='ltr'>ante</span> <span class='ocrx_word' id='word_1_344' title='bbox 489 4631 623 4713; x_wconf 83' lang='lat' dir='ltr'>omnia</span> <span class='ocrx_word' id='word_1_345' title='bbox 640 4627 805 4742; x_wconf 84' lang='lat' dir='ltr'>diligens</span> <span class='ocrx_word' id='word_1_346' title='bbox 825 4623 1070 4740; x_wconf 89' lang='lat' dir='ltr'>prudensque</span> <span class='ocrx_word' id='word_1_347' title='bbox 1084 4627 1253 4738; x_wconf 82' lang='lat' dir='ltr'>primirm</span> <span class='ocrx_word' id='word_1_348' title='bbox 1271 4621 1408 4708; x_wconf 78' lang='lat' dir='ltr'>sedulo</span> <span class='ocrx_word' id='word_1_349' title='bbox 1424 4629 1663 4744; x_wconf 80' lang='lat' dir='ltr'>perpendat,</span> 
     </span>
     <span class='ocr_line' id='line_1_39' title="bbox 231 4737 1665 4853; baseline 0.001 -27"><span class='ocrx_word' id='word_1_350' title='bbox 231 4764 290 4826; x_wconf 78' lang='lat' dir='ltr'>an</span> <span class='ocrx_word' id='word_1_351' title='bbox 315 4766 398 4820; x_wconf 90' lang='lat' dir='ltr'>non</span> <span class='ocrx_word' id='word_1_352' title='bbox 430 4767 522 4822; x_wconf 91' lang='lat' dir='ltr'>cum</span> <span class='ocrx_word' id='word_1_353' title='bbox 544 4745 717 4826; x_wconf 87' lang='lat' dir='ltr'>verrucis</span> <span class='ocrx_word' id='word_1_354' title='bbox 743 4737 951 4853; x_wconf 83' lang='lat' dir='ltr'>malignis,</span> <span class='ocrx_word' id='word_1_355' title='bbox 984 4739 1053 4824; x_wconf 87' lang='lat' dir='ltr'>seu</span> <span class='ocrx_word' id='word_1_356' title='bbox 1084 4738 1279 4822; x_wconf 84' lang='lat' dir='ltr'>cancrosrs</span> <span class='ocrx_word' id='word_1_357' title='bbox 1312 4764 1396 4850; x_wconf 80' lang='lat' dir='ltr'>rem</span> <span class='ocrx_word' id='word_1_358' title='bbox 1425 4741 1665 4828; x_wconf 69' lang='lat' dir='ltr'>nudandam</span> 
     </span>
    </p>
   </div>
   <div class='ocr_carea' id='block_1_3' title="bbox 281 4889 1478 4980">
    <p class='ocr_par' dir='ltr' id='par_1_3' title="bbox 281 4889 1478 4980">
     <span class='ocr_line' id='line_1_40' title="bbox 281 4889 1478 4980; baseline 0.001 -25"><span class='ocrx_word' id='word_1_359' title='bbox 281 4890 578 4976; x_wconf 39' lang='lat' dir='ltr'>lu&gt;2PaulusAetias</span> <span class='ocrx_word' id='word_1_360' title='bbox 596 4895 656 4968; x_wconf 77' lang='lat' dir='ltr'>loc.</span> <span class='ocrx_word' id='word_1_361' title='bbox 675 4895 725 4960; x_wconf 80' lang='lat' dir='ltr'>cis.</span> <span class='ocrx_word' id='word_1_362' title='bbox 746 4893 843 4960; x_wconf 73' lang='lat' dir='ltr'>Cdsus</span> <span class='ocrx_word' id='word_1_363' title='bbox 864 4896 921 4965; x_wconf 83' lang='lat' dir='ltr'>loc.</span> <span class='ocrx_word' id='word_1_364' title='bbox 942 4895 990 4960; x_wconf 79' lang='lat' dir='ltr'>cir.</span> <span class='ocrx_word' id='word_1_365' title='bbox 1012 4889 1176 4974; x_wconf 65' lang='lat' dir='ltr'>octauo,</span> <span class='ocrx_word' id='word_1_366' title='bbox 1193 4912 1254 4976; x_wconf 74' lang='lat' dir='ltr'>cap.</span> <span class='ocrx_word' id='word_1_367' title='bbox 1275 4911 1295 4980; x_wconf 61' lang='lat' dir='ltr'>j</span> <span class='ocrx_word' id='word_1_368' title='bbox 1307 4937 1317 4973; x_wconf 89' lang='lat'><em>,</em></span> <span class='ocrx_word' id='word_1_369' title='bbox 1337 4889 1383 4955; x_wconf 85' lang='lat' dir='ltr'>lib.</span> <span class='ocrx_word' id='word_1_370' title='bbox 1404 4913 1434 4974; x_wconf 62' lang='lat'>3·</span> <span class='ocrx_word' id='word_1_371' title='bbox 1471 4889 1478 4902; x_wconf 86' lang='lat'><em>&#39;</em></span> 
     </span>
    </p>
   </div>
   <div class='ocr_carea' id='block_1_4' title="bbox 0 0 2138 5892">
    <p class='ocr_par' dir='ltr' id='par_1_4' title="bbox 0 0 2138 5892">
     <span class='ocr_line' id='line_1_41' title="bbox 0 0 2138 5892; baseline 0 0"><span class='ocrx_word' id='word_1_372' title='bbox 0 0 2138 5892; x_wconf 95' lang='lat' dir='ltr'> </span> 
     </span>
    </p>
   </div>
  </div>
 </body>
</html>
