<?xml version="1.0" encoding="UTF-8"?>
<!DOCTYPE html PUBLIC "-//W3C//DTD XHTML 1.0 Transitional//EN"
    "http://www.w3.org/TR/xhtml1/DTD/xhtml1-transitional.dtd">
<html xmlns="http://www.w3.org/1999/xhtml" xml:lang="en" lang="en">
 <head>
  <title>
</title>
<meta http-equiv="Content-Type" content="text/html;charset=utf-8" />
  <meta name='ocr-system' content='tesseract 3.04.00' />
  <meta name='ocr-capabilities' content='ocr_page ocr_carea ocr_par ocr_line ocrx_word'/>
</head>
<body>
  <div class='ocr_page' id='page_1' title='image "./tractatusdemorb00cavegoog_0376.png"; bbox 0 0 4188 5916; ppageno 0'>
   <div class='ocr_carea' id='block_1_1' title="bbox 652 409 1632 543">
    <p class='ocr_par' dir='ltr' id='par_1_1' title="bbox 652 409 1632 543">
     <span class='ocr_line' id='line_1_1' title="bbox 652 409 1632 543; baseline 0.003 -37"><span class='ocrx_word' id='word_1_1' title='bbox 652 409 1142 507; x_wconf 59' lang='lat' dir='ltr'><strong>CUTANEIS</strong></span> <span class='ocrx_word' id='word_1_2' title='bbox 1542 449 1632 543; x_wconf 45' lang='lat'>”3</span> 
     </span>
    </p>
   </div>
   <div class='ocr_carea' id='block_1_2' title="bbox 97 576 1632 2052">
    <p class='ocr_par' dir='ltr' id='par_1_2' title="bbox 195 576 1629 1038">
     <span class='ocr_line' id='line_1_2' title="bbox 196 576 1629 698; baseline 0.006 -36"><span class='ocrx_word' id='word_1_3' title='bbox 196 576 343 688; x_wconf 82' lang='lat' dir='ltr'>fiatque</span> <span class='ocrx_word' id='word_1_4' title='bbox 365 593 483 674; x_wconf 76' lang='grc' dir='ltr'><strong><em>αλφος</em></strong></span> <span class='ocrx_word' id='word_1_5' title='bbox 504 597 643 689; x_wconf 71' lang='lat' dir='ltr'>urnas,</span> <span class='ocrx_word' id='word_1_6' title='bbox 670 581 736 668; x_wconf 92' lang='lat' dir='ltr'>seu</span> <span class='ocrx_word' id='word_1_7' title='bbox 758 581 916 698; x_wconf 86' lang='lat' dir='ltr'>vitiligo</span> <span class='ocrx_word' id='word_1_8' title='bbox 937 587 1073 698; x_wconf 86' lang='lat' dir='ltr'>nigra;</span> <span class='ocrx_word' id='word_1_9' title='bbox 1090 585 1173 668; x_wconf 88' lang='lat' dir='ltr'>imb</span> <span class='ocrx_word' id='word_1_10' title='bbox 1189 577 1510 689; x_wconf 51' lang='lat' dir='ltr'>&amp;salsissimam</span> <span class='ocrx_word' id='word_1_11' title='bbox 1527 593 1629 684; x_wconf 73' lang='lat' dir='ltr'>studi</span> 
     </span>
     <span class='ocr_line' id='line_1_3' title="bbox 196 692 1629 811; baseline 0.008 -37"><span class='ocrx_word' id='word_1_12' title='bbox 196 692 340 776; x_wconf 88' lang='lat' dir='ltr'>misero</span> <span class='ocrx_word' id='word_1_13' title='bbox 360 692 467 778; x_wconf 87' lang='lat' dir='ltr'>malo</span> <span class='ocrx_word' id='word_1_14' title='bbox 492 695 749 781; x_wconf 90' lang='lat' dir='ltr'>miserrimum</span> <span class='ocrx_word' id='word_1_15' title='bbox 772 700 892 781; x_wconf 89' lang='lat' dir='ltr'>finem</span> <span class='ocrx_word' id='word_1_16' title='bbox 913 701 1137 811; x_wconf 89' lang='lat' dir='ltr'>imponunt.</span> <span class='ocrx_word' id='word_1_17' title='bbox 1166 697 1316 781; x_wconf 83' lang='lat' dir='ltr'>Verbm</span> <span class='ocrx_word' id='word_1_18' title='bbox 1342 728 1424 784; x_wconf 91' lang='lat' dir='ltr'>non</span> <span class='ocrx_word' id='word_1_19' title='bbox 1443 701 1629 786; x_wconf 82' lang='lat' dir='ltr'>videntur</span> 
     </span>
     <span class='ocr_line' id='line_1_4' title="bbox 196 806 1627 926; baseline 0.007 -40"><span class='ocrx_word' id='word_1_20' title='bbox 196 807 347 914; x_wconf 89' lang='lat' dir='ltr'>antiqui</span> <span class='ocrx_word' id='word_1_21' title='bbox 369 810 450 890; x_wconf 85' lang='lat' dir='ltr'>hoc</span> <span class='ocrx_word' id='word_1_22' title='bbox 476 806 587 891; x_wconf 91' lang='lat' dir='ltr'>sensu</span> <span class='ocrx_word' id='word_1_23' title='bbox 607 807 841 895; x_wconf 81' lang='lat' dir='ltr'>intellexisse</span> <span class='ocrx_word' id='word_1_24' title='bbox 862 814 1063 923; x_wconf 86' lang='lat' dir='ltr'>nigrorem</span> <span class='ocrx_word' id='word_1_25' title='bbox 1081 807 1265 922; x_wconf 85' lang='lat' dir='ltr'>vitiligini</span> <span class='ocrx_word' id='word_1_26' title='bbox 1288 809 1627 926; x_wconf 68' lang='lat' dir='ltr'>superindusium,</span> 
     </span>
     <span class='ocr_line' id='line_1_5' title="bbox 195 913 1249 1038; baseline 0.009 -41"><span class='ocrx_word' id='word_1_27' title='bbox 195 916 263 1001; x_wconf 92' lang='lat' dir='ltr'>sed</span> <span class='ocrx_word' id='word_1_28' title='bbox 283 913 306 999; x_wconf 77' lang='lat' dir='ltr'>i</span> <span class='ocrx_word' id='word_1_29' title='bbox 321 915 402 1004; x_wconf 89' lang='lat' dir='ltr'>bile</span> <span class='ocrx_word' id='word_1_30' title='bbox 418 923 459 1003; x_wconf 94' lang='lat' dir='ltr'>in</span> <span class='ocrx_word' id='word_1_31' title='bbox 475 924 626 1034; x_wconf 88' lang='lat' dir='ltr'>nigram</span> <span class='ocrx_word' id='word_1_32' title='bbox 642 921 753 1008; x_wconf 58' lang='lat' dir='ltr'>vers&amp;</span> <span class='ocrx_word' id='word_1_33' title='bbox 769 923 939 1038; x_wconf 86' lang='lat' dir='ltr'>pendere</span> <span class='ocrx_word' id='word_1_34' title='bbox 955 919 1249 1006; x_wconf 87' lang='lat' dir='ltr'>arbitrabantur.</span> 
     </span>
    </p>

    <p class='ocr_par' dir='ltr' id='par_1_3' title="bbox 97 1031 1631 1825">
     <span class='ocr_line' id='line_1_6' title="bbox 252 1031 1630 1153; baseline 0.009 -42"><span class='ocrx_word' id='word_1_35' title='bbox 252 1031 344 1112; x_wconf 82' lang='lat' dir='ltr'>Imb</span> <span class='ocrx_word' id='word_1_36' title='bbox 369 1037 494 1147; x_wconf 89' lang='lat' dir='ltr'>potest</span> <span class='ocrx_word' id='word_1_37' title='bbox 516 1037 634 1118; x_wconf 91' lang='lat' dir='ltr'>etiam</span> <span class='ocrx_word' id='word_1_38' title='bbox 659 1036 824 1150; x_wconf 90' lang='lat' dir='ltr'>nigredo</span> <span class='ocrx_word' id='word_1_39' title='bbox 845 1034 914 1119; x_wconf 90' lang='lat' dir='ltr'>illa</span> <span class='ocrx_word' id='word_1_40' title='bbox 931 1034 981 1118; x_wconf 91' lang='lat' dir='ltr'>ad</span> <span class='ocrx_word' id='word_1_41' title='bbox 1005 1033 1169 1119; x_wconf 86' lang='lat' dir='ltr'>salutem</span> <span class='ocrx_word' id='word_1_42' title='bbox 1193 1063 1400 1150; x_wconf 87' lang='lat' dir='ltr'>apparere,</span> <span class='ocrx_word' id='word_1_43' title='bbox 1430 1038 1456 1119; x_wconf 82' lang='lat' dir='ltr'>ss</span> <span class='ocrx_word' id='word_1_44' title='bbox 1484 1037 1630 1153; x_wconf 69' lang='lat' dir='ltr'>nempe</span> 
     </span>
     <span class='ocr_line' id='line_1_7' title="bbox 194 1143 1631 1261; baseline 0.007 -37"><span class='ocrx_word' id='word_1_45' title='bbox 194 1143 342 1226; x_wconf 90' lang='lat' dir='ltr'>humor</span> <span class='ocrx_word' id='word_1_46' title='bbox 361 1149 495 1232; x_wconf 84' lang='lat' dir='ltr'>exiens</span> <span class='ocrx_word' id='word_1_47' title='bbox 509 1148 697 1255; x_wconf 78' lang='lat' dir='ltr'>siccatur,</span> <span class='ocrx_word' id='word_1_48' title='bbox 714 1157 755 1234; x_wconf 67' lang='grc' dir='ltr'>ἃ</span> <span class='ocrx_word' id='word_1_49' title='bbox 769 1151 1033 1233; x_wconf 73' lang='lat' dir='ltr'>exsiccatione</span> <span class='ocrx_word' id='word_1_50' title='bbox 1046 1147 1113 1232; x_wconf 76' lang='lat' dir='ltr'>sul</span> <span class='ocrx_word' id='word_1_51' title='bbox 1126 1152 1167 1231; x_wconf 92' lang='lat' dir='ltr'>in</span> <span class='ocrx_word' id='word_1_52' title='bbox 1182 1150 1337 1261; x_wconf 86' lang='lat' dir='ltr'>nigrum</span> <span class='ocrx_word' id='word_1_53' title='bbox 1349 1153 1532 1250; x_wconf 86' lang='lat' dir='ltr'>vertitur;</span> <span class='ocrx_word' id='word_1_54' title='bbox 1552 1179 1631 1234; x_wconf 91' lang='lat' dir='ltr'>nec</span> 
     </span>
     <span class='ocr_line' id='line_1_8' title="bbox 193 1253 1630 1375; baseline 0.008 -37"><span class='ocrx_word' id='word_1_55' title='bbox 193 1253 358 1341; x_wconf 86' lang='lat' dir='ltr'>feralem</span> <span class='ocrx_word' id='word_1_56' title='bbox 382 1263 611 1375; x_wconf 78' lang='lat' dir='ltr'>prognosim</span> <span class='ocrx_word' id='word_1_57' title='bbox 632 1261 725 1346; x_wconf 72' lang='lat' dir='ltr'>inde</span> <span class='ocrx_word' id='word_1_58' title='bbox 742 1261 862 1346; x_wconf 90' lang='lat' dir='ltr'>video</span> <span class='ocrx_word' id='word_1_59' title='bbox 881 1261 929 1344; x_wconf 93' lang='lat' dir='ltr'>ab</span> <span class='ocrx_word' id='word_1_60' title='bbox 948 1264 1116 1371; x_wconf 87' lang='lat' dir='ltr'>antiquis</span> <span class='ocrx_word' id='word_1_61' title='bbox 1141 1263 1363 1345; x_wconf 87' lang='lat' dir='ltr'>institutam.</span> <span class='ocrx_word' id='word_1_62' title='bbox 1394 1263 1503 1346; x_wconf 88' lang='lat' dir='ltr'>Nam</span> <span class='ocrx_word' id='word_1_63' title='bbox 1522 1262 1630 1374; x_wconf 59' lang='lat' dir='ltr'>aequss</span> 
     </span>
     <span class='ocr_line' id='line_1_9' title="bbox 97 1371 1629 1489; baseline 0.007 -41"><span class='ocrx_word' id='word_1_64' title='bbox 97 1441 100 1448; x_wconf 90' lang='lat'>.</span> <span class='ocrx_word' id='word_1_65' title='bbox 195 1373 411 1456; x_wconf 85' lang='lat' dir='ltr'>curationis</span> <span class='ocrx_word' id='word_1_66' title='bbox 435 1372 625 1459; x_wconf 90' lang='lat' dir='ltr'>facilitate</span> <span class='ocrx_word' id='word_1_67' title='bbox 650 1373 742 1458; x_wconf 91' lang='lat' dir='ltr'>tolli</span> <span class='ocrx_word' id='word_1_68' title='bbox 762 1374 999 1489; x_wconf 87' lang='lat' dir='ltr'>vitiliginem</span> <span class='ocrx_word' id='word_1_69' title='bbox 1022 1382 1063 1458; x_wconf 76' lang='grc' dir='ltr'>δι</span> <span class='ocrx_word' id='word_1_70' title='bbox 1090 1377 1243 1486; x_wconf 89' lang='lat' dir='ltr'>nigram</span> <span class='ocrx_word' id='word_1_71' title='bbox 1265 1371 1427 1486; x_wconf 87' lang='lat' dir='ltr'>alphum</span> <span class='ocrx_word' id='word_1_72' title='bbox 1452 1403 1629 1489; x_wconf 89' lang='lat' dir='ltr'>pronun-</span> 
     </span>
     <span class='ocr_line' id='line_1_10' title="bbox 196 1484 1630 1588; baseline 0.006 -24"><span class='ocrx_word' id='word_1_73' title='bbox 196 1484 295 1566; x_wconf 87' lang='lat' dir='ltr'>tiant</span> <span class='ocrx_word' id='word_1_74' title='bbox 307 1491 384 1588; x_wconf 84' lang='lat' dir='ltr'>(a).</span> <span class='ocrx_word' id='word_1_75' title='bbox 407 1487 523 1570; x_wconf 79' lang='lat' dir='ltr'>Unde</span> <span class='ocrx_word' id='word_1_76' title='bbox 542 1486 777 1572; x_wconf 88' lang='lat' dir='ltr'>crediderim</span> <span class='ocrx_word' id='word_1_77' title='bbox 791 1485 885 1572; x_wconf 89' lang='lat' dir='ltr'>illos</span> <span class='ocrx_word' id='word_1_78' title='bbox 905 1515 1064 1572; x_wconf 90' lang='lat' dir='ltr'>mecum</span> <span class='ocrx_word' id='word_1_79' title='bbox 1083 1487 1331 1586; x_wconf 81' lang='lat' dir='ltr'>consentire3</span> <span class='ocrx_word' id='word_1_80' title='bbox 1352 1485 1516 1573; x_wconf 88' lang='lat' dir='ltr'>morbos</span> <span class='ocrx_word' id='word_1_81' title='bbox 1536 1485 1630 1573; x_wconf 90' lang='lat' dir='ltr'>illos</span> 
     </span>
     <span class='ocr_line' id='line_1_11' title="bbox 197 1595 1630 1716; baseline 0.005 -39"><span class='ocrx_word' id='word_1_82' title='bbox 197 1595 387 1707; x_wconf 88' lang='lat' dir='ltr'>putabant</span> <span class='ocrx_word' id='word_1_83' title='bbox 401 1601 467 1682; x_wconf 90' lang='lat' dir='ltr'>vix</span> <span class='ocrx_word' id='word_1_84' title='bbox 485 1629 661 1710; x_wconf 89' lang='lat' dir='ltr'>unquam</span> <span class='ocrx_word' id='word_1_85' title='bbox 681 1601 833 1707; x_wconf 82' lang='lat' dir='ltr'>saevire,</span> <span class='ocrx_word' id='word_1_86' title='bbox 851 1601 925 1690; x_wconf 85' lang='lat' dir='ltr'>nist</span> <span class='ocrx_word' id='word_1_87' title='bbox 944 1604 984 1684; x_wconf 93' lang='lat' dir='ltr'>in</span> <span class='ocrx_word' id='word_1_88' title='bbox 1003 1629 1074 1686; x_wconf 89' lang='lat' dir='ltr'>eos</span> <span class='ocrx_word' id='word_1_89' title='bbox 1094 1630 1195 1711; x_wconf 89' lang='lat' dir='ltr'>quos</span> <span class='ocrx_word' id='word_1_90' title='bbox 1215 1603 1360 1713; x_wconf 83' lang='lat' dir='ltr'>egestas</span> <span class='ocrx_word' id='word_1_91' title='bbox 1379 1625 1496 1712; x_wconf 88' lang='lat' dir='ltr'>atque</span> <span class='ocrx_word' id='word_1_92' title='bbox 1512 1629 1630 1716; x_wconf 80' lang='lat' dir='ltr'>penu·</span> 
     </span>
     <span class='ocr_line' id='line_1_12' title="bbox 196 1709 1256 1825; baseline 0.009 -37"><span class='ocrx_word' id='word_1_93' title='bbox 196 1711 252 1790; x_wconf 89' lang='lat' dir='ltr'>ria</span> <span class='ocrx_word' id='word_1_94' title='bbox 275 1711 317 1791; x_wconf 92' lang='lat' dir='ltr'>in</span> <span class='ocrx_word' id='word_1_95' title='bbox 341 1714 507 1825; x_wconf 85' lang='lat' dir='ltr'>augustis</span> <span class='ocrx_word' id='word_1_96' title='bbox 532 1720 685 1799; x_wconf 28' lang='lat' dir='ltr'>&amp;iuste</span> <span class='ocrx_word' id='word_1_97' title='bbox 709 1711 932 1798; x_wconf 85' lang='lat' dir='ltr'>carentibus</span> <span class='ocrx_word' id='word_1_98' title='bbox 958 1712 1061 1797; x_wconf 92' lang='lat' dir='ltr'>locis</span> <span class='ocrx_word' id='word_1_99' title='bbox 1087 1709 1256 1798; x_wconf 87' lang='lat' dir='ltr'>inclusrt.</span> 
     </span>
    </p>

    <p class='ocr_par' dir='ltr' id='par_1_4' title="bbox 195 1821 1632 2052">
     <span class='ocr_line' id='line_1_13' title="bbox 252 1821 1632 1940; baseline 0.006 -36"><span class='ocrx_word' id='word_1_100' title='bbox 252 1821 374 1906; x_wconf 92' lang='lat' dir='ltr'>Hanc</span> <span class='ocrx_word' id='word_1_101' title='bbox 393 1852 492 1938; x_wconf 88' lang='lat' dir='ltr'>ergo</span> <span class='ocrx_word' id='word_1_102' title='bbox 511 1825 697 1940; x_wconf 89' lang='lat' dir='ltr'>vitiligini</span> <span class='ocrx_word' id='word_1_103' title='bbox 717 1825 872 1910; x_wconf 93' lang='lat' dir='ltr'>causam</span> <span class='ocrx_word' id='word_1_104' title='bbox 899 1825 1173 1939; x_wconf 78' lang='lat' dir='ltr'>assignabimus</span> <span class='ocrx_word' id='word_1_105' title='bbox 1179 1889 1193 1932; x_wconf 89' lang='lat'>,</span> <span class='ocrx_word' id='word_1_106' title='bbox 1226 1824 1380 1911; x_wconf 90' lang='lat' dir='ltr'>scilicet</span> <span class='ocrx_word' id='word_1_107' title='bbox 1404 1828 1550 1912; x_wconf 77' lang='lat' dir='ltr'>viuum</span> <span class='ocrx_word' id='word_1_108' title='bbox 1578 1854 1632 1912; x_wconf 86' lang='lat' dir='ltr'>ex</span> 
     </span>
     <span class='ocr_line' id='line_1_14' title="bbox 195 1937 1631 2052; baseline 0.004 -36"><span class='ocrx_word' id='word_1_109' title='bbox 195 1938 411 2022; x_wconf 87' lang='lat' dir='ltr'>muriaticis</span> <span class='ocrx_word' id='word_1_110' title='bbox 436 1942 636 2024; x_wconf 68' lang='lat' dir='ltr'>concodu</span> <span class='ocrx_word' id='word_1_111' title='bbox 665 1937 915 2045; x_wconf 88' lang='lat' dir='ltr'>difficilibus,</span> <span class='ocrx_word' id='word_1_112' title='bbox 948 1947 990 2021; x_wconf 75' lang='lat' dir='ltr'>br</span> <span class='ocrx_word' id='word_1_113' title='bbox 1018 1938 1141 2023; x_wconf 84' lang='lat' dir='ltr'>crasso</span> <span class='ocrx_word' id='word_1_114' title='bbox 1172 1965 1290 2048; x_wconf 87' lang='lat' dir='ltr'>atque</span> <span class='ocrx_word' id='word_1_115' title='bbox 1316 1937 1512 2024; x_wconf 90' lang='lat' dir='ltr'>indivulso</span> <span class='ocrx_word' id='word_1_116' title='bbox 1537 1937 1631 2052; x_wconf 91' lang='lat' dir='ltr'>glu-</span> 
     </span>
    </p>
   </div>
   <div class='ocr_carea' id='block_1_3' title="bbox 196 2049 1779 2168">
    <p class='ocr_par' dir='ltr' id='par_1_5' title="bbox 196 2049 1779 2168">
     <span class='ocr_line' id='line_1_15' title="bbox 196 2049 1779 2168; baseline 0.004 -37"><span class='ocrx_word' id='word_1_117' title='bbox 196 2051 279 2132; x_wconf 89' lang='lat' dir='ltr'>tine</span> <span class='ocrx_word' id='word_1_118' title='bbox 307 2049 586 2164; x_wconf 90' lang='lat' dir='ltr'>turgentibus‚</span> <span class='ocrx_word' id='word_1_119' title='bbox 616 2053 644 2134; x_wconf 89' lang='lat' dir='ltr'>sr</span> <span class='ocrx_word' id='word_1_120' title='bbox 674 2077 859 2168; x_wconf 88' lang='lat' dir='ltr'>corrupta</span> <span class='ocrx_word' id='word_1_121' title='bbox 896 2053 970 2135; x_wconf 87' lang='lat' dir='ltr'>srnt</span> <span class='ocrx_word' id='word_1_122' title='bbox 1004 2051 1191 2136; x_wconf 87' lang='lat' dir='ltr'>alimenta</span> <span class='ocrx_word' id='word_1_123' title='bbox 1219 2051 1287 2136; x_wconf 88' lang='lat' dir='ltr'>illa</span> <span class='ocrx_word' id='word_1_124' title='bbox 1316 2077 1433 2163; x_wconf 92' lang='lat' dir='ltr'>atque</span> <span class='ocrx_word' id='word_1_125' title='bbox 1463 2080 1631 2138; x_wconf 89' lang='lat' dir='ltr'>mucore</span> <span class='ocrx_word' id='word_1_126' title='bbox 1763 2069 1779 2090; x_wconf 77' lang='grc'><em>“</em></span> 
     </span>
    </p>
   </div>
   <div class='ocr_carea' id='block_1_4' title="bbox 194 2161 1684 4766">
    <p class='ocr_par' dir='ltr' id='par_1_6' title="bbox 194 2161 1684 4766">
     <span class='ocr_line' id='line_1_16' title="bbox 194 2161 1632 2279; baseline 0.003 -35"><span class='ocrx_word' id='word_1_127' title='bbox 194 2161 351 2246; x_wconf 87' lang='lat' dir='ltr'>fracido</span> <span class='ocrx_word' id='word_1_128' title='bbox 379 2163 616 2271; x_wconf 87' lang='lat' dir='ltr'>diffluentia,</span> <span class='ocrx_word' id='word_1_129' title='bbox 640 2193 686 2250; x_wconf 90' lang='lat' dir='ltr'>ut</span> <span class='ocrx_word' id='word_1_130' title='bbox 704 2169 746 2250; x_wconf 92' lang='lat' dir='ltr'>in</span> <span class='ocrx_word' id='word_1_131' title='bbox 764 2195 926 2250; x_wconf 77' lang='lat' dir='ltr'>annona</span> <span class='ocrx_word' id='word_1_132' title='bbox 941 2164 1123 2279; x_wconf 72' lang='lat' dir='ltr'>penuriis,</span> <span class='ocrx_word' id='word_1_133' title='bbox 1143 2167 1186 2247; x_wconf 92' lang='lat' dir='ltr'>in</span> <span class='ocrx_word' id='word_1_134' title='bbox 1206 2163 1363 2248; x_wconf 85' lang='lat' dir='ltr'>obselsrs</span> <span class='ocrx_word' id='word_1_135' title='bbox 1383 2161 1569 2270; x_wconf 90' lang='lat' dir='ltr'>urbibus,</span> <span class='ocrx_word' id='word_1_136' title='bbox 1587 2168 1632 2249; x_wconf 92' lang='lat' dir='ltr'>in</span> 
     </span>
     <span class='ocr_line' id='line_1_17' title="bbox 196 2272 1632 2393; baseline 0.002 -36"><span class='ocrx_word' id='word_1_137' title='bbox 196 2272 361 2360; x_wconf 91' lang='lat' dir='ltr'>navibus</span> <span class='ocrx_word' id='word_1_138' title='bbox 387 2275 510 2362; x_wconf 90' lang='lat' dir='ltr'>altum</span> <span class='ocrx_word' id='word_1_139' title='bbox 538 2307 608 2393; x_wconf 90' lang='lat' dir='ltr'>per</span> <span class='ocrx_word' id='word_1_140' title='bbox 635 2308 742 2364; x_wconf 87' lang='lat' dir='ltr'>mare</span> <span class='ocrx_word' id='word_1_141' title='bbox 771 2278 1049 2392; x_wconf 77' lang='lat' dir='ltr'>deprehenso,</span> <span class='ocrx_word' id='word_1_142' title='bbox 1080 2305 1198 2388; x_wconf 90' lang='lat' dir='ltr'>atque</span> <span class='ocrx_word' id='word_1_143' title='bbox 1225 2277 1430 2361; x_wconf 75' lang='lat' dir='ltr'>saeviffimis</span> <span class='ocrx_word' id='word_1_144' title='bbox 1460 2279 1632 2360; x_wconf 90' lang='lat' dir='ltr'>hostium</span> 
     </span>
     <span class='ocr_line' id='line_1_18' title="bbox 197 2386 1632 2503; baseline -0.001 -32"><span class='ocrx_word' id='word_1_145' title='bbox 197 2386 433 2473; x_wconf 87' lang='lat' dir='ltr'>carceribus.</span> <span class='ocrx_word' id='word_1_146' title='bbox 471 2390 572 2474; x_wconf 77' lang='lat' dir='ltr'>Hac</span> <span class='ocrx_word' id='word_1_147' title='bbox 599 2393 697 2475; x_wconf 85' lang='lat' dir='ltr'>verb</span> <span class='ocrx_word' id='word_1_148' title='bbox 724 2397 816 2475; x_wconf 73' lang='lat' dir='ltr'>ciam</span> <span class='ocrx_word' id='word_1_149' title='bbox 842 2394 1003 2476; x_wconf 78' lang='lat' dir='ltr'>interius</span> <span class='ocrx_word' id='word_1_150' title='bbox 1028 2391 1077 2474; x_wconf 89' lang='lat' dir='ltr'>ad</span> <span class='ocrx_word' id='word_1_151' title='bbox 1101 2389 1299 2476; x_wconf 86' lang='lat' dir='ltr'>alteranda</span> <span class='ocrx_word' id='word_1_152' title='bbox 1320 2416 1436 2500; x_wconf 88' lang='lat' dir='ltr'>atque</span> <span class='ocrx_word' id='word_1_153' title='bbox 1460 2389 1632 2503; x_wconf 79' lang='lat' dir='ltr'>pessum-</span> 
     </span>
     <span class='ocr_line' id='line_1_19' title="bbox 199 2501 1632 2614; baseline 0.002 -30"><span class='ocrx_word' id='word_1_154' title='bbox 199 2501 326 2585; x_wconf 90' lang='lat' dir='ltr'>danda</span> <span class='ocrx_word' id='word_1_155' title='bbox 363 2502 558 2614; x_wconf 89' lang='lat' dir='ltr'>sanguinis</span> <span class='ocrx_word' id='word_1_156' title='bbox 595 2501 791 2589; x_wconf 87' lang='lat' dir='ltr'>elementa</span> <span class='ocrx_word' id='word_1_157' title='bbox 825 2531 1047 2613; x_wconf 89' lang='lat' dir='ltr'>tonumque</span> <span class='ocrx_word' id='word_1_158' title='bbox 1081 2501 1300 2588; x_wconf 88' lang='lat' dir='ltr'>solidorum</span> <span class='ocrx_word' id='word_1_159' title='bbox 1335 2501 1632 2614; x_wconf 88' lang='lat' dir='ltr'>infringendum</span> 
     </span>
     <span class='ocr_line' id='line_1_20' title="bbox 198 2613 1632 2731; baseline 0.001 -35"><span class='ocrx_word' id='word_1_160' title='bbox 198 2640 344 2727; x_wconf 87' lang='lat' dir='ltr'>agant,</span> <span class='ocrx_word' id='word_1_161' title='bbox 368 2615 395 2697; x_wconf 84' lang='lat' dir='ltr'>fi</span> <span class='ocrx_word' id='word_1_162' title='bbox 415 2614 529 2698; x_wconf 89' lang='lat' dir='ltr'>srmul</span> <span class='ocrx_word' id='word_1_163' title='bbox 548 2613 781 2702; x_wconf 88' lang='lat' dir='ltr'>cohibeatur</span> <span class='ocrx_word' id='word_1_164' title='bbox 799 2615 1056 2731; x_wconf 87' lang='lat' dir='ltr'>perspirabilis</span> <span class='ocrx_word' id='word_1_165' title='bbox 1077 2619 1254 2701; x_wconf 90' lang='lat' dir='ltr'>humoris</span> <span class='ocrx_word' id='word_1_166' title='bbox 1274 2614 1420 2726; x_wconf 93' lang='lat' dir='ltr'>putridi</span> <span class='ocrx_word' id='word_1_167' title='bbox 1436 2613 1603 2699; x_wconf 87' lang='lat' dir='ltr'>effluxus</span> <span class='ocrx_word' id='word_1_168' title='bbox 1614 2673 1632 2722; x_wconf 90' lang='lat'>‚</span> 
     </span>
     <span class='ocr_line' id='line_1_21' title="bbox 200 2725 1634 2844; baseline 0.001 -36"><span class='ocrx_word' id='word_1_169' title='bbox 200 2727 227 2808; x_wconf 90' lang='lat' dir='ltr'>sr</span> <span class='ocrx_word' id='word_1_170' title='bbox 246 2755 312 2812; x_wconf 90' lang='lat' dir='ltr'>aer</span> <span class='ocrx_word' id='word_1_171' title='bbox 326 2726 538 2839; x_wconf 87' lang='lat' dir='ltr'>vaporibus</span> <span class='ocrx_word' id='word_1_172' title='bbox 553 2730 710 2813; x_wconf 87' lang='lat' dir='ltr'>effoetus</span> <span class='ocrx_word' id='word_1_173' title='bbox 726 2733 908 2814; x_wconf 79' lang='lat' dir='ltr'>&amp;vietus</span> <span class='ocrx_word' id='word_1_174' title='bbox 928 2729 1155 2844; x_wconf 87' lang='lat' dir='ltr'>inspiretur,</span> <span class='ocrx_word' id='word_1_175' title='bbox 1172 2728 1352 2836; x_wconf 91' lang='lat' dir='ltr'>viresque</span> <span class='ocrx_word' id='word_1_176' title='bbox 1365 2728 1446 2810; x_wconf 93' lang='lat' dir='ltr'>hoc</span> <span class='ocrx_word' id='word_1_177' title='bbox 1463 2725 1634 2810; x_wconf 79' lang='lat' dir='ltr'>necessa-</span> 
     </span>
     <span class='ocr_line' id='line_1_22' title="bbox 198 2835 1634 2953; baseline -0.001 -29"><span class='ocrx_word' id='word_1_178' title='bbox 198 2843 258 2924; x_wconf 91' lang='lat' dir='ltr'>rio</span> <span class='ocrx_word' id='word_1_179' title='bbox 271 2839 532 2925; x_wconf 87' lang='lat' dir='ltr'>sustentaculo</span> <span class='ocrx_word' id='word_1_180' title='bbox 548 2841 779 2926; x_wconf 76' lang='lat' dir='ltr'>defraudata</span> <span class='ocrx_word' id='word_1_181' title='bbox 793 2835 1060 2926; x_wconf 86' lang='lat' dir='ltr'>collabascant</span> <span class='ocrx_word' id='word_1_182' title='bbox 1067 2902 1081 2946; x_wconf 90' lang='lat'>,</span> <span class='ocrx_word' id='word_1_183' title='bbox 1097 2843 1124 2922; x_wconf 89' lang='lat' dir='ltr'>sr</span> <span class='ocrx_word' id='word_1_184' title='bbox 1141 2844 1259 2924; x_wconf 91' lang='lat' dir='ltr'>animi</span> <span class='ocrx_word' id='word_1_185' title='bbox 1273 2859 1398 2953; x_wconf 81' lang='lat' dir='ltr'>angor</span> <span class='ocrx_word' id='word_1_186' title='bbox 1413 2841 1514 2924; x_wconf 88' lang='lat' dir='ltr'>vires</span> <span class='ocrx_word' id='word_1_187' title='bbox 1529 2839 1634 2951; x_wconf 92' lang='lat' dir='ltr'>pros-</span> 
     </span>
     <span class='ocr_line' id='line_1_23' title="bbox 198 2951 1634 3069; baseline 0.001 -32"><span class='ocrx_word' id='word_1_188' title='bbox 198 2979 326 3038; x_wconf 90' lang='lat' dir='ltr'>ternat</span> <span class='ocrx_word' id='word_1_189' title='bbox 337 2962 378 3038; x_wconf 78' lang='grc' dir='ltr'>ὃ(</span> <span class='ocrx_word' id='word_1_190' title='bbox 390 2983 535 3068; x_wconf 91' lang='lat' dir='ltr'>corpus</span> <span class='ocrx_word' id='word_1_191' title='bbox 548 2956 659 3038; x_wconf 90' lang='lat' dir='ltr'>humi</span> <span class='ocrx_word' id='word_1_192' title='bbox 673 2956 841 3069; x_wconf 88' lang='lat' dir='ltr'>affligat,</span> <span class='ocrx_word' id='word_1_193' title='bbox 853 2952 1028 3040; x_wconf 81' lang='lat' dir='ltr'>validum</span> <span class='ocrx_word' id='word_1_194' title='bbox 1043 2955 1124 3040; x_wconf 92' lang='lat' dir='ltr'>dici</span> <span class='ocrx_word' id='word_1_195' title='bbox 1139 2951 1301 3038; x_wconf 90' lang='lat' dir='ltr'>debebit</span> <span class='ocrx_word' id='word_1_196' title='bbox 1315 2982 1475 3067; x_wconf 91' lang='lat' dir='ltr'>corpus,</span> <span class='ocrx_word' id='word_1_197' title='bbox 1490 2953 1634 3038; x_wconf 79' lang='lat' dir='ltr'>sicutis</span> 
     </span>
     <span class='ocr_line' id='line_1_24' title="bbox 200 3063 1635 3182; baseline -0.001 -32"><span class='ocrx_word' id='word_1_198' title='bbox 200 3069 351 3152; x_wconf 70' lang='lat' dir='ltr'>intactis</span> <span class='ocrx_word' id='word_1_199' title='bbox 370 3069 517 3151; x_wconf 83' lang='lat' dir='ltr'>caeteris</span> <span class='ocrx_word' id='word_1_200' title='bbox 536 3066 803 3155; x_wconf 68' lang='lat' dir='ltr'>functionibus</span> <span class='ocrx_word' id='word_1_201' title='bbox 825 3066 955 3152; x_wconf 91' lang='lat' dir='ltr'>labem</span> <span class='ocrx_word' id='word_1_202' title='bbox 973 3063 1249 3182; x_wconf 71' lang='lat' dir='ltr'>sola&#39;plesiat3</span> <span class='ocrx_word' id='word_1_203' title='bbox 1269 3065 1375 3150; x_wconf 73' lang='lat' dir='ltr'>unde</span> <span class='ocrx_word' id='word_1_204' title='bbox 1393 3068 1511 3149; x_wconf 88' lang='lat' dir='ltr'>etiarn</span> <span class='ocrx_word' id='word_1_205' title='bbox 1532 3095 1635 3149; x_wconf 65' lang='lat' dir='ltr'>con«</span> 
     </span>
     <span class='ocr_line' id='line_1_25' title="bbox 199 3175 1636 3292; baseline -0.001 -29"><span class='ocrx_word' id='word_1_206' title='bbox 199 3175 320 3286; x_wconf 84' lang='lat' dir='ltr'>jicere</span> <span class='ocrx_word' id='word_1_207' title='bbox 347 3177 444 3264; x_wconf 87' lang='lat' dir='ltr'>licet</span> <span class='ocrx_word' id='word_1_208' title='bbox 470 3177 552 3263; x_wconf 76' lang='lat' dir='ltr'>tim</span> <span class='ocrx_word' id='word_1_209' title='bbox 580 3180 629 3265; x_wconf 88' lang='lat' dir='ltr'>ad</span> <span class='ocrx_word' id='word_1_210' title='bbox 651 3180 916 3266; x_wconf 86' lang='lat' dir='ltr'>scorbuticam</span> <span class='ocrx_word' id='word_1_211' title='bbox 950 3180 1057 3268; x_wconf 92' lang='lat' dir='ltr'>luem</span> <span class='ocrx_word' id='word_1_212' title='bbox 1084 3179 1201 3292; x_wconf 74' lang='lat' dir='ltr'>quim</span> <span class='ocrx_word' id='word_1_213' title='bbox 1226 3180 1275 3265; x_wconf 89' lang='lat' dir='ltr'>ad</span> <span class='ocrx_word' id='word_1_214' title='bbox 1305 3182 1486 3292; x_wconf 86' lang='lat' dir='ltr'>herpetes</span> <span class='ocrx_word' id='word_1_215' title='bbox 1511 3176 1636 3264; x_wconf 82' lang='lat' dir='ltr'>vitili-</span> 
     </span>
     <span class='ocr_line' id='line_1_26' title="bbox 201 3290 1635 3408; baseline 0.003 -34"><span class='ocrx_word' id='word_1_216' title='bbox 201 3295 334 3406; x_wconf 88' lang='lat' dir='ltr'>ginem</span> <span class='ocrx_word' id='word_1_217' title='bbox 358 3297 578 3408; x_wconf 89' lang='lat' dir='ltr'>pertinere,</span> <span class='ocrx_word' id='word_1_218' title='bbox 603 3290 761 3406; x_wconf 90' lang='lat' dir='ltr'>ejusque</span> <span class='ocrx_word' id='word_1_219' title='bbox 785 3294 990 3379; x_wconf 91' lang='lat' dir='ltr'>consortio</span> <span class='ocrx_word' id='word_1_220' title='bbox 1013 3296 1101 3380; x_wconf 85' lang='lat' dir='ltr'>ratb</span> <span class='ocrx_word' id='word_1_221' title='bbox 1123 3295 1200 3378; x_wconf 85' lang='lat' dir='ltr'>esse</span> <span class='ocrx_word' id='word_1_222' title='bbox 1221 3297 1452 3377; x_wconf 90' lang='lat' dir='ltr'>immunem.</span> <span class='ocrx_word' id='word_1_223' title='bbox 1483 3292 1545 3375; x_wconf 86' lang='lat' dir='ltr'>Ex</span> <span class='ocrx_word' id='word_1_224' title='bbox 1572 3294 1635 3378; x_wconf 82' lang='lat' dir='ltr'>hie</span> 
     </span>
     <span class='ocr_line' id='line_1_27' title="bbox 202 3406 1635 3517; baseline -0.001 -26"><span class='ocrx_word' id='word_1_225' title='bbox 202 3406 410 3491; x_wconf 91' lang='lat' dir='ltr'>deducitur</span> <span class='ocrx_word' id='word_1_226' title='bbox 433 3437 504 3490; x_wconf 90' lang='lat' dir='ltr'>cur</span> <span class='ocrx_word' id='word_1_227' title='bbox 529 3410 571 3490; x_wconf 90' lang='lat' dir='ltr'>in</span> <span class='ocrx_word' id='word_1_228' title='bbox 597 3411 675 3492; x_wconf 91' lang='lat' dir='ltr'>oris</span> <span class='ocrx_word' id='word_1_229' title='bbox 701 3411 904 3496; x_wconf 89' lang='lat' dir='ltr'>maritimis</span> <span class='ocrx_word' id='word_1_230' title='bbox 930 3406 1148 3494; x_wconf 89' lang='lat' dir='ltr'>calentibus</span> <span class='ocrx_word' id='word_1_231' title='bbox 1173 3434 1291 3517; x_wconf 89' lang='lat' dir='ltr'>atque</span> <span class='ocrx_word' id='word_1_232' title='bbox 1317 3407 1516 3511; x_wconf 84' lang='lat' dir='ltr'>humidis,</span> <span class='ocrx_word' id='word_1_233' title='bbox 1545 3419 1635 3490; x_wconf 76' lang='lat' dir='ltr'>aere</span> 
     </span>
     <span class='ocr_line' id='line_1_28' title="bbox 202 3518 1636 3635; baseline 0.001 -33"><span class='ocrx_word' id='word_1_234' title='bbox 202 3548 286 3602; x_wconf 92' lang='lat' dir='ltr'>non</span> <span class='ocrx_word' id='word_1_235' title='bbox 312 3547 503 3604; x_wconf 92' lang='lat' dir='ltr'>renovato</span> <span class='ocrx_word' id='word_1_236' title='bbox 515 3581 528 3625; x_wconf 89' lang='lat'>‚</span> <span class='ocrx_word' id='word_1_237' title='bbox 552 3529 594 3604; x_wconf 76' lang='lat' dir='ltr'>bt</span> <span class='ocrx_word' id='word_1_238' title='bbox 617 3519 817 3606; x_wconf 77' lang='lat' dir='ltr'>silentibus</span> <span class='ocrx_word' id='word_1_239' title='bbox 840 3524 991 3628; x_wconf 89' lang='lat' dir='ltr'>ventis,</span> <span class='ocrx_word' id='word_1_240' title='bbox 1017 3519 1105 3635; x_wconf 91' lang='lat' dir='ltr'>plus</span> <span class='ocrx_word' id='word_1_241' title='bbox 1127 3518 1231 3605; x_wconf 83' lang='lat' dir='ltr'>illitis</span> <span class='ocrx_word' id='word_1_242' title='bbox 1253 3518 1442 3604; x_wconf 88' lang='lat' dir='ltr'>foeditatis</span> <span class='ocrx_word' id='word_1_243' title='bbox 1464 3521 1636 3633; x_wconf 89' lang='lat' dir='ltr'>reperire</span> 
     </span>
     <span class='ocr_line' id='line_1_29' title="bbox 200 3631 1636 3776; baseline -0.001 -59"><span class='ocrx_word' id='word_1_244' title='bbox 200 3634 280 3717; x_wconf 80' lang='lat' dir='ltr'>stt?</span> <span class='ocrx_word' id='word_1_245' title='bbox 312 3631 396 3715; x_wconf 90' lang='lat' dir='ltr'>Cur</span> <span class='ocrx_word' id='word_1_246' title='bbox 420 3631 489 3715; x_wconf 89' lang='lat' dir='ltr'>illa</span> <span class='ocrx_word' id='word_1_247' title='bbox 512 3632 598 3718; x_wconf 89' lang='lat' dir='ltr'>lues</span> <span class='ocrx_word' id='word_1_248' title='bbox 625 3638 749 3748; x_wconf 88' lang='lat' dir='ltr'>magis</span> <span class='ocrx_word' id='word_1_249' title='bbox 774 3638 817 3718; x_wconf 90' lang='lat' dir='ltr'>in</span> <span class='ocrx_word' id='word_1_250' title='bbox 843 3663 914 3726; x_wconf 90' lang='lat' dir='ltr'>eos</span> <span class='ocrx_word' id='word_1_251' title='bbox 941 3633 1142 3748; x_wconf 88' lang='lat' dir='ltr'>impendat</span> <span class='ocrx_word' id='word_1_252' title='bbox 1166 3636 1234 3744; x_wconf 91' lang='lat' dir='ltr'>qui</span> <span class='ocrx_word' id='word_1_253' title='bbox 1262 3660 1312 3716; x_wconf 87' lang='lat' dir='ltr'>ex</span> <span class='ocrx_word' id='word_1_254' title='bbox 1339 3635 1503 3776; x_wconf 89' lang='lat' dir='ltr'>op&#39;paro</span> <span class='ocrx_word' id='word_1_255' title='bbox 1528 3634 1636 3716; x_wconf 74' lang='lat' dir='ltr'>victu</span> 
     </span>
     <span class='ocr_line' id='line_1_30' title="bbox 201 3741 1672 3862; baseline -0.002 -34"><span class='ocrx_word' id='word_1_256' title='bbox 201 3751 245 3828; x_wconf 73' lang='grc' dir='ltr'>ὅ(</span> <span class='ocrx_word' id='word_1_257' title='bbox 268 3741 480 3829; x_wconf 89' lang='lat' dir='ltr'>abundanti</span> <span class='ocrx_word' id='word_1_258' title='bbox 499 3748 680 3829; x_wconf 91' lang='lat' dir='ltr'>omniurn</span> <span class='ocrx_word' id='word_1_259' title='bbox 699 3776 829 3832; x_wconf 88' lang='lat' dir='ltr'>rerum</span> <span class='ocrx_word' id='word_1_260' title='bbox 849 3745 986 3862; x_wconf 69' lang='lat' dir='ltr'>copiis,</span> <span class='ocrx_word' id='word_1_261' title='bbox 1003 3749 1157 3853; x_wconf 84' lang='lat' dir='ltr'>swevi,</span> <span class='ocrx_word' id='word_1_262' title='bbox 1178 3749 1256 3832; x_wconf 86' lang='lat' dir='ltr'>stve</span> <span class='ocrx_word' id='word_1_263' title='bbox 1273 3771 1422 3830; x_wconf 88' lang='lat' dir='ltr'>mutata</span> <span class='ocrx_word' id='word_1_264' title='bbox 1435 3747 1523 3831; x_wconf 77' lang='lat' dir='ltr'>vita</span> <span class='ocrx_word' id='word_1_265' title='bbox 1543 3772 1636 3827; x_wconf 91' lang='lat' dir='ltr'>con·</span> <span class='ocrx_word' id='word_1_266' title='bbox 1669 3839 1672 3846; x_wconf 25' lang='lat'><strong><em>¹</em></strong></span> 
     </span>
     <span class='ocr_line' id='line_1_31' title="bbox 201 3855 1636 3970; baseline 0 -29"><span class='ocrx_word' id='word_1_267' title='bbox 201 3856 381 3964; x_wconf 88' lang='lat' dir='ltr'>ditione,</span> <span class='ocrx_word' id='word_1_268' title='bbox 400 3857 685 3945; x_wconf 75' lang='lat' dir='ltr'>detruduntur?</span> <span class='ocrx_word' id='word_1_269' title='bbox 704 3861 764 3944; x_wconf 90' lang='lat' dir='ltr'>Ita</span> <span class='ocrx_word' id='word_1_270' title='bbox 783 3885 827 3944; x_wconf 95' lang='lat' dir='ltr'>ut</span> <span class='ocrx_word' id='word_1_271' title='bbox 848 3879 931 3944; x_wconf 81' lang='lat' dir='ltr'>rem</span> <span class='ocrx_word' id='word_1_272' title='bbox 950 3864 1074 3944; x_wconf 67' lang='lat' dir='ltr'>adram</span> <span class='ocrx_word' id='word_1_273' title='bbox 1092 3861 1317 3946; x_wconf 88' lang='lat' dir='ltr'>videremur</span> <span class='ocrx_word' id='word_1_274' title='bbox 1334 3884 1479 3970; x_wconf 86' lang='lat' dir='ltr'>agere,</span> <span class='ocrx_word' id='word_1_275' title='bbox 1500 3857 1529 3939; x_wconf 85' lang='lat' dir='ltr'>st</span> <span class='ocrx_word' id='word_1_276' title='bbox 1551 3855 1636 3941; x_wconf 84' lang='lat' dir='ltr'>diu-</span> 
     </span>
     <span class='ocr_line' id='line_1_32' title="bbox 200 3966 1636 4082; baseline -0.001 -26"><span class='ocrx_word' id='word_1_277' title='bbox 200 3974 277 4056; x_wconf 83' lang='lat' dir='ltr'>tiirs</span> <span class='ocrx_word' id='word_1_278' title='bbox 296 3973 338 4052; x_wconf 94' lang='lat' dir='ltr'>in</span> <span class='ocrx_word' id='word_1_279' title='bbox 360 3975 522 4057; x_wconf 90' lang='lat' dir='ltr'>remotis</span> <span class='ocrx_word' id='word_1_280' title='bbox 548 3973 668 4057; x_wconf 89' lang='lat' dir='ltr'>causrs</span> <span class='ocrx_word' id='word_1_281' title='bbox 689 3969 930 4082; x_wconf 84' lang='lat' dir='ltr'>inquirendis</span> <span class='ocrx_word' id='word_1_282' title='bbox 950 3972 1228 4060; x_wconf 86' lang='lat' dir='ltr'>insudaremus.</span> <span class='ocrx_word' id='word_1_283' title='bbox 1255 3973 1338 4056; x_wconf 91' lang='lat' dir='ltr'>Hic</span> <span class='ocrx_word' id='word_1_284' title='bbox 1358 3973 1410 4054; x_wconf 89' lang='lat' dir='ltr'>est</span> <span class='ocrx_word' id='word_1_285' title='bbox 1430 3966 1499 4052; x_wconf 91' lang='lat' dir='ltr'>ille</span> <span class='ocrx_word' id='word_1_286' title='bbox 1517 3968 1636 4055; x_wconf 70' lang='lat' dir='ltr'>sanai</span> 
     </span>
     <span class='ocr_line' id='line_1_33' title="bbox 202 4079 1635 4202; baseline 0 -35"><span class='ocrx_word' id='word_1_287' title='bbox 202 4085 376 4167; x_wconf 90' lang='lat' dir='ltr'>hominis</span> <span class='ocrx_word' id='word_1_288' title='bbox 391 4082 470 4172; x_wconf 92' lang='lat' dir='ltr'>Job</span> <span class='ocrx_word' id='word_1_289' title='bbox 487 4084 549 4190; x_wconf 82' lang='lat' dir='ltr'>(b)</span> <span class='ocrx_word' id='word_1_290' title='bbox 570 4083 733 4171; x_wconf 89' lang='lat' dir='ltr'>morbus</span> <span class='ocrx_word' id='word_1_291' title='bbox 749 4114 867 4196; x_wconf 91' lang='lat' dir='ltr'>quem</span> <span class='ocrx_word' id='word_1_292' title='bbox 883 4114 929 4171; x_wconf 90' lang='lat' dir='ltr'>ut</span> <span class='ocrx_word' id='word_1_293' title='bbox 941 4090 1103 4202; x_wconf 90' lang='lat' dir='ltr'>inopina</span> <span class='ocrx_word' id='word_1_294' title='bbox 1117 4085 1250 4171; x_wconf 88' lang='lat' dir='ltr'>clades</span> <span class='ocrx_word' id='word_1_295' title='bbox 1266 4083 1315 4166; x_wconf 91' lang='lat' dir='ltr'>ad</span> <span class='ocrx_word' id='word_1_296' title='bbox 1330 4079 1513 4164; x_wconf 91' lang='lat' dir='ltr'>ultimum</span> <span class='ocrx_word' id='word_1_297' title='bbox 1528 4083 1635 4167; x_wconf 72' lang='lat' dir='ltr'>miso</span> 
     </span>
     <span class='ocr_line' id='line_1_34' title="bbox 202 4192 1640 4304; baseline -0.002 -24"><span class='ocrx_word' id='word_1_298' title='bbox 202 4201 264 4280; x_wconf 86' lang='lat' dir='ltr'>riae</span> <span class='ocrx_word' id='word_1_299' title='bbox 286 4196 527 4304; x_wconf 86' lang='lat' dir='ltr'>detruserat,</span> <span class='ocrx_word' id='word_1_300' title='bbox 550 4200 604 4282; x_wconf 90' lang='lat' dir='ltr'>ita</span> <span class='ocrx_word' id='word_1_301' title='bbox 623 4199 789 4284; x_wconf 41' lang='lat' dir='ltr'>restituit*</span> <span class='ocrx_word' id='word_1_302' title='bbox 801 4200 953 4285; x_wconf 89' lang='lat' dir='ltr'>rediens</span> <span class='ocrx_word' id='word_1_303' title='bbox 972 4229 1102 4285; x_wconf 90' lang='lat' dir='ltr'>rerum</span> <span class='ocrx_word' id='word_1_304' title='bbox 1123 4199 1302 4281; x_wconf 83' lang='lat' dir='ltr'>omnium</span> <span class='ocrx_word' id='word_1_305' title='bbox 1323 4192 1571 4278; x_wconf 89' lang='lat' dir='ltr'>abundantia.</span> <span class='ocrx_word' id='word_1_306' title='bbox 1634 4235 1640 4244; x_wconf 66' lang='lat'>=</span> 
     </span>
     <span class='ocr_line' id='line_1_35' title="bbox 260 4309 1638 4427; baseline 0.001 -35"><span class='ocrx_word' id='word_1_307' title='bbox 260 4311 456 4420; x_wconf 90' lang='lat' dir='ltr'>Quamvis</span> <span class='ocrx_word' id='word_1_308' title='bbox 469 4315 509 4394; x_wconf 93' lang='lat' dir='ltr'>in</span> <span class='ocrx_word' id='word_1_309' title='bbox 524 4309 658 4394; x_wconf 90' lang='lat' dir='ltr'>valido</span> <span class='ocrx_word' id='word_1_310' title='bbox 672 4341 865 4427; x_wconf 87' lang='lat' dir='ltr'>corpore,</span> <span class='ocrx_word' id='word_1_311' title='bbox 883 4312 1081 4420; x_wconf 78' lang='lat' dir='ltr'>causisque</span> <span class='ocrx_word' id='word_1_312' title='bbox 1096 4338 1177 4391; x_wconf 95' lang='lat' dir='ltr'>non</span> <span class='ocrx_word' id='word_1_313' title='bbox 1191 4310 1408 4421; x_wconf 89' lang='lat' dir='ltr'>perpetuis,</span> <span class='ocrx_word' id='word_1_314' title='bbox 1429 4335 1505 4392; x_wconf 88' lang='lat' dir='ltr'>nec</span> <span class='ocrx_word' id='word_1_315' title='bbox 1522 4309 1638 4394; x_wconf 81' lang='lat' dir='ltr'>vehe-</span> 
     </span>
     <span class='ocr_line' id='line_1_36' title="bbox 202 4421 1637 4530; baseline -0.001 -24"><span class='ocrx_word' id='word_1_316' title='bbox 202 4423 460 4530; x_wconf 85' lang='lat' dir='ltr'>mentissrmis,</span> <span class='ocrx_word' id='word_1_317' title='bbox 473 4421 750 4529; x_wconf 88' lang='lat' dir='ltr'>-juremorbum</span> <span class='ocrx_word' id='word_1_318' title='bbox 762 4429 869 4509; x_wconf 89' lang='lat' dir='ltr'>hunc</span> <span class='ocrx_word' id='word_1_319' title='bbox 882 4429 983 4508; x_wconf 91' lang='lat' dir='ltr'>inter</span> <span class='ocrx_word' id='word_1_320' title='bbox 992 4422 1123 4508; x_wconf 89' lang='lat' dir='ltr'>lentos</span> <span class='ocrx_word' id='word_1_321' title='bbox 1135 4448 1399 4525; x_wconf 90' lang='lat' dir='ltr'>numeremus,</span> <span class='ocrx_word' id='word_1_322' title='bbox 1411 4449 1492 4503; x_wconf 94' lang='lat' dir='ltr'>non</span> <span class='ocrx_word' id='word_1_323' title='bbox 1502 4446 1637 4505; x_wconf 91' lang='lat' dir='ltr'>tamen</span> 
     </span>
     <span class='ocr_line' id='line_1_37' title="bbox 204 4531 1684 4648; baseline -0.003 -28"><span class='ocrx_word' id='word_1_324' title='bbox 204 4565 298 4620; x_wconf 90' lang='lat' dir='ltr'>cum</span> <span class='ocrx_word' id='word_1_325' title='bbox 312 4539 481 4648; x_wconf 89' lang='lat' dir='ltr'>antiquis</span> <span class='ocrx_word' id='word_1_326' title='bbox 497 4537 547 4622; x_wconf 88' lang='lat' dir='ltr'>de</span> <span class='ocrx_word' id='word_1_327' title='bbox 564 4534 769 4623; x_wconf 88' lang='lat' dir='ltr'>securitate</span> <span class='ocrx_word' id='word_1_328' title='bbox 784 4567 902 4648; x_wconf 92' lang='lat' dir='ltr'>quarn</span> <span class='ocrx_word' id='word_1_329' title='bbox 915 4539 997 4620; x_wconf 91' lang='lat' dir='ltr'>hoc</span> <span class='ocrx_word' id='word_1_330' title='bbox 1014 4532 1159 4620; x_wconf 89' lang='lat' dir='ltr'>morbo</span> <span class='ocrx_word' id='word_1_331' title='bbox 1176 4531 1322 4620; x_wconf 73' lang='lat' dir='ltr'>affectis</span> <span class='ocrx_word' id='word_1_332' title='bbox 1336 4531 1530 4647; x_wconf 91' lang='lat' dir='ltr'>spondent</span> <span class='ocrx_word' id='word_1_333' title='bbox 1545 4563 1638 4618; x_wconf 42' lang='lat' dir='ltr'>con·w</span> <span class='ocrx_word' id='word_1_334' title='bbox 1681 4539 1684 4546; x_wconf 83' lang='grc'><strong>’</strong></span> 
     </span>
     <span class='ocr_line' id='line_1_38' title="bbox 203 4645 1643 4766; baseline -0.002 -35"><span class='ocrx_word' id='word_1_335' title='bbox 203 4650 390 4734; x_wconf 90' lang='lat' dir='ltr'>sentimus</span> <span class='ocrx_word' id='word_1_336' title='bbox 414 4682 427 4752; x_wconf 82' lang='lat'>3</span> <span class='ocrx_word' id='word_1_337' title='bbox 451 4650 698 4765; x_wconf 88' lang='lat' dir='ltr'>putrescente</span> <span class='ocrx_word' id='word_1_338' title='bbox 718 4653 826 4736; x_wconf 90' lang='lat' dir='ltr'>enim</span> <span class='ocrx_word' id='word_1_339' title='bbox 843 4646 1006 4766; x_wconf 74' lang='lat' dir='ltr'>lymphis</span> <span class='ocrx_word' id='word_1_340' title='bbox 1025 4645 1286 4764; x_wconf 90' lang='lat' dir='ltr'>perspirabili,</span> <span class='ocrx_word' id='word_1_341' title='bbox 1309 4671 1471 4736; x_wconf 75' lang='lat' dir='ltr'>ceteros</span> <span class='ocrx_word' id='word_1_342' title='bbox 1495 4650 1643 4763; x_wconf 90' lang='lat' dir='ltr'>pariter·</span> 
     </span>
    </p>
   </div>
   <div class='ocr_carea' id='block_1_5' title="bbox 241 4823 747 4988">
    <p class='ocr_par' dir='ltr' id='par_1_7' title="bbox 241 4823 747 4988">
     <span class='ocr_line' id='line_1_39' title="bbox 246 4823 747 4902; baseline 0.014 -15"><span class='ocrx_word' id='word_1_343' title='bbox 246 4831 260 4902; x_wconf 88' lang='lat'>(</span> <span class='ocrx_word' id='word_1_344' title='bbox 269 4833 308 4899; x_wconf 82' lang='lat' dir='ltr'>a)</span> <span class='ocrx_word' id='word_1_345' title='bbox 328 4825 371 4891; x_wconf 83' lang='lat' dir='ltr'>V.</span> <span class='ocrx_word' id='word_1_346' title='bbox 392 4823 539 4888; x_wconf 77' lang='lat' dir='ltr'>Gorraeum</span> <span class='ocrx_word' id='word_1_347' title='bbox 557 4825 652 4888; x_wconf 82' lang='lat' dir='ltr'>Delio.</span> <span class='ocrx_word' id='word_1_348' title='bbox 671 4827 747 4894; x_wconf 74' lang='lat' dir='ltr'>Mea</span> 
     </span>
     <span class='ocr_line' id='line_1_40' title="bbox 241 4905 667 4988; baseline 0.007 -18"><span class='ocrx_word' id='word_1_349' title='bbox 241 4905 303 4988; x_wconf 78' lang='lat' dir='ltr'>(b)</span> <span class='ocrx_word' id='word_1_350' title='bbox 324 4907 424 4974; x_wconf 71' lang='lat' dir='ltr'>mear.</span> <span class='ocrx_word' id='word_1_351' title='bbox 446 4907 556 4972; x_wconf 79' lang='lat' dir='ltr'>Medica</span> <span class='ocrx_word' id='word_1_352' title='bbox 575 4909 667 4974; x_wconf 85' lang='lat' dir='ltr'>Sacra.</span> 
     </span>
    </p>
   </div>
   <div class='ocr_carea' id='block_1_6' title="bbox 1336 4991 1413 5104">
    <p class='ocr_par' dir='ltr' id='par_1_8' title="bbox 1336 4991 1413 5104">
     <span class='ocr_line' id='line_1_41' title="bbox 1336 4991 1413 5104; baseline 0 0"><span class='ocrx_word' id='word_1_353' title='bbox 1336 4991 1413 5104; x_wconf 77' lang='lat' dir='ltr'>Yv</span> 
     </span>
    </p>
   </div>
   <div class='ocr_carea' id='block_1_7' title="bbox 0 0 2107 5908">
    <p class='ocr_par' dir='ltr' id='par_1_9' title="bbox 0 0 2107 5908">
     <span class='ocr_line' id='line_1_42' title="bbox 0 0 2107 5908; baseline 0 0"><span class='ocrx_word' id='word_1_354' title='bbox 0 0 2107 5908; x_wconf 95' lang='lat' dir='ltr'> </span> 
     </span>
    </p>
   </div>
  </div>
 </body>
</html>
