4186 5908
465 446 549 528 ard
676 511 679 522 .
842 437 1008 546 ¹DE
1077 433 1441 524 MORBIS

467 603 579 687 mbm
593 631 755 691 nocent.
773 605 833 692 Ita
850 603 1034 689 adfinem
1049 599 1293 718 paroxysmi,
1315 626 1397 685 arte
1412 593 1653 716 opitulante,
1672 619 1811 684 natura
1830 627 1909 688 nos

470 715 652 825 deducit,
678 745 853 830 tuncque
867 719 1048 831 proxima
1063 718 1257 810 esto'cura
1276 741 1321 798 ut
1340 715 1579 798 secretiones
1601 740 1742 797 omnes
1762 715 1909 799 humo·

466 853 557 912 rum
571 827 730 915 liberius
746 834 840 915 fiant
854 838 895 914 dr
907 825 1194 944 paulb'uberibs
1201 887 1218 935 ,
1232 826 1338 912 unde
1348 829 1477 911 accita
1491 825 1631 910 sensam
1643 827 1828 911 maneries
1839 857 1909 913 no

467 967 565 1026 cens
586 951 627 1026 dr
642 943 738 1056 pure
751 945 1049 1027 excremenritia
1064 941 1198 1026 alvum
1211 965 1253 1025 re
1280 943 1377 1025 erint
1392 937 1556 1023 liberam
1571 965 1690 1050 atque
1703 964 1908 1052 patentem

468 1077 669 1170 perquam
683 1055 827 1141 feratur
845 1053 914 1140 illa
925 1057 1031 1166 quast
1042 1053 1221 1142 declivis.
1238 971 1333 1164 dui
1347 1051 1508 1166 quidem
1526 1055 1569 1136 in
1586 1055 1742 1136 ratione
1761 1055 1908 1168 agendi

466 1163 682 1280 plurimum
706 1168 864 1253 confert
874 1230 890 1279 ‚
911 1193 1036 1252 verno
1057 1174 1097 1251 dr
1119 1163 1339 1252 autumnali
1358 1165 1566 1280 prasertim
1585 1191 1797 1281 tempore,
1850 1199 1906 1252 uo

445 1361 447 1366 .
467 1279 681 1363 succorum
703 1281 1015 1398 saponaceorum
1037 1277 1194 1365 ubertas
1212 1283 1352 1394 ingens
1371 1273 1520 1392 plantas
1540 1275 1675 1384 alluit,
1698 1277 1790 1362 usus
1808 1195 1908 1364 ido-

468 1389 557 1474 rutn
575 1392 858 1506 vegetabilium
878 1397 947 1504 qui
967 1387 1048 1478 leni
1070 1392 1372 1507 saponaceoque
1393 1390 1514 1476 succo
1535 1392 1787 1506 turgescunt,
1812 1421 1908 1592 qua·

297 1515 302 1522 '
466 1503 550 1588 lem
572 1508 744 1620 praeliant
765 1510 973 1614 cichoria,
995 1529 1250 1612 taraxacum,
1277 1503 1440 1610 sonehi,
1467 1527 1534 1588 aut
1551 1506 1752 1618 potentius
1778 1532 1821 1589 re
1840 1505 1909 1588 ol-

466 1637 605 1702 ventea
634 1621 804 1705 nummi
830 1629 872 1705 dt
903 1618 1115 1725 similium,
1145 1619 1350 1724 firmariae,
1388 1620 1612 1732 eupatorii,
1645 1619 1904 1730 agrimonia,

466 1723 746 1844 therophill-i,
774 1724 1046 1848 scolopendril
1070 1729 1298 1837 facultates,
1328 1755 1499 1840 quorum
1521 1729 1688 1816 decutit
1709 1727 1812 1814 levia
1835 1732 1905 1815 diis

369 1929 374 1938 ,
469 1841 711 1929 &oblimare
723 1845 946 1930 a'llu'rnenda
963 1844 1223 1956 3'imb,quod
1238 1845 1438 1958 potentius
1451 1845 1527 1949 est,
1546 1869 1687 1927 eorum
1700 1841 1829 1926 succis
1844 1845 1909 1930 de-

465 1959 614 2068 putatis
635 1957 892 2072 remiscentur
912 1956 1131 2071 saponacea
1155 1955 1246 2070 salia
1258 2017 1273 2064 ,
1301 1953 1430 2076 qualia
1453 1957 1627 2072 prestant
1648 1981 1750 2042 terra
1770 1961 1905 2043 tartari

465 2067 627 2173 solnta,
652 2069 748 2182 sales
770 2073 841 2153 fixi
860 2073 1110 2176 taclteniani,
1130 2067 1271 2181 quibus
1290 2066 1507 2183 plantantm
1524 2071 1645 2152 virtus
1662 2067 1761 2152 adau
1792 2093 1904 2178 etur,

467 2173 696 2296 dbnrllntul
717 2183 874 2298 spiculis
892 2181 1025 2267 salinis
1039 2181 1137 2266 bilis
1157 2185 1288 2269 exitus
1310 2205 1577 2294 provocatur,
1601 2207 1652 2266 ne
1675 2209 1719 2264 cr
1773 2209 1836 2265 ror
1854 2183 1906 2268 ad

466 2313 603 2406 nutent
624 2293 782 2379 seratur.
815 2293 1160 2408 SalUvegatabile,
1190 2285 1258 2378 aui
1282 2291 1557 2406 cupellanum,
1590 2291 1655 2378 vel
1675 2292 1905 2379 admirabile

468 2404 672 2519 glauben,
699 2407 768 2492 vel
792 2394 972 2517 solvendi
994 2411 1140 2496 vinntre
1160 2401 1421 2521 praestantiora
1445 2431 1630 2493 arcanum
1657 2403 1904 2522 duplicatum

466 2527 512 2603 dt
531 2517 593 2602 'sb'l
612 2515 872 2630 ebshatnense
902 2533 1041 2605 neultra
1072 2518 1197 2636 spicul
1245 2515 1437 2603 solventia
1464 2518 1536 2602 bili
1568 2517 1750 2627 addunt,
1770 2518 1914 2604 ‘facile

468 2625 677 2716 solvuntur
697 2641 742 2717 dt
763 2632 842 2716 alre
862 2651 1067 2746 &laedant
1083 2626 1167 2732 dds
1230 2629 1457 2748 taplurima'
1479 2629 1612 2715 similis
1633 2629 1791 2714 *fabrice
1804 2631 1901 2746 pos-

467 2745 557 2858 sunt
576 2765 649 2858 pro
669 2768 711 2830 re
731 2744 821 2829 n'at’l
838 2745 1056 2830 admisceri.
1088 2745 1477 2851 Identidem'tamen,
1504 2769 1555 2828 ne
1569 2745 1713 2856 stagnet
1725 2746 1900 2852 humor,

445 2857 681 2941 'tardiorem
703 2883 773 2970 aut
793 2861 921 2970 naam
940 2853 1139 2942 mobilem
1160 2853 1295 2942 alvum
1321 2854 1540 2940 'sollicitare
1566 2855 1719 2940 licuerit
1738 2855 1901 2941 cathar-

466 2973 552 3052 tic'o
563 2967 706 3052 leviori
714 3027 728 3075 ,
742 2964 1080 3081 quaeritantibus
1090 2963 1582 3084 adimpleaufpapularum,
1598 2967 1663 3051 aut
1671 2965 1900 3076 tebaldum,

467 3104 535 3163 aut
553 3086 839 3166 recurrentium
862 3082 1027 3165 sanatio.
1059 3077 1391 3183 Nauuaeeunete
1419 3085 1624 3202 postquam
1642 3079 1783 3166 sedarat
1809 3077 1902 3168 sunt

467 3189 696 3278 rebellionis
718 3215 839 3306 arque
863 3193 1092 3310 pervicacia
1113 3196 1264 3308 tignum
1286 3197 1338 3279 est
1363 3199 1590 3279 marimum.

522 3303 664 3390 Rebus
684 3308 725 3389 in
745 3309 852 3391 vado
873 3309 1117 3414 cotffllturia,
1143 3317 1377 3422 &corpore
1399 3310 1551 3422 puriori
1578 3307 1682 3390 fabio
1693 3366 1707 3412 ,
1742 3304 1820 3414 iam
1848 3305 1900 3391 ad

466 3417 843 3535 perspiaatoria'vasa
865 3419 945 3532 sese
970 3421 1095 3504 nostra
1121 3417 1221 3504 seret
1249 3422 1427 3505 attentio.
1459 3420 1557 3503 Hac
1581 3420 1703 3532 porro
1725 3423 1900 3534 patentia

464 3531 1640 3759 vitatenusinstruuntur

403 3851 409 3866 ,
462 3755 669 3843 reddendae
688 3757 967 3854 tantumnrpdb
988 3758 1196 3842 inserviant
1217 3789 1229 3859 ς
1250 3757 1326 3841 sed
1349 3761 1389 3840 in
1413 3762 1459 3843 iis
1482 3761 1564 3864 ira,
1584 3763 1626 3841 ot
1646 3783 1831 3872 tempore
1853 3767 1897 3843 dt

464 3872 768 3955 continuatione
788 3869 1034 3955 addendum
1044 3933 1058 3980 ,
1078 3897 1123 3954 ut
1142 3874 1280 3984 ingens
1300 3871 1368 3954 fiat
1386 3869 1524 3982 liquidi
1543 3873 1659 3982 aquei
1678 3869 1896 3974 mollientia

463 4007 532 4095 per
551 3982 642 4068 vasa
660 4009 797 4124 aperta
812 3982 1022 4096 tesotprio.
1059 3984 1267 4094 Quoniam
1291 3982 1359 4066 illa
1379 3985 1571 4099 resorptio
1583 4006 1792 4094 nunquam
1812 3983 1897 4068 sor-

462 4097 543 4176 tior
561 4099 614 4177 eli
632 4125 749 4205 quam
769 4092 965 4206 luidonis
985 4093 1247 4208 corporibus,
1270 4094 1447 4210 proderit
1462 4097 1547 4212 ‘ipsa
1565 4093 1698 4204 jejuno
1715 4121 1896 4210 corpore

461 4207 504 4288 n
522 4191 633 4288 aaa
654 4228 854 4295 mnae.
875 4207 1001 4295 caat
1022 4205 1203 4292 tentaret
1223 4215 1264 4292 a
1286 4205 1624 4326 manasseas
1643 4207 1776 4293 aaa<
1796 4182 1897 4293 ion.
1936 4315 1944 4326 ‚

461 4315 606 4400 dorum
628 4322 735 4513 tqgor
758 4331 801 4406 dt
817 4319 1055 4407 ¹humoribus
1080 4319 1236 4407 indoleo
1260 4342 1383 4434 aquea
1409 4315 1582 4407 redditur
1585 4353 1610 4456 q
1628 4329 1678 4405 dt
1691 4325 1897 4433 quoniam

460 4428 607 4512 acredo
657 4431 727 4516 ete
766 4433 915 4547 semper
951 4433 975 4519 i
1006 4432 1118 4542 'sale,
1147 4437 1279 4520 minos
1307 4432 1433 4520 'salina
1465 4433 1620 4520 indoles
1656 4434 1896 4522 humoribus

459 4539 750 4628 conciliabitur.
780 4544 973 4632 'Praetereb
1003 4551 1100 4632 verb
1129 4553 1317 4660 quantum
1350 4549 1587 4634 restituenda
1621 4547 1896 4662 perspirationi

457 4643 637 4763 adebque
667 4656 931 4744 miasmatibus
959 4659 1207 4772 expellendis
1237 4661 1369 4776 tepida
1394 4659 1536 4745 balnea
1561 4659 1775 4746 conserant
1801 4660 1895 4747 satis

289 4865 294 4874 Ι
454 4765 613 4854 aliundb
633 4789 773 4848 notum
795 4774 876 4879 est,
900 4773 1125 4884 'quantulo
1150 4779 1339 4886 quantiam
1363 4771 1578 4906 inpapulis
1604 4769 1776 4860 debunt
1793 4803 1894 4908 pro-

454 4875 560 4971 dede
579 4878 743 4970 elidem
759 4884 824 4978 est.
850 4883 1007 5004 Tepida
1020 4909 1158 4978 tanen
1178 4889 1287 5000 egris
1302 4891 1576 5002 precipiantur
1583 4949 1601 4998 ,
1615 4913 1699 4981 aon
1710 4885 1863 4982 fevada
1870 4946 1894 5005 5
