4190 5884
470 437 536 536 *at
719 423 824 528 DE.
872 417 1187 530 Menum
1244 425 1650 518 cursuum.

476 633 597 724 atque
612 605 836 692 emittendis
854 598 1061 688 sudoribus
1076 595 1153 684 illis
1168 597 1344 706 criticis,
1364 602 1541 710 quicum
1555 599 1596 681 in
1612 593 1791 682 cellulari
1806 592 1911 681 cutis

476 747 590 809 textu
613 723 815 805 materiem
838 715 1087 802 morbifieam
1113 711 1308 828 expulerit
1326 739 1464 798 natura
1477 712 1639 846 ,Uipsam
1665 739 1734 826 per
1754 709 1912 824 amplis-

326 855 331 864 '
472 839 597 922 simos
621 837 727 920 rivos
752 838 794 916 in
818 828 992 917 febribus
1017 853 1084 914 aut
1109 825 1260 912 morbis
1283 828 1542 942 depuratoms
1558 851 1750 910 avertunt.
1778 822 1912 934 Quod

469 947 575 1064 saepb
601 977 693 1033 cum
724 957 766 1032 dt
793 943 966 1033 vacuatis
1000 949 1042 1028 dt
1073 944 1263 1026 exhaustis
1300 937 1534 1056 corporibus
1563 941 1746 1044 accidat,
1775 935 1798 1020 a
1823 933 1910 1020 sold

477 1088 620 1148 naturae
638 1065 789 1148 irritata
809 1063 850 1144 vi
874 1057 1114 1143 beneficium
1134 1053 1235 1140 illud
1246 1051 1300 1140 ‘ex
1354 1055 1536 1140 &andum
1560 1057 1634 1160 est,
1652 1048 1785 1138 frustrd
1800 1053 1908 1142 euim

469 1173 686 1260 conatibus
707 1175 821 1260 irritis
854 1166 1083 1280 infelicique
1113 1166 1251 1255 labore
1277 1083 1488 1283 adduandb
1508 1197 1569 1253 ars
1592 1193 1760 1253 conatur
1781 1191 1911 1251 oemu-

475 1285 547 1374 lari
563 1289 674 1404 quod
684 1287 759 1374 soli
773 1287 873 1373 eutis
887 1286 927 1369 vi
941 1285 1085 1367 tonicae
1099 1281 1276 1370 debetur.

814 1471 1370 1598 axT1eunus
1454 1507 1555 1596 vt

463 1671 660 1855 'uastae
677 1737 788 1824 caus
801 1719 1100 1854 aaumpams
1113 1735 1382 1853 natasset
1398 1731 1507 1822 cua
1521 1761 1607 1819 cum
1623 1727 1907 1846 stuparum.

528 1959 774 2073 Hucusque
802 1963 891 2048 satis
918 1963 1224 2050 demonstratum
1250 1963 1490 2050 confidimus
1518 1957 1668 2046 nullam
1694 1955 1773 2041 elle
1799 1955 1906 2040 eutis

470 2099 650 2191 partem,
673 2077 700 2158 st
719 2073 883 2162 callosas
898 2083 1122 2194 exceperis,
1146 2109 1229 2190 quae
1253 2079 1362 2164 sensu
1378 2107 1461 2162 non
1487 2077 1657 2161 donetur
1679 2097 1828 2169 acuto;
1848 2073 1905 2153 ita

470 2211 605 2272 tamen
629 2189 868 2300 inaequaliter
893 2189 1138 2276 destribuitur
1161 2192 1291 2277 sensus
1316 2189 1413 2300 ille,
1441 2217 1486 2274 ut
1511 2197 1597 2304 pars
1621 2187 1698 2271 alia
1725 2185 1828 2268 cutis
1854 2182 1905 2266 ad

468 2303 618 2386 tadum
639 2303 828 2416 aptiffima
847 2307 919 2410 stt,
944 2314 990 2390 dt
1017 2309 1217 2392 variorum
1240 2333 1457 2422 corporum
1479 2327 1734 2387 externorum
1754 2297 1905 2380 formas

468 2437 589 2524 atque
601 2418 856 2530 proprietates
872 2405 1080 2505 distinctius
1095 2418 1427 2536 comprehendas
1440 2415 1515 2500 alia
1523 2414 1738 2499 titillationi
1753 2407 1904 2492 summd

469 2531 602 2612 acutie
625 2525 832 2615 sentienda
854 2533 1025 2616 maxime
1041 2534 1186 2618 idonea
1195 2535 1259 2617 'sin
1279 2530 1360 2616 111ae
1370 2558 1507 2615 autem
1519 2531 1792 2644 proprietates,
1805 2520 1905 2605 licet

467 2635 493 2720 d
514 2667 727 2726 nervorum
747 2645 937 2727 structure
957 2645 1176 2731 diversrtare
1195 2645 1417 2760 pendeant,
1431 2668 1564 2726 tamen
1583 2637 1761 2756 inspefiiis
1784 2661 1903 2744 atque

466 2749 620 2836 summi
641 2753 806 2840 diffettis
830 2755 899 2840 dili
928 2755 1033 2841 entid
1053 2763 1182 2843 nervis
1210 2755 1318 2840 nullal
1344 2759 1498 2841 ratione
1525 2754 1684 2869 pollunt
1708 2749 1900 2853 divinari,

464 2870 511 2950 dt
529 2867 612 2949 haec
637 2871 788 2951 tantum
814 2869 864 2953 de
887 2785 1044 2954 dversrs
1059 2870 1169 2955 varii·
1179 2873 1333 2982 generis
1349 2867 1519 2952 sensibus
1543 2868 1687 2950 scimus
1709 2897 1719 2947 ε
1745 2858 1902 2945 sensum

466 2977 521 3060 eb
546 2979 672 3090 magis
692 2983 828 3092 vigere
848 2981 930 3092 quo
955 2986 1060 3064 cutis
1082 2986 1213 3096 magis
1235 2983 1414 3064 tensione
1458 2979 1602 3088 audet,
1623 2981 1705 3090 quo
1722 2973 1902 3060 exilitate

466 3089 658 3172 strudurae
677 3095 801 3205 magis
829 3091 975 3176 donata
1004 3097 1082 3201 est,
1111 3097 1193 3206 qub
1219 3092 1307 3208 plus
1331 3011 1503 3208 partibus
1528 3089 1705 3200 subjediis
1728 3085 1903 3201 apprella

467 3202 535 3286 cst.
564 3201 652 3316 Ipse
683 3203 802 3318 adeps
825 3201 1044 3312 subjeuus,
1065 3215 1109 3290 ὅ(
1132 3208 1318 3291 mucosus
1338 3211 1484 3290 humor
1504 3203 1670 3288 cellulas
1694 3199 1900 3315 implens,

452 3313 710 3424 obesamque
736 3315 928 3425 reddens,
957 3317 1174 3406 sensilitatis
1229 3345 1352 3405 artem
1380 3319 1575 3419 detrahit3
1602 3343 1642 3400 at
1669 3315 1763 3401 vere
1796 3343 1900 3398 nun-

467 3457 586 3539 quam
612 3431 713 3542 perit
741 3429 872 3515 sensus
905 3435 947 3514 in
982 3457 1112 3542 cute,
1148 3351 1227 3516 nilll
1254 3441 1336 3517 aut‘
1358 3432 1575 3538 destrueto,
1602 3456 1672 3515 aut
1700 3428 1898 3514 obstruttu

466 3544 570 3626 inter
603 3567 747 3626 neruos
782 3547 865 3628 cuti
907 3543 1148 3662 appellentes
1190 3573 1309 3658 atque
1350 3543 1558 3631 cerebrum
1602 3543 1851 3628 commercio
1879 3599 1896 3648 ,

465 3651 649 3764 adeoque
678 3651 768 3739 natl
798 3654 988 3852 paralys13
1015 3665 1156 3744 verbm
1181 3657 1310 3745 sensus
1336 3664 1381 3743 in
1406 3685 1499 3743 cute
1525 3656 1644 3742 latior
1671 3659 1751 3764 est,
1776 3651 1895 3766 quim

468 3769 536 3878 qui
555 3768 688 3882 primo
702 3793 800 3965 pate
830 3797 869 3854 at
888 3771 1062 3887 aspedu3
1083 3777 1189 3858 enirn
1203 3776 1300 3864 ved>
1320 3770 1403 3882 ejus
1425 3773 1684 3857 intensrtatem
1706 3768 1803 3852 mire
1824 3799 1896 3852 au-

463 3903 562 4076 pent
586 3887 667 3963 tion
719 3881 832 3966 oliam
862 3887 1148 3971 incurrentium
1169 3915 1385 4018 corporum
1413 3911 1667 3970 externorum
1693 3886 1746 3964 im
1776 3886 1862 3966 etus
1876 3943 1895 3989 ,

482 3991 531 4077 ed
555 3995 675 4078 etiam
696 4021 844 4080 mutata
869 3995 1041 4131 plurium
1055 4003 1223 4116 partium
1246 4023 1484 4082 internarum
1505 3995 1701 4080 conditio.
1717 3913 1894 4078 illenim

465 4105 578 4190 datur
602 4107 766 4192 aliarum
786 4137 954 4226 paruum
972 4113 1018 4194 in
1042 4137 1176 4196 cutem
1197 4115 1327 4218 aelio,
1356 4115 1409 4195 ita
1434 4111 1539 4192 cutis
1559 4109 1700 4224 pariter
1718 4109 1821 4190 adio
1850 4108 1893 4190 in

464 4215 557 4304 alias
585 4207 713 4336 part'es
744 4226 882 4310 existit
907 4221 1087 4310 Tbeuria
1111 4223 1271 4336 quidem
1294 4227 1359 4308 hic
1386 4221 1482 4337 sepe
1509 4223 1703 4328 occurit,
1733 4220 1892 4303 summae

443 4359 594 4418 rerum
609 4335 849 4420 internarum
865 4336 988 4423 cause
1010 4335 1226 4422 intelletui
1252 4339 1426 4420 humano
1446 4363 1527 4418 non
1545 4331 1892 4450 comprehendun-

462 4471 555 4550 tur,
591 4474 652 4530 res
675 4447 763 4562 ipsse
789 4475 976 4644 apppetent
987 4511 1001 4556 ,
1022 4459 1062 4536 dt
1081 4449 1284 4536 effedibus
1299 4445 1627 4564 comprobantur.

529 4555 763 4644 Primarium
814 4561 926 4644 ossan
957 4587 1051 4646 cum
1076 4591 1171 4650 cute
1194 4563 1429 4650 consensum
1453 4559 1609 4644 obtinet
1630 4556 1889 4647 ventriculus.

461 4671 561 4758 Non
581 4675 688 4757 enim
709 4673 927 4760 inauditum
949 4675 1030 4784 est,
1044 4704 1120 4762 nec
1142 4705 1270 4763 rarum
1283 4740 1298 4784 ,
1322 4673 1492 4761 immillo
1505 4675 1605 4756 intra
1621 4671 1889 4759 ventriculum

438 4813 635 4902 -corpore
651 4789 852 4896 irritante,
868 4787 981 4874 illico
996 4815 1135 4875 cutem
1154 4787 1326 4908 pustulis,
1341 4815 1407 4872 aut
1425 4783 1559 4872 saltem
1578 4785 1729 4902 papulis
1755 4786 1888 4872 dentr-

459 4903 544 5014 pati
569 4926 688 5016 atque
699 4903 865 5018 uitiari,
890 4931 960 4990 aut
984 4901 1123 4994 salton
1148 4907 1318 5022 prunus
1345 4927 1528 4988 ettomtes
1559 4903 1753 5018 experiri,
1778 4895 1890 5010 quod
