4186 5908
488 389 572 467 216
853 453 860 460 .
928 377 1037 466 DE
1105 374 1471 466 MORBIS

487 571 573 627 non
600 570 763 661 propter
791 541 891 630 illud
919 541 1030 653 quod
1054 546 1271 657 important
1292 540 1513 659 periculum
1536 539 1619 624 hoc
1644 537 1763 626 titulo
1793 531 1934 626 diseias·

488 682 690 770 gaunon,
718 661 806 744 raro
831 660 937 740 enim
960 655 1073 740 adm
1137 684 1202 740 em
1228 657 1351 767 usque
1377 684 1518 741 eorum
1541 653 1791 770 protenditur
1816 655 1926 740 fero-

488 771 566 874 cia,
582 769 829 880 &siquandb
839 764 989 884 papulae
1002 767 1052 853 ad
1152 767 1443 879 edinemnsque
1457 766 1663 882 progressa
1676 796 1927 882 gangraenam

488 889 531 965 dt
548 881 641 965 inde
662 882 820 994 pessima
842 889 885 964 dc
909 877 1070 970 lethalia
1093 879 1306 966 attulerunt
1323 881 1609 996 symptomata,
1629 878 1705 962 illae
1719 878 1766 962 ab
1788 877 1926 964 aliens

489 990 590 1079 labis
614 993 817 1082 consortio
852 1021 963 1078 erant
990 1020 1084 1078 orta
1095 1055 1111 1099 ,
1138 1019 1204 1078 aut
1223 1023 1306 1107 pra
1329 994 1511 1078 vasorum
1538 991 1676 1076 ¹atoniri
1699 996 1741 1075 in
1766 989 1925 1078 senibus

487 1109 751 1219 impotentem
771 1108 937 1190 omninb
964 1105 1214 1220 designavbre
1235 1106 1433 1219 sanguinis
1462 1096 1685 1190 circriitum.
1707 1106 1765 1189 At
1790 1103 1925 1188 multa

485 1218 705 1304 metuenda
730 1217 818 1302 sunt
841 1222 1005 1303 immani
1032 1223 1247 1304 &enormi
1272 1222 1422 1334 pruritu
1445 1245 1565 1328 quem
1586 1216 1693 1302 tanti
1716 1220 1924 1302 concitant

405 1433 408 1436 Ι
487 1331 630 1414 saevitie
653 1356 697 1413 ut
721 1329 959 1442 aliquandi),
983 1335 1012 1416 fi
1038 1331 1108 1414 sabi
1135 1329 1157 1415 ὲ
1181 1329 1332 1446 scalptu
1358 1358 1439 1416 tem
1468 1355 1580 1416 erent
1599 1334 1672 1415 viri
1695 1330 1921 1438 fortissimi,

484 1441 710 1558 periculum
730 1445 776 1530 sat
794 1472 846 1534 ne
866 1447 908 1534 in
931 1441 1208 1534 convvlfiones
1230 1445 1418 1530 incidant.
1441 1362 1542 1528 inde
1560 1447 1774 1527 immanem
1794 1471 1925 1530 ortam

483 1554 568 1639 vidi
586 1559 684 1651 tenti
714 1559 819 1652 inem
827 1618 841 1661 ,
867 1554 1121 1670 &cooperti
1144 1557 1295 1672 papulis
1317 1560 1429 1673 penis
1454 1583 1572 1662 cute,
1602 1555 1813 1681 quemdam
1891 1589 1924 1642 r·

483 1693 648 1782 petuum
673 1587 967 1780 lityriasmum
1002 1699 1085 1760 non
1112 1671 1192 1760 sane
1217 1667 1411 1764 exilientis
1438 1669 1593 1754 seminis
1617 1665 1772 1775 Jadiuria.
1845 1669 1925 1754 nde

483 1779 615 1866 miseri
641 1781 841 1874 insomnes
867 1781 1180 1876 contabescunt:
1207 1795 1299 1872 narn
1321 1783 1407 1870 serii
1437 1782 1643 1898 pracsertim
1666 1790 1709 1898 dc
1735 1780 1826 1866 laeti
1850 1810 1923 1866 ex-

485 1913 626 2007 optato
650 1892 784 1986 calore
809 1893 958 1988 malum
979 1895 1215 2008 ingravescit
1238 1904 1280 1981 dt
1305 1896 1562 2010 exasperatur.
1588 1895 1681 1982 Nec
1704 1896 1849 1979 mirum
1871 1899 1923 1980 est

484 2007 544 2112 st,
574 2003 682 2100 malo
711 2009 903 2122 perpetuo
930 2007 1162 2113 crescente,
1198 2004 1318 2098 febris
1347 2009 1584 2098 accendatur
1612 2004 1745 2113 lenta,
1780 2009 1922 2118 quali

484 2141 660 2202 vertatur
688 2122 729 2200 in
754 2121 973 2226 hecticam,
1003 2123 1198 2234 corruptis
1227 2138 1344 2230 atque
1369 2119 1618 2235 pessumdatis
1644 2119 1922 2226 cosiionibus,

485 2231 614 2344 potest
632 2233 718 2345 post
732 2229 855 2346 longa
868 2236 1040 2320 tormina
1058 2235 1263 2324 hominem
1284 2233 1308 2316 ὲ
1328 2234 1460 2318 medio
1477 2230 1620 2324 tollere
1636 2266 1644 2314 ε
1667 2231 1777 2342 quod
1792 2263 1923 2323 rarum

483 2368 618 2436 tamen
662 2347 839 2437 omnini).
889 2345 1064 2436 Pruritus
1103 2344 1162 2432 illi
1195 2348 1362 2456 antiquie
1394 2344 1496 2440 bend
1529 2348 1681 2458 cogniti
1716 2353 1759 2430 δι
1801 2348 1923 2438 Aetio

483 2453 691 2568 prasertim
716 2456 925 2570 descripti,
961 2455 1189 2573 papulaeque
1211 2462 1340 2572 primo
1368 2458 1522 2573 aspedu
1544 2454 1679 2563 leves,
1710 2455 1756 2544 ei
1781 2456 1924 2544 savitii

484 2563 699 2677 aliquandi»
733 2568 972 2654 ferocientes
1006 2596 1051 2657 ut
1084 2598 1247 2654 omnem
1286 2571 1518 2685 exsuperent
1550 2573 1803 2662 constantiam
1815 2631 1833 2678 ,
1873 2569 1924 2656 ab

482 2677 709 2766 sudoribus
732 2681 782 2764 ad
809 2706 931 2766 atram
956 2679 1079 2769 bilem
1103 2679 1385 2776 reserebantur,

538 2791 690 2892 Verium
720 2792 780 2888 illi
811 2796 969 2894 affebius
1000 2796 1083 2888 ferd
1112 2796 1264 2910 semper
1294 2795 1316 2881 ὲ
1349 2798 1520 2910 graviori
1553 2793 1664 2888 causi
1700 2792 1927 2908 pendentes

482 2905 585 3002 inter
614 2903 777 2998 morbos
807 2935 998 3000 cucaneoa
1028 2907 1167 3004 locum
1195 2907 1265 2992 fibi
1292 2939 1375 2992 non
1402 2907 1616 2994 vindicant.
1652 2907 1705 3002 Et
1728 2907 1818 2998 narb
1844 2903 1926 3000 soli

485 3009 741 3112 observantur
760 3019 840 3105 fine
855 3018 985 3102 morbi
1029 3023 1191 3114 ravioris
1210 3019 1420 3134 presentis,
1440 3021 1502 3103 Ita
1515 3019 1729 3118 Kricuulaa
1747 3047 1925 3132 corpora

482 3125 769 3240 phthisrcorum
798 3129 973 3245 appellat
1046 3136 1267 3247 ippocrates
1289 3141 1355 3239 (a)
1381 3132 1522 3243 qulbus
1549 3163 1639 3226 acre
1694 3129 1923 3224 urulennam

484 3235 536 3338 ad
555 3235 677 3349 usque
694 3265 870 3340 extrema
895 3241 1102 3337 devesium
1123 3249 1292 3360 pruritus
1318 3253 1360 3330 &
1381 3245 1540 3361 papulas
1564 3163 1722 3338 attolit.

541 3349 717 3452 Prpritus
741 3381 923 3460 enormes
944 3384 1028 3445 non
1048 3356 1200 3473 semper
1221 3356 1344 3444 densae
1370 3359 1635 3470 consertaeque
1654 3354 1804 3474 papulae
1826 3359 1922 3446 affe·

482 3482 602 3570 tunt,
619 3494 751 3580 pauca
768 3470 835 3566 vix
854 3465 1008 3662 aqpedu
1027 3469 1207 3562 notanda
1231 3499 1473 3576 occurrunt,
1524 3503 1580 3560 ua
1598 3474 1805 3566 hominem
1825 3501 1926 3558 cona

484 3573 647 3664 vellant.
672 3580 736 3666 An
753 3581 836 3668 hac
856 3605 989 3694 panta
1008 3585 1134 3678 noblis
1155 3581 1204 3668 ab
1227 3582 1436 3676 Avicennai-
1448 3499 1639 3698 descripta
1654 3591 1668 3670 i
1682 3583 1805 3678 Certe
1825 3589 1925 3672 novi

487 3690 766 3785 ornatissimam
786 3691 990 3792 foeminam
1008 3723 1091 3806 quae
1108 3699 1162 3782 ita
1176 3693 1332 3812 papulis
1347 3699 1482 3811 paucis
1503 3723 1691 3802 vexatur,
1707 3724 1752 3790 ut
1764 3701 1925 3807 quoties

483 3803 557 3904 ista:
577 3829 778 3904 externam
799 3810 978 3920 corporis
997 3807 1243 3922 superficiem
1261 3835 1484 3924 occupent,
1507 3840 1612 3894 nunc
1632 3813 1673 3900 in
1691 3806 1792 3914 hic,
1813 3839 1925 3895 nuno

484 3913 613 4017 inillis
636 3943 770 4032 parte,
793 3946 886 4014 cum
908 3921 987 4000 acri
1011 3924 1217 4027 cruciatu,
1244 3919 1313 4010 illa
1335 3921 1375 4004 sc
1399 3919 1502 4018 belle
1528 3919 1695 4020 habeat3
1721 3921 1920 4002 summum

488 4031 625 4138 capitis
641 4029 852 4135 dolorem,
870 4056 936 4128 aut
954 4030 1215 4137 diarrhoeam,
1231 4031 1295 4132 seu
1313 4036 1444 4145 potitae
1456 4036 1626 4131 tormina
1643 4059 1873 4148 expertura,
1890 4035 1922 4115 sr

487 4165 570 4222 non
587 4169 749 4243 vexetur
773 4146 873 4228 cutis
895 4142 1378 4259 symptomaticistpapulis
1395 4176 1407 4244 3
1423 4143 1490 4242 sed
1511 4143 1603 4244 aliis
1625 4145 1675 4244 de
1696 4173 1718 4230 e
1745 4143 1921 4256 inysiide

488 4254 542 4377 ἃ.
559 4247 609 4351 de
636 4255 783 4340 morbis
806 4259 880 4365 qui
911 4254 1079 4369 aliquam
1113 4261 1264 4356 tantiam
1297 4283 1449 4371 partem
1477 4285 1678 4378 occupant
1704 4177 1923 4358 <licendum

489 4385 575 4464 ene
1717 4399 1723 4408 .

548 4471 613 4572 Ad
641 4478 885 4564 curationem
914 4485 1032 4591 igitur
1060 4481 1358 4598 properantibus
1385 4483 1475 4568 ante
1504 4485 1638 4567 omnia
1665 4483 1926 4586 necessarium

490 4581 608 4668 fixerit
635 4587 763 4690 morbi
799 4588 941 4681 natalia
976 4591 1298 4706 deprehendisse,
1330 4624 1381 4680 ne
1404 4593 1540 4696 smrilia
1563 4595 1738 4711 aspersu,
1768 4597 1929 4698 summe

491 4691 747 4807 discrepantia
770 4705 914 4808 causis,
940 4705 1041 4790 inter
1065 4706 1105 4791 se
1130 4709 1432 4810 confirmantur,
1451 4711 1586 4832 Atque
1608 4709 1702 4796 ideo
1724 4709 1776 4796 de
1799 4715 1929 4804 causas

528 4833 590 4916 (β)
611 4825 672 4894 Lib.
696 4837 731 4904 6,
753 4829 876 4920 Epidem,
901 4857 924 4900 1.

1838 4933 1936 5016 tiam
