4250 5898
524 449 629 574 562·
773 541 777 546 ,
964 421 1517 539 osuoasrs

582 619 675 704 Nec
698 617 819 703 video
846 615 938 702 ullis
967 613 1052 719 aliis
1081 619 1123 699 in
1157 613 1413 812 regionibus,
1443 612 1514 700 ubi
1542 608 1759 808 imiimi
1791 605 1969 743 copiofae'

529 729 698 816 volitant
727 731 888 836 mufcae,
917 755 962 813 ut
986 733 1027 814 in
1054 727 1205 813 boreali
1234 761 1282 818 us,
1297 728 1377 814 illis
1398 731 1554 843 regiom
1583 757 1628 810 us
1652 755 1695 808 tn
1713 723 1857 837 quibus
1876 725 1966 831 ¹dies

432 921 436 928 .
531 843 614 928 fere
640 846 819 958 perpetui
846 848 1005 927 nostem
1038 842 1120 928 fere
1148 846 1378 927 continuam
1406 843 1639 954 excipiunt,
1666 863 1734 922 aut
1756 833 1858 925 intra
1884 863 1965 922 tro

521 958 671 1071 picos,
703 954 809 1040 aliud
844 954 1135 1070 bfrmplicibus
1164 956 1307 1041 muscis
1337 954 1642 1038 incommodum
1673 955 1822 1058 metui,
1855 952 1965 1062 quod

531 1095 664 1152 tamen
678 1094 828 1151 rantum
843 1072 913 1174 est,
929 1095 1069 1153 utnon
1079 1069 1133 1151 ob
1145 1067 1261 1152 aliam
1276 1069 1430 1152 causam
1445 1064 1635 1150 familiare
1649 1065 1768 1149 fuerit
1778 1067 1966 1148 harumce

532 1183 742 1293 regionum
764 1180 909 1266 incolis
934 1177 1177 1293 sylvestribus
1197 1180 1338 1292 quibus
1358 1207 1457 1265 artes
1476 1182 1622 1294 ignota:
1641 1205 1778 1286 erant,
1802 1203 1848 1261 ut
1871 1205 1964 1260 cor·

530 1321 631 1424 pora
654 1295 885 1407 pigmento,
916 1296 1140 1405 &quidem
1164 1291 1401 1400 olidilsrmo,
1426 1323 1507 1406 quo
1535 1293 1762 1406 fugarentur
1793 1290 1964 1398 ruscea,

531 1407 771 1518 rntingerenr
791 1416 833 1491 ὅ(
853 1406 1086 1491 imbuerent.
1116 1407 1223 1492 Cirm
1245 1409 1343 1492 verb
1359 1437 1433 1490 nos
1448 1409 1606 1490 mitiore
1624 1403 1735 1488 coelo
1750 1405 1964 1518 gaudenter

455 1589 459 1598 .
531 1523 578 1598 ὃ(
601 1522 810 1604 ornatioris
833 1519 1001 1604 climatis
1028 1519 1175 1604 'accolae
1187 1583 1202 1626 ,
1224 1518 1393 1606 vestibus
1412 1517 1538 1634 probe
1558 1521 1699 1603 muniti
1717 1517 1962 1624 incedimus,

533 1631 623 1712 rari>
645 1657 717 1714 nos
738 1635 790 1716 ita
809 1661 927 1727 vexat
949 1631 1063 1740 hujus
1084 1637 1238 1748 generis
1261 1635 1387 1750 pestis.
1420 1635 1476 1716 At
1506 1657 1655 1716 norunt
1680 1657 1821 1715 omnes
1848 1628 1962 1741 quim

534 1741 653 1825 facile
678 1742 827 1828 tibialia
852 1743 1003 1830 leviora
1027 1745 1263 1860 penetrent,
1291 1744 1422 1857 qualia
1447 1746 1583 1831 suadet
1614 1742 1775 1828 aliunde
1800 1742 1962 1858 tempes-

534 1857 625 1938 tatis
645 1853 767 1940 calor.
792 1859 900 1940 Nam
922 1858 973 1942 de
993 1859 1137 1944 muscis
1162 1890 1247 1971 quae
1273 1859 1458 1944 divinitus
1479 1856 1652 1942 immilfae
1679 1854 1891 1942 sceleratos
1916 1853 1961 1940 ad

536 1967 658 2076 usque
672 1993 844 2070 mortem
854 1998 1174 2078 vexaverunt,ut
1184 1972 1233 2057 de
1245 1971 1439 2088 Adolpho
1446 1971 1639 2080 ,Comite
1650 1969 1836 2084 Bergenli
1850 1965 1926 2058 &l
1953 2013 1963 2034 ·

535 2076 693 2161 liacenfr
711 2080 883 2164 referunt
898 2089 948 2188 (n)
956 2145 971 2192 ,
997 2091 1038 2168 ὰ
1053 2085 1103 2168 de
1116 2087 1259 2170 muscis
1271 2087 1522 2200 AEgyptiacis
1540 2115 1634 2197 quas
1652 2085 1765 2168 facrae
1784 2085 1961 2167 testantur

535 2193 684 2308 pagina:
692 2256 707 2299 ‚
727 2195 792 2276 hic
813 2193 943 2279 nullus
962 2197 1014 2278 est
1028 2187 1186 2280 dicendi
1201 2195 1338 2307 locus,
1360 2200 1430 2281 nifr
1450 2199 1755 2302 crediderimus,
1776 2221 1841 2280 aut
1853 2192 1959 2308 pofse

534 2306 686 2414 pruritu
707 2310 861 2390 enormi
877 2305 1154 2393 convulsiones
1169 2309 1362 2396 violentas
1378 2312 1581 2417 accersrri,
1606 2309 1885 2418 hominemque
1905 2308 1957 2391 frc

530 2414 587 2500 de
608 2417 742 2501 medio
760 2417 853 2502 tolli
868 2483 883 2527 ,
909 2445 1004 2527 aut,
1028 2448 1072 2505 ut
1088 2425 1199 2506 aiunt
1222 2423 1273 2508 de
1288 2423 1530 2531 Wladissao,
1555 2424 1759 2508 Bohemiae
1777 2421 1956 2526 Comite,

529 2527 671 2614 muscis
708 2529 808 2615 intra
845 2533 979 2618 fauces
1020 2533 1243 2619 introduclai
1276 2539 1382 2622 viam
1419 2537 1571 2651 spiritris
1606 2534 1804 2652 praeludi.
1846 2533 1893 2618 Id
1920 2556 1959 2616 ut

533 2671 618 2724 non
641 2642 908 2757 impoffrbile,
931 2651 985 2732 ita
1005 2649 1235 2733 rariffimum
1251 2651 1329 2734 elle
1344 2650 1540 2735 fateamur
1552 2649 1707 2735 necelfe
1720 2651 1773 2733 est
1794 2680 1804 2731 :
1829 2652 1957 2732 vernn

532 2755 562 2836 fi
585 2755 760 2840 cuticula
783 2756 914 2843 derasa
938 2760 1057 2844 fuerit
1077 2788 1194 2872 atque
1220 2763 1383 2869 detrita,
1410 2789 1598 2879 poterunt
1621 2762 1762 2846 muscae
1789 2759 1860 2844 sub
1883 2755 1959 2874 ipsi

529 2867 778 2980 epidermide
794 2900 871 2955 ova
891 2873 916 2956 d
969 2901 1091 2960 onere
1100 2936 1114 2981 ,
1132 2873 1186 2958 ibi
1217 2905 1268 2960 ue
1284 2875 1527 2962 vermiculos
1544 2881 1775 2990 ingenerare
1819 2875 1862 2956 ui
1880 2869 1959 2987 pof-

534 2976 599 3063 tei
620 2983 660 3062 in
676 2981 879 3072 ulcerosos
896 3016 917 3068 a
948 2991 1054 3072 effus
1070 2905 1253 3074 difficiles
1271 2990 1419 3074 sanatui
1439 2990 1653 3104 degeneres
1673 2991 1732 3072 ire
1748 2903 1955 3091 valebunt,

467 3159 473 3166 .
534 3091 675 3176 &alia
699 3093 800 3180 mala
823 3122 1012 3210 poterunt
1029 3100 1230 3187 inducere.

591 3207 648 3286 At
669 3207 893 3319 importuna
911 3208 1006 3320 alia,
1027 3216 1158 3328 potibs
1183 3213 1301 3325 quim
1321 3213 1533 3300 metuenda
1552 3216 1662 3321 cuti,
1687 3210 1834 3298 infecta
1851 3214 1956 3295 innu-

533 3343 643 3400 mera
657 3317 818 3426 dantur,
841 3351 1012 3432 quorum
1025 3324 1109 3408 aliis
1123 3328 1434 3435 circumdamur,
1448 3330 1604 3441 strepitu
1614 3326 1878 3439 quorumdam
1889 3349 1959 3405 nos

517 3457 753 3532 ·monente;
776 3431 851 3520 alia
876 3464 950 3520 nos
971 3436 1091 3522 tacite
1113 3441 1390 3547 circumstant,
1417 3447 1459 3526 'dt
1481 3441 1615 3556 plagas
1636 3440 1824 3524 inferunt.
1848 3433 1958 3522 Alio·

532 3571 623 3628 rum
652 3571 787 3630 natura
813 3550 866 3632 est
896 3575 941 3633 ut
972 3550 1043 3635 alis
1076 3578 1145 3666 per
1176 3567 1263 3636 aera
1292 3557 1491 3668 rapiantur
1523 3552 1866 3652 membranaceis3
1888 3545 1957 3632 alia
2086 3646 2087 3663 Ν

527 3655 676 3739 contri
718 3663 996 3746 tantummodi)
1036 3664 1201 3778 pedibus
1240 3665 1527 3782 multiplicibus
1565 3666 1795 3773 donantur,
1830 3687 1957 3778 prater
2085 3719 2086 3744 r

532 3769 788 3853 numerosum
811 3771 912 3858 illud
936 3779 1060 3887 genus
1085 3779 1196 3888 quod
1219 3778 1428 3862 nobiscum
1450 3779 1626 3864 habitare
1650 3805 1756 3862 amat
1768 3839 1783 3884 ,
1811 3785 1853 3861 δι
1878 3801 1960 3859 cor·

532 3909 609 3996 pus
630 3886 800 3966 nostrum
825 3915 898 4000 pro
922 3885 1044 4001 patrii
1066 3887 1221 4004 seligit,
1249 3891 1299 3976 de
1327 3891 1467 4003 quibus
1489 3891 1620 4006 postea
1643 3891 1857 3976 dicendum
1878 3890 1958 3970 erit.

525 4059 529 4068 .
600 3995 749 4080 Infesta
784 4002 924 4111 prioris
957 4005 1110 4112 generis
1150 4031 1233 4113 quae
1271 4033 1345 4090 nos
1383 4005 1705 4090 circumvolitant
1744 4027 1884 4118 genere
1918 4004 1959 4082 br

528 4103 667 4217 fpecie
699 4110 848 4194 diversa
878 4139 927 4195 ex
960 4115 1337 4227 hymenopterorum
1372 4117 1489 4202 classe
1517 4119 1668 4200 Linnaei
1698 4117 1961 4202 desumuntur.

535 4214 626 4300 Alia
648 4222 859 4306 vindiciam
879 4225 1044 4338 spirant,
1063 4225 1139 4310 alia
1155 4227 1220 4310 fan
1250 4233 1342 4313 uine
1359 4233 1587 4316 &tenuiori
1606 4233 1778 4314 humore
1798 4225 1960 4342 pafcun·

491 4419 493 4424 ,
531 4352 615 4412 tun*
636 4331 743 4416 Inter
761 4332 829 4416 illa
848 4365 930 4446 quae
951 4342 994 4421 in
1016 4339 1074 4423 ful
1095 4259 1362 4426 defensionem
1378 4353 1420 4428 ὅ(
1434 4341 1597 4427 tutelam
1623 4370 1747 4426 armat
1764 4341 1960 4444 vindicta,

532 4442 700 4549 primam
718 4453 760 4530 br
777 4451 987 4532 maximam
1011 4450 1169 4537 claffem
1191 4458 1431 4539 constituunt
1449 4485 1559 4570 apes,
1579 4456 1685 4563 fuci,
1704 4455 1852 4570 vespe,
1903 4479 1962 4534 uae

528 4547 732 4638 ‘donantur
760 4559 809 4642 ad
840 4589 956 4644 anum
988 4563 1130 4649 aculeo
1160 4567 1383 4652 tenuiffimo
1417 4566 1564 4678 illo&
1602 4570 1722 4651 hamo
1752 4565 1894 4680 multip
1913 4563 1964 4646 ’ci

536 4689 705 4796 recurvo
728 4665 950 4774 lacerante3
971 4675 1062 4760 inde
1085 4677 1201 4762 avelli
1224 4685 1290 4766 vix
1339 4685 1438 4766 otest
1458 4683 1536 4764 fine
1554 4681 1860 4766 tenuilfrmarum
1883 4703 1963 4792 par·

525 4801 635 4860 trum
661 4776 878 4868 drvulfione
904 4789 1047 4874 infixus
1071 4789 1245 4880 aculeus.
1274 4712 1534 4880 Hincetiam
1559 4821 1650 4910 apes
1676 4819 1823 4880 neutrae
1848 4813 1964 4904 atque

512 4885 518 4892 ι
573 4933 631 5014 (a)
651 4931 747 4995 Zaller
763 4933 966 5026 Miscell.pag.
984 4961 1056 5025 403.
