4546 5866
587 323 673 480 ,aa
1040 360 1148 450 ua
1211 343 1578 448 Monate

592 524 758 624 »Persa
780 523 941 610 barbam
959 552 1120 609 vocant.
1147 525 1223 609 Per
1244 524 1551 637 microscopium
1573 516 1764 714 inspefbus
1790 514 1894 630 pilos
1920 503 2025 598 obti⁴

593 671 619 718 u
637 665 732 723 nere
747 637 911 744 dicitur,
934 641 1001 747 qui
1017 639 1225 720 tenuissrmi
1240 635 1281 722 bt
1298 638 1497 720 tenerrimi
1511 634 1627 750 spont
1668 629 1912 730 fatiscentes,
1930 626 2027 709 ditm

511 807 514 812 -
592 781 618 830 u
636 753 675 832 in
708 747 841 834 lucem
871 751 1000 834 editur
1027 753 1200 856 vermis,
1233 747 1375 833 oculos
1404 748 1694 859 Chirurgorum
1721 741 1929 853 effugiunt.
1961 739 2026 823 Ad

594 863 810 946 »radicem
830 862 955 944 barbae
972 867 1159 976 punitum
1179 860 1389 966 atricolor,
1412 863 1553 944 inermi
1571 861 1689 942 etiam
1710 852 1858 957 oculo,
1883 851 2024 972 depre-

593 1003 619 1053 u
641 975 836 1058 heuditur.
858 973 1014 1060 Ibidem
1030 978 1108 1057 oris
1123 977 1324 1088 vestigium
1342 971 1564 1082 quoddam,
1581 974 1622 1054 in
1640 965 1771 1051 caudae
1784 968 1881 1050 verb
1895 989 2026 1049 extre·

594 1115 620 1166 a
639 1091 773 1170 mirate
793 1088 996 1171 foraminis
1016 1117 1097 1196 quo
1126 1115 1177 1170 ue
1197 1089 1405 1197 punslum,
1420 1082 1530 1169 velut
1550 1085 1613 1166 ani
1633 1103 1749 1186 nota,
1770 1076 2024 1214 conspicitura

595 1231 623 1276 s>
639 1198 803 1312 Duplici
825 1192 972 1284 constat
996 1203 1130 1282 tunica
1144 1261 1162 1304 ,
1184 1196 1347 1308 utrique
1366 1195 1521 1302 albida,
1546 1195 1750 1298 interiori,
1774 1188 1896 1306 paulo
1912 1215 2024 1274 tene·

596 1343 620 1390 >s
638 1314 732 1394 riori
742 1375 755 1418 ,
779 1310 889 1418 cujus
905 1343 1046 1398 cavum
1063 1311 1222 1422 liquore
1238 1309 1353 1416 albo,
1373 1312 1510 1424 pingui
1529 1333 1815 1415 nonnunquam
1827 1313 1869 1388 dt
1889 1301 2026 1388 setoso·

597 1453 621 1502 u
642 1424 781 1508 referta
802 1429 886 1530 est,
911 1421 1018 1508 nullst
1042 1427 1208 1508 omnino
1228 1424 1424 1536 sanguinis
1448 1445 1703 1534 comparente
1725 1413 1879 1530 guttula
1890 1451 1930 1500 s,

653 1538 808 1621 Venam
832 1537 1099 1622 medinensem
1124 1534 1194 1618 sub
1222 1537 1384 1620 nomine
1409 1534 1531 1649 gordii
1554 1532 1673 1618 totuis
1689 1526 1826 1646 pallidi
1845 1528 1913 1612 Cl.
1931 1527 2023 1612 Lin-

597 1679 701 1734 natus
719 1655 781 1752 (a)
798 1651 1023 1764 desrgnavit.
1047 1650 1155 1734 Inter
1172 1675 1326 1734 vermes
1346 1647 1550 1752 recenset,
1571 1654 1611 1730 dt
1627 1646 1676 1728 ad
1691 1641 1849 1727 classem
1864 1641 2022 1754 illorum

597 1759 828 1846 animalium
850 1794 932 1872 quae
952 1788 1146 1848 vocantur
1168 1759 1215 1845 ab
1242 1760 1326 1876 ipso
1347 1761 1546 1866 intestina,
1576 1757 1655 1842 stve
1680 1754 1862 1838 animalia
1883 1752 2019 1866 simpli·

597 1878 696 1979 cia,
725 1873 870 1982 absque
902 1873 1058 1958 artubus
1073 1936 1087 1979 ,
1118 1875 1260 1978 nuda,
1293 1872 1416 1958 libera
1433 1872 1566 1978 ⁴refert
1595 1873 1654 1955 vir
1684 1865 1926 1953 clariffmus.
1958 1864 2018 1948 Ad

496 1993 503 1998 '
595 2011 773 2069 naturam
806 1985 1039 2095 gordiotum
1075 1988 1142 2094 qui
1179 1982 1358 2096 argillam
1396 1985 1571 2068 habitant
1610 1981 1806 2067 referendi
1845 1981 2017 2065 videntur

598 2095 842 2204 dracunculi.
869 2100 925 2181 At
946 2094 1065 2179 ovula
1076 2158 1090 2200 ‚
1107 2100 1371 2208 generationis
1391 2098 1557 2180 modum
1581 2123 1702 2180 nemo
1723 2119 1791 2177 aur
1813 2094 1930 2198 vidit,
1951 2117 2015 2174 aur

597 2208 734 2306 uidisse
753 2211 913 2324 potuit,
931 2207 1102 2319 necquai
1128 2212 1281 2292 ratione
1304 2207 1405 2292 intra
1428 2207 1629 2294 musculos
1650 2204 1757 2290 tanta
1777 2203 2010 2318 longitudine

596 2320 800 2427 crescant,
822 2349 913 2402 nam
936 2349 1007 2404 eos
1032 2320 1252 2435 penetrasse.
1272 2320 1379 2406 tanti
1400 2325 1579 2434 corporis
1602 2319 1871 2432 magnitudine
1893 2315 2014 2400 absur-

597 2433 694 2516 dum
710 2435 773 2516 esi.
794 2432 910 2530 Putat
926 2433 1171 2547 Kempsaetus
1187 2461 1307 2545 quem
1322 2434 1520 2544 sequimur
1527 2495 1543 2541 ,
1561 2429 1681 2516 ovula
1694 2431 1889 2540 exquisrtre
1902 2431 2017 2514 tenui·

596 2547 686 2629 tatis
710 2545 759 2628 ad
783 2545 905 2653 usque
927 2549 1143 2659 patentium
1168 2576 1357 2660 potorum
1383 2545 1518 2630 oscula
1543 2549 1584 2628 in
1608 2545 1867 2628 fervidisfrmis
1890 2541 2015 2625 clima·

596 2655 702 2742 tibus
724 2658 893 2770 potuisse
916 2661 956 2742 vi
978 2667 1019 2742 ὃ(
1044 2662 1193 2774 impetu
1215 2661 1402 2744 citcu‘itds
1426 2659 1530 2744 ferti.
1562 2657 1689 2772 Quod
1716 2655 1807 2739 inde
1831 2655 2019 2769 imprimis

595 2799 639 2854 ar
668 2772 725 2852 uit
744 2769 852 2880 qubd
872 2799 953 2852 non
975 2771 1127 2865 semer
1149 2771 1198 2855 ad
1216 2798 1392 2856 exteram
1414 2797 1548 2856 cutem
1572 2796 1692 2884 caput
1710 2793 1843 2854 exerat
1864 2762 2017 2850 animal-

595 2801 760 2987 culum,
790 2881 857 2966 sed
885 2803 1097 2994 aliquandb·
1126 2911 1198 2995 per
1224 2885 1396 2968 mediam
1430 2887 1609 2998 corporis
1641 2909 1792 2995 partem
1824 2905 2025 2992 erumpat,

596 2997 727 3105 capite
753 2991 866 3078 illinc·
878 3055 894 3099 ,
926 2998 1020 3080 hinc
1051 2996 1170 3079 dorso
1199 2999 1299 3080 intra
1336 2999 1513 3079 intimam
1546 3023 1679 3081 cutem
1708 2991 2021 3096 remanentibus,

573 3113 642 3194 t&
661 3103 970 3190 extremitatibus
991 3105 1129 3194 abditis
1146 3107 1222 3211 (b).
1239 3108 1390 3192 Vertim
1404 3108 1545 3219 quibus
1560 3109 1610 3194 de
1629 3109 1749 3192 causis
1767 3109 1932 3190 remotis
1950 3103 2022 3188 illis

486 3251 493 3259 ·
594 3223 642 3302 dt
665 3220 963 3332 procatharticis
981 3243 1217 3330 generentur
1240 3219 1308 3304 vel
1324 3223 1405 3326 eius
1425 3221 1566 3328 ovula,
1589 3219 1655 3306 vel
1672 3217 1754 3326 ejus
1776 3219 1885 3305 larva
1903 3223 2026 3332 inqui·

538 3340 542 3346 ’
596 3357 703 3435 rere,
727 3332 808 3415 hoc
835 3360 960 3446 opus,
982 3333 1049 3415 hic
1075 3330 1276 3416 labor-est.

652 3441 887 3528 Verisrmilia
912 3469 1045 3528 tamen
1068 3445 1230 3531 sedatus
1253 3442 1319 3530 Cl.
1341 3449 1505 3552 ausint,
1533 3447 1669 3532 idaeam
1696 3443 1849 3528 Linnaei
1875 3445 2034 3530 videtur·

596 3551 906 3668 probabiliorem
932 3557 1107 3642 reddere.
1136 3559 1243 3641 Nam
1269 3562 1362 3641 ciam
1385 3563 1451 3642 hic
1478 3562 1643 3644 finitima
1672 3555 1917 3642 dracunculo
1946 3561 2027 3642 ani-

597 3663 771 3750 malcula
793 3667 956 3780 gordios
982 3671 1022 3751 iu
1047 3667 1184 3781 argillis
1208 3675 1398 3784 reperiat,
1426 3671 1547 3754 fidem
1576 3669 1683 3753 addit
1710 3669 1942 3782 Kempfaero
1964 3673 2028 3780 qui

599 3779 726 3864 credit
749 3777 889 3862 natalia
915 3777 1246 3866 dracunculorum
1271 3781 1404 3867 deberi
1429 3784 1514 3866 usui
1543 3785 1812 3865 contaminato
1841 3811 2029 3891 aquarum

599 3891 855 4004 stagnantium
876 3917 993 4001 atque
1008 3893 1258 4005 palustrium,
1277 3895 1469 4009 praecipud
1484 3897 1581 3978 veto
1601 3893 1650 3976 ad
1670 3921 1810 3976 eorum
1831 3894 2028 3978 exclufio-

598 4030 691 4086 nem
716 4005 897 4089 conferre
920 4034 1037 4115 aquas
1061 4003 1211 4118 pluvias
1233 4008 1274 4088 in
1293 4007 1549 4092 subterraneis
1571 4003 1789 4114 fornicibus
1816 4005 2027 4113 collectas,

600 4137 645 4196 ut
668 4117 708 4195 in
733 4116 1034 4202 ferventioribus
1066 4117 1363 4202 &aridioribus
1391 4123 1469 4203 oris
1499 4147 1565 4204 eas
1594 4116 1744 4204 servare
1772 4119 2032 4205 necessarium

600 4226 677 4330 est,
696 4253 746 4308 ne
768 4227 1004 4338 quandoque
1023 4232 1189 4312 omnini)
1207 4259 1307 4340 aqua
1326 4231 1496 4316 deficiat.
1524 4231 1634 4316 Hinc
1655 4233 1897 4346 pauperioris
1914 4225 2031 4316 sortis

598 4337 783 4422 homines
813 4343 880 4448 qui
914 4369 1031 4450 aquas
1068 4342 1220 4450 quasvis
1257 4343 1592 4428 indiscriminatim
1623 4369 1763 4457 potant
1794 4344 1890 4427 huic
1923 4343 2035 4428 malo

630 4444 689 4530 lus
722 4447 931 4553 subjacent.
976 4453 1146 4536 Notavit
1183 4458 1302 4538 etiam
1347 4456 1612 4541 illustrissimus
1647 4457 1783 4538 aus'tor
1818 4455 1929 4564 quod
1971 4455 2034 4540 illi

600 4477 783 4646 bomines
819 4566 886 4671 qui
917 4563 1009 4682 loca
1043 4563 1219 4652 fontibus
1248 4571 1394 4683 irrigua
1428 4577 1470 4656 ὃ(
1499 4566 1597 4682 aqut
1624 4566 1857 4656 decurrente
1884 4567 2037 4655 fertilia

639 4739 697 4896 qq}
716 4731 793 4893 {ys}-
806 4735 919 4802 Naturoe
935 4739 979 4808 ed.
997 4739 1041 4808 X·
1060 4747 1156 4818 1758,
1173 4761 1241 4829 pag.
1260 4751 1327 4828 ⁶42·
