4250 5898
693 403 1181 496 curnuars
1584 441 1663 522 ,a

229 589 300 679 ,per
320 562 493 648 triduum
515 571 744 677 maceratis,
767 569 1060 684 amygdalarum
1073 599 1312 676 amararum,
1329 569 1544 658 bulborum
1556 571 1661 660 lilio-

232 677 380 760 narcissi
403 680 443 760 in
461 707 577 764 aceto
599 665 847 767 incoeiorum
867 681 1000 797 pulte,
1023 681 1163 792 quibus
1181 685 1221 766 vi
1239 683 1458 768 resolvente
1481 685 1657 794 donatis,

229 788 343 872 srmul
369 819 461 874 cum
492 791 625 902 aliquo
658 797 897 880 corrodente
922 797 1104 902 stimulo,
1127 795 1236 880 addit
1260 793 1408 880 radices
1437 803 1661 888 cucumeris

230 899 442 1011 sylvestris,
466 903 510 987 br
539 910 636 990 onia
647 970 662 1015 ,
684 909 781 993 siche
803 908 951 993 arboris
970 909 1160 1022 virgulta,
1183 908 1334 992 hederae
1350 908 1447 994 folia
1465 918 1658 1020 contrita,

229 1014 417 1128 saponem
445 1019 508 1100 Gw
542 1023 678 1126 icum,
707 1020 774 1106 sed
802 1019 1087 1134 myrobolanos
1112 1020 1305 1136 praecipue
1330 1051 1499 1132 quorum
1525 1029 1661 1112 virtuti

230 1129 435 1213 considere
450 1131 598 1218 summe
610 1133 711 1218 visus
725 1137 798 1236 est,
816 1131 946 1249 postea
957 1138 1054 1220 vero
1066 1138 1183 1220 etiarn
1199 1135 1308 1248 sepiae
1323 1137 1473 1218 cineres
1483 1196 1495 1239 ‚
1519 1139 1659 1222 iridem

227 1238 449 1352 illyricam,
476 1242 629 1356 aliaque
659 1245 782 1331 multa
813 1279 896 1358 quae
926 1249 1031 1332 varie
1088 1276 1132 1330 ro
1158 1276 1200 1331 re
1227 1244 1376 1360 agendh
1398 1253 1439 1328 dt
1473 1247 1658 1334 efficacia

227 1356 416 1464 requisrtae
444 1358 566 1468 gradu
595 1361 700 1444 varie
724 1361 874 1447 miscet.
906 1362 995 1444 Irnb
1021 1279 1218 1468 adusque
1242 1360 1449 1442 causticam
1472 1364 1662 1446 virtutem

226 1469 409 1552 evehitur
436 1476 529 1556 ciam
562 1469 706 1558 bulbos
739 1477 912 1585 quinque
944 1473 1041 1578 lilii,
1082 1473 1224 1588 spumae
1260 1473 1391 1577 nitri,
1428 1471 1469 1556 id
1505 1475 1557 1556 est
1590 1473 1661 1559 sali

225 1578 344 1664 alkali
377 1581 586 1668 sortillimo
622 1584 794 1694 miscet,
833 1597 874 1674 dt
912 1585 1032 1672 melle
1060 1589 1220 1701 exeipit.
1258 1583 1379 1668 Certe
1414 1588 1659 1672 haecomnia
1708 1585 1711 1592 ’
1750 1693 1760 1702 ¹

135 1754 139 1763 .
205 1695 269 1778 'in
294 1691 368 1778 hac
394 1696 579 1784 medendi
598 1699 793 1786 methodo
814 1700 917 1784 reete
939 1725 1177 1814 congruunt.
1201 1699 1284 1784 Sed
1306 1697 1399 1780 dum
1428 1702 1553 1784 cutim
1572 1703 1672 1784 irri-'

132 1829 138 1842 ·
223 1833 335 1912 tant,
355 1837 489 1896 nonne
507 1809 726 1924 periculum
748 1816 800 1898 est
818 1841 869 1898 ne
882 1812 1026 1899 leviori
1041 1811 1148 1898 malo
1164 1811 1336 1896 sanando
1354 1814 1509 1924 gravius
1529 1841 1662 1900 accer-

223 1920 313 2004 sant
337 1925 351 2004 i
375 1923 443 2006 Ne
472 1926 676 2010 concitato
707 1926 918 2010 erethismo
946 1919 1038 2042 pe'rs
1058 1928 1265 2016 irationem
1293 1923 1539 2037 impediant,
1567 1927 1662 2010 ditm

223 2031 382 2118 sensum
403 2038 503 2120 cutis
523 2063 689 2150 augent,
715 2047 756 2122 dt
773 2038 1005 2122 extollunt?
1075 2037 1121 2121 dc
1138 2037 1332 2121 methodo
1348 2036 1466 2121 sanati
1486 2037 1535 2120 ad
1549 2036 1662 2123 levis-

226 2149 369 2233 fimum
391 2150 487 2235 aeris
509 2154 694 2236 artasium
713 2155 754 2235 in
774 2152 976 2240 diathestm
1000 2151 1177 2236 incident
1199 2179 1242 2236 er
1269 2148 1523 2262 stpelatosam.
1550 2152 1663 2236 Ve'ri·

224 2257 404 2344 similiter
415 2286 436 2365 ,·
450 2267 626 2370 quamvis
652 2265 703 2350 de
726 2267 773 2348 iis
794 2262 902 2349 srleat
913 2327 928 2368 ,
949 2266 1033 2377 post
1056 2261 1147 2347 talia
1166 2181 1358 2375 applicata
1379 2261 1588 2348 fovebatur
1601 2266 1664 2350 sa·-

190 2431 195 2438 -
225 2377 313 2456 cies
339 2399 456 2480 atque
483 2379 582 2457 cutis
595 2437 609 2480 ,
637 2403 704 2458 aut
735 2375 859 2481 satie,
891 2403 957 2459 aut
984 2371 1277 2488 amygdalarum
1305 2373 1413 2457 oleo.
1442 2375 1593 2458 Verum
1619 2387 1662 2462 dt

225 2489 271 2568 in
295 2486 403 2566 Aetii
417 2545 431 2588 ,
460 2486 632 2568 Aeiuarii
662 2496 703 2569 dt
732 2487 902 2570 Oribasri
932 2487 1113 2572 formulis
1138 2486 1235 2569 latet
1264 2484 1412 2596 aliquid
1437 2515 1527 2572 acre
1551 2490 1661 2598 quod

227 2594 341 2680 certe
373 2597 584 2680 nostratum
612 2597 864 2684 foeminarum
888 2599 937 2684 ad
969 2595 1163 2709 quasilla
1196 2601 1364 2790 pertinet
1394 2603 1545 2682 curatio
1578 2605 1662 2686 cuti

225 2736 465 2823 repugnaret
500 2712 679 2794 omnino.
709 2711 860 2795 Forsan
888 2710 936 2796 ab
968 2715 1014 2794 iis
1045 2713 1195 2795 orienta
1213 2713 1295 2792 ium
1327 2739 1570 2822 mangonum
1603 2743 1662 2800 ars

223 2831 421 2938 prlaecepta
442 2825 620 2937 accepit,
644 2853 728 2934 quae
749 2827 792 2908 in
809 2822 1014 2910 sceleratas
1033 2826 1230 2909 convertit
1245 2839 1358 2908 'artes‘
1379 2829 1455 2926 (a).

283 2931 510 3047 Simplicius
531 2939 658 3050 praxis
680 2940 807 3022 nostra
825 2937 1019 3053 procedit.
1041 2939 1089 3020 In
1111 2934 1368 3022 adultioribus
1391 2935 1539 3022 malum
1561 2939 1664 3028 insa-

221 3043 362 3132 nabile
387 3052 614 3159 pronuntiat
635 3083 646 3150 3
671 3079 762 3134 nam
788 3079 871 3162 quae
897 3051 1029 3138 forent
1050 3059 1091 3136 dt
1112 3047 1212 3134 bene
1235 3051 1348 3134 novit
1420 3051 1543 3158 enda,
1566 3083 1669 3136 num

225 3157 408 3261 conserti
421 3160 577 3272 possunt
591 3192 683 3248 cum
700 3162 952 3250 deformitate
964 3167 1065 3248 cutis
1078 3161 1195 3247 facile
1210 3161 1414 3248 toleranda
1429 3168 1442 3244 i
1461 3163 1507 3244 In
1523 3164 1666 3277 puellis

211 3273 340 3388 spem
370 3301 453 3356 non
478 3270 615 3380 abjicit
626 3337 641 3380 ‚
672 3274 739 3360 sed
762 3274 868 3362 lenia
895 3282 1047 3370 tantum
1078 3273 1312 3362 resolventia
1346 3273 1663 3366 demulcentibus

222 3388 355 3470 mixta
372 3387 428 3468 ita
443 3384 658 3493 admovet,
681 3389 1015 3474 utcutislexilitas
1030 3387 1179 3472 summa
1194 3387 1487 3472 concilietur&
1503 3393 1665 3476 exeunti

207 3499 393 3584 humori
413 3500 477 3582 via
498 3505 657 3614 pateat?
684 3501 797 3612 Quid
819 3507 927 3586 enim
951 3509 965 3584 i
995 3501 1063 3584 Sic
1090 3510 1112 3584 a
1135 3527 1274 3585 centro
1292 3504 1452 3585 vivente
1470 3501 1664 3613 stparaau'r

223 3621 274 3696 dt
300 3607 511 3734 sejungitur
532 3639 688 3697 atomus
711 3642 896 3722 mortua,
923 3617 1002 3698 sme
1026 3613 1110 3699 ullo
1133 3618 1251 3718 nixu,
1273 3614 1353 3696 sme
1371 3614 1456 3696 crist
1469 3675 1483 3720 ,
1505 3611 1575 3698 sub
1595 3611 1665 3698 illd

222 3732 274 3808 δι
305 3721 357 3806 ad
386 3749 467 3828 eyus
500 3721 621 3808 latera
651 3729 720 3835 qui
748 3727 942 3811 redundat
973 3729 1117 3810 humor
1151 3723 1334 3810 rrauualis
1369 3753 1456 3810 eam
1486 3724 1663 3838 expellit.

220 3837 412 3920 Vitamus
432 3864 483 3920 ne
501 3838 677 3920 uiuacior
700 3845 741 3922 dt
766 3838 911 3924 aridior
936 3851 999 3922 aer
1011 3900 1025 3945 ,
1050 3866 1100 3923 ne
1128 3837 1220 3922 solis
1244 3835 1424 3922 irruentis
1447 3838 1543 3921 radii
1564 3869 1664 3953 opus

221 3953 454 4061 incoeptum
478 3949 682 4034 destruant.
710 3951 792 4035 Sed
814 3951 984 4035 vidimus
1011 3949 1152 4034 multas
1177 3954 1347 4064 virgines
1376 3980 1459 4059 quae
1487 3954 1571 4062 post
1598 3953 1665 4038 iti-

221 4087 327 4144 nera
350 4058 499 4174 longa,
526 4066 738 4148 aut'vitam
765 4063 1026 4178 negligentius
1054 4068 1177 4150 anam
1206 4081 1297 4148 to‘tae
1323 4060 1569 4174 ephelidibus
1594 4065 1666 4148 de-

225 4171 519 4286 turpabuntur,
555 4177 639 4288 post
672 4173 802 4290 plures
834 4181 921 4262 vita:
962 4182 1003 4260 in
1046 4193 1132 4261 aere
1176 4175 1431 4258 moderatiori
1473 4176 1665 4262 transasie

223 4285 408 4391 menses,
425 4289 473 4371 iis
490 4316 623 4372 carere
639 4294 831 4394 omnino,
853 4290 978 4374 modi>
993 4290 1106 4374 simul
1126 4299 1168 4374 &t
1187 4287 1209 4370 a
1229 4315 1425 4390 moerore,
1450 4296 1493 4372 ὅ(
1513 4285 1536 4371 ὲ
1556 4289 1667 4375 diard

223 4396 357 4484 crana
385 4425 453 4482 aut
483 4404 564 4486 acri
591 4404 786 4486 immmres
805 4405 986 4486 vinerint.
1015 4401 1175 4486 Prodest
1194 4401 1244 4484 ad
1264 4403 1371 4484 hunc
1391 4403 1514 4490 finem
1543 4401 1668 4486 resol-

220 4512 365 4596 ventia
384 4509 599 4597 adhibuisse
615 4511 746 4621 lenia,
773 4513 946 4598 lotiones
967 4519 1149 4629 repetitas
1169 4543 1221 4600 ex
1242 4512 1341 4628 aquit
1354 4513 1512 4628 tepidi,
1534 4516 1666 4600 infusis

110 4717 119 4729 ,
223 4621 351 4710 simul
367 4622 531 4708 floribus
546 4633 585 4708 bt
604 4625 710 4712 foliis
735 4625 939 4733 sambuci,
967 4627 1141 4712 decoeis
1160 4625 1290 4733 fabis,
1319 4624 1461 4732 secali,
1488 4629 1666 4734 hordeo,

213 4732 335 4844 aqud
348 4733 482 4820 mellis
505 4737 713 4850 stillantis,
743 4772 861 4855 quam
885 4741 1127 4858 magnopere
1147 4741 1348 4832 reclament
1372 4738 1554 4826 mulieres
1576 4740 1668 4822 Bn-

275 4896 329 4978 (α)
349 4891 424 4956 Phil·
444 4891 555 4963 sudes.
575 4896 683 4960 Beuder
700 4898 735 4960 de
754 4896 925 4962 cosmam.
944 4896 1098 4981 Argeum
1123 4909 1207 4973 ¹⁷⁶4·
1356 4980 1384 5062 S
1400 4978 1453 5060 ss
1473 4976 1496 4997 ,,

415 5002 421 5029 r
624 5045 628 5052 ¹
1470 5008 1496 5086 ¹l
