4188 5916
632 427 1126 523 CUTANEI'S.
1524 457 1606 553 287

165 589 277 678 Tirm
289 593 389 678 verb
400 591 511 678 dieta
524 593 569 678 srt
587 601 739 703 tenuis,
757 627 833 684 nec
851 603 1002 686 constet
1019 629 1068 684 ex
1088 601 1262 687 sarinosrs
1280 603 1434 710 crassis,
1456 604 1609 718 glutine

166 708 332 792 nutritio
356 707 510 792 refertis
535 738 619 818 qua
642 709 760 796 facile
786 717 1049 798 mutationem
1067 712 1321 828 spontaneam
1341 715 1539 826 subeunt,
1566 728 1609 806 br

166 822 255 908 vitre
271 818 419 904 viribus
438 818 638 908 difficilius
657 823 825 931 cedunt,
843 826 910 910 sed
928 853 978 910 ex
995 824 1213 912 cerealibus
1230 827 1472 912 fermentatis
1481 893 1495 935 ‚
1518 859 1611 916 atre»

167 936 325 1041 noetis,
353 961 456 1050 pane
473 931 681 1044 biscocto,
710 935 886 1023 oleribus
912 936 1052 1024 leviter
1079 938 1258 1045 acribus,
1291 939 1414 1049 qualis
1440 941 1516 1026 suit
1540 944 1609 1030 illa

167 1045 389 1154 Persarum,
399 1046 789 1164 testeXenophonte‚
801 1079 851 1135 ex
861 1055 1060 1157 nasturtio,
1069 1048 1408 1161 quibusaddantur
1419 1054 1468 1137 ad
1479 1082 1610 1142 recen-

167 1161 316 1247 tiorum
336 1157 557 1273 ingluviem
575 1190 711 1247 carnes
731 1163 813 1246 alla
829 1161 1057 1273 pullorum,
1080 1162 1382 1271 cuniculorum,
1404 1166 1609 1280 perdicum

168 1300 242 1387 pro
255 1270 407 1358 viribt·
418 1277 690 1386 agrotantium
707 1308 720 1377 ;
739 1274 808 1360 sed
822 1273 1075 1360 nutriendum
1088 1273 1243 1390 semper
1256 1274 1480 1362 infrlvires.
1492 1284 1609 1392 Aqua

169 1385 367 1498 purilsrma
379 1413 454 1500 pro
465 1410 566 1499 potu
577 1387 836 1493 concedatur,
848 1413 916 1471 aut
925 1412 1151 1471 attenuante
1162 1386 1455 1499 hetblinsesla,
1473 1392 1609 1501 quales

168 1497 210 1580 se
233 1501 408 1613 praestant
425 1501 637 1607 veronica,
663 1497 839 1584 scabiosa
864 1503 1078 1615 pratensis,
1100 1502 1284 1610 echium,
1310 1500 1504 1616 borrago‚
1526 1536 1609 1591 car-

171 1609 358 1717 damine,
384 1611 661 1723 chamaedrys,
681 1614 931 1727 chamaepytis
950 1644 962 1714 3
984 1621 1025 1696 dt
1045 1611 1127 1696 alia
1143 1610 1356 1726 seligantur
1371 1613 1500 1698 herbae
1524 1647 1607 1728 quae
1699 1661 1701 1666 v

170 1724 369 1808 crucifero
384 1726 504 1829 llote,
526 1724 664 1839 sapore
684 1728 766 1810 acri
786 1729 976 1839 infignes,
996 1723 1127 1810 infusa
1148 1751 1280 1812 tamen
1303 1755 1388 1810 non
1411 1730 1608 1844 ingratum

168 1861 309 1948 potum
330 1836 561 1922 conciliant.

225 1948 364 2038 Posteri
386 1952 484 2034 verb
496 2011 509 2054 ,
535 1951 563 2032 sr
585 1978 667 2034 non
688 1950 822 2038 fervor
843 1959 885 2037 dt
909 1954 1014 2038 allus
1036 1951 1222 2037 morbum
1243 1956 1508 2061 comitantur,
1531 1987 1607 2043 nec

169 2057 250 2145 ulla
271 2062 409 2147 adsunt
433 2063 630 2147 erethismi
654 2093 723 2180 pet
742 2063 911 2150 laxantia
930 2064 1099 2149 tollendi
1122 2068 1228 2179 srgna
1240 2127 1254 2172 ,
1278 2066 1327 2150 ad
1350 2071 1607 2180 aperientium

169 2175 282 2258 usum
303 2179 359 2259 ita
375 2175 655 2260 transeundum
675 2181 750 2284 est,
770 2202 816 2261 ut
837 2176 989 2262 leniora
1011 2181 1179 2292 primum
1204 2177 1460 2262 adhibeantur
1482 2209 1607 2290 eaque

172 2316 254 2398 quat
264 2351 278 2396 ,
303 2315 370 2372 aut
386 2287 617 2372 diureticam
639 2292 721 2373 vim
745 2289 950 2394 obtinent,
973 2316 1040 2372 aut
1052 2289 1210 2405 possunt
1226 2294 1404 2375 humoris
1422 2293 1608 2407 perspira-

170 2405 261 2486 torii
282 2404 363 2487 vim
383 2405 645 2485 excretoriam
666 2401 886 2516 adaugere„
904 2404 1005 2513 Qua
1025 2403 1186 2513 quidem
1208 2400 1347 2486 ultima
1364 2406 1507 2510 virtus,
1536 2409 1607 2489 nist

169 2541 351 2629 tempore
366 2523 407 2598 dt
422 2513 520 2597 loco
536 2512 786 2620 adhibeatur,
808 2543 949 2598 manca
968 2516 1020 2616 est
1043 2523 1085 2596 ἃ
1099 2517 1229 2621 fluxa,
1251 2520 1446 2599 cirmnon
1467 2547 1606 2603 omnes

168 2631 277 2712 horat
296 2626 405 2738 aqud
424 2629 548 2710 fluxui
565 2626 840 2739 perspiratorio
862 2626 1095 2711 commodas
1116 2625 1155 2709 se
1203 2629 1359 2710 raeslent.
1388 2627 1499 2712 Hinc
1519 2631 1606 2714 serb

168 2738 356 2826 omnibus
379 2739 428 2823 ad
453 2740 636 2822 somnum
662 2741 921 2854 composrtis,
943 2735 1108 2850 prosunt
1128 2657 1253 2820 inlisa
1277 2736 1469 2848 meliloti,
1487 2771 1606 2855 papa-

171 2857 274 2942 veris
289 2855 470 2960 erratici,
496 2854 581 2935 imb
595 2853 636 2932 in
651 2848 748 2936 laxis
765 2860 807 2935 dc
823 2847 1060 2966 languidulis
1076 2848 1200 2933 infusa
1214 2850 1477 2958 santalorum,
1498 2853 1608 2939 salsa-

170 2971 276 3074 fras,
296 2976 338 3051 dc
359 2966 524 3050 decobla
546 2963 651 3048 satsat
722 2963 838 3072 tilla,
858 2964 1105 3070 chinae,imb
1123 2960 1282 3078 &ligni
1303 2962 1420 3047 saneti
1428 3025 1443 3070 ,
1466 2966 1606 3054 additis

171 3078 292 3199 parcit
310 3079 394 3164 dost
416 3076 545 3164 salinis
565 3076 689 3162 volart
721 3075 807 3162 bus·

227 3189 438 3279 Familiare
456 3194 508 3276 ell
529 3193 664 3274 nostris
680 3188 921 3297 jusculorum
938 3187 1008 3272 sub
1022 3188 1151 3274 sormi
1166 3250 1180 3294 ,
1205 3190 1289 3272 imb
1311 3195 1351 3272 lit
1370 3219 1488 3275 carne
1505 3193 1607 3276 vitu·

171 3306 253 3394 lina
274 3309 448 3390 cicurata
470 3302 658 3390 exhibere
675 3303 841 3387 decosia
860 3303 1037 3386 radicum
1063 3302 1210 3388 helenii
1220 3364 1233 3407 ,
1262 3299 1429 3417 lapathi,
1451 3301 1603 3412 brusci,

174 3417 355 3540 ‘mdis
367 3481 381 3524 ,
403 3419 487 3502 imb
512 3424 555 3502 ὃ(
575 3417 700 3500 infusa
724 3417 884 3531 raphani
909 3417 1108 3522 rusticani,
1138 3418 1218 3520 ari,
1244 3414 1484 3526 aliarumque
1506 3417 1607 3500 srmi-

174 3533 273 3618 lium
292 3529 516 3646 plantarum
536 3532 637 3612 inter
658 3559 753 3639 quas
770 3527 887 3614 laude
905 3531 1054 3612 eminet
1074 3529 1183 3613 radix
1202 3523 1311 3634 junci
1333 3555 1382 3611 ex
1400 3528 1605 3642 provincii

175 3639 571 3732 Gallo-meridionali
584 3668 713 3744 eruta,
730 3641 872 3751 quibua
886 3641 1034 3724 addunt
1046 3639 1146 3724 folia
1158 3637 1394 3754 borraginis,
1411 3639 1579 3754 buglollr
1588 3705 1602 3747 ,

174 3756 386 3875 saponaria
405 3751 585 3859 majoris,
605 3753 799 3859 fumaria,
815 3752 1022 3862 caeresolii,
1043 3752 1311 3869 scolopendrii
1332 3752 1485 3864 aliaque
1506 3751 1605 3839 folia

175 3868 436 3988 aperientium
458 3864 690 3979 plantarum.

231 3979 315 4067 Sed
330 3977 379 4063 ad
393 3977 541 4064 sacram
554 3979 736 4063 videntur
750 3981 965 4064 anchoram
979 3979 1220 4096 confugisse,
1236 3976 1304 4061 ubi
1321 3980 1380 4061 his
1395 3975 1604 4083 adjunxere

175 4097 307 4184 arcani
335 4091 524 4209 duplicati
550 4089 778 4177 drachmam
800 4123 918 4178 unam
940 4121 1006 4179 aut
1029 4093 1216 4197 alteram,
1248 4088 1358 4196 quod
1377 4088 1432 4171 sal
1459 4093 1625 4177 virtute

176 4203 369 4296 diureticl
394 4205 664 4321 distinguitur,
694 4230 810 4318 atque
833 4204 968 4292 alvum
989 4206 1196 4308 solvente,
1221 4200 1288 4283 sed
1305 4201 1455 4287 summi¹
1482 4233 1602 4318 pene-

175 4323 296 4408 tranti
317 4318 495 4405 efficacii
519 4319 722 4434 praeditum
735 4320 890 4404 videtur
910 4320 960 4401 ad
981 4319 1163 4402 vasorum
1180 4313 1341 4398 ultimos
1363 4316 1460 4401 fines
1483 4345 1603 4511 pene·

179 4461 308 4542 trare,
332 4432 468 4544 ibique
486 4438 568 4518 vim
589 4427 760 4539 aliquam
785 4428 1004 4514 notabilem
1026 4454 1206 4533 exerere,
1230 4429 1444 4512 irritantem
1468 4434 1481 4512 i
1514 4461 1600 4539 am,

178 4553 271 4638 clun
286 4549 453 4662 pruritus
464 4573 575 4630 acres
589 4543 822 4656 assumptum
836 4543 1042 4640 concitet3
1064 4540 1169 4624 undi:
1182 4570 1264 4625 non
1275 4540 1447 4654 semper,
1460 4544 1543 4626 imb
1560 4549 1602 4630 in

179 4659 377 4749 erethismi
397 4657 575 4771 periculo
589 4685 790 4767 nunquam
804 4650 1068 4737 adhibendum
1082 4655 1144 4737 est.
1173 4655 1226 4738 Et
1250 4655 1357 4738 certe
1380 4654 1538 4740 mallem
1558 4661 1601 4740 in
1728 4663 1731 4672 ’

180 4801 352 4862 cutaneo
367 4771 475 4857 laetis
485 4773 604 4878 vitio,
617 4773 645 4854 st
656 4795 794 4854 catera
804 4795 887 4851 non
899 4793 1138 4884 repugnent,
1154 4765 1284 4883 aliqua
1296 4767 1383 4856 salis
1395 4768 1599 4886 saponacei

178 4889 403 4976 tacheniani
423 4912 543 5000 grana
559 4883 603 4971 iu
621 4883 735 4970 usum
752 4909 954 4973 revocat.
1076 4940 1081 4948 ·
1415 4925 1422 4940 ν
1614 4918 1620 4926 ·
