4188 5916
489 491 571 570 332
926 453 1529 544 ornroanrs·

490 651 676 734 quantam
691 623 826 708 saltem
840 621 943 736 apud
961 649 1035 702 nos
1049 619 1167 702 fidem
1182 645 1403 702 mereantur
1416 616 1666 728 experientia
1680 615 1732 698 est
1748 615 1922 698 statuere.

491 740 601 824 Rem
621 745 661 822 in
681 724 905 852 herpetihus
930 731 1169 848 simplicibus
1190 735 1317 814 minis
1347 758 1567 842 congruam
1593 755 1713 840 agere
1740 727 1869 832 foret,
1896 731 1921 809 li

491 881 680 966 magnum
696 855 802 932 hunc
818 851 1068 930 curationum
1082 873 1308 958 apparatum
1323 843 1611 926 adhiberemus.
1636 843 1692 923 At
1708 845 1750 922 in
1766 837 1923 944 majoris

492 967 687 1048 momenti
707 965 881 1044 cutaneis
903 955 1077 1063 morbis,
1107 984 1150 1040 ut
1178 964 1220 1041 ὃ(
1247 962 1290 1039 in
1319 959 1468 1039 caeteris
1496 951 1705 1068 hlymphal
1726 957 1921 1066 stagnante

490 1073 751 1192 pendentibus
775 1071 976 1156 affettibus
997 1075 1039 1153 in
1062 1069 1203 1179 quibus
1226 1096 1378 1152 veteres
1401 1067 1706 1150 insufficientem
1726 1065 1922 1151 medelam

492 1184 779 1291 admovebant,
801 1210 943 1294 quanta
963 1183 1053 1265 inde
1074 1183 1160 1296 spes
1181 1181 1275 1264 afful
1305 1207 1369 1264 eat
1388 1180 1549 1264 evidens
1572 1183 1637 1263 est.

547 1301 692 1382 Notati
712 1325 844 1381 tamen
865 1295 987 1380 velim
1013 1299 1054 1378 in
1080 1293 1280 1379 hoc·adhi
1333 1294 1414 1376 ndo
1440 1293 1705 1377 medicamine
1730 1291 1922 1376 summam

490 1411 569 1498 effe
590 1410 826 1493 afferendam
847 1411 1105 1492 attentionem
1125 1407 1175 1490 ad
1194 1435 1387 1520 agrorum
1406 1408 1756 1510 constitutionem,
1781 1413 1822 1488 ἃ
1844 1407 1921 1489 fer-

490 1521 708 1610 vidioribus
731 1520 1194 1634 Gallorumcorporibus
1213 1519 1303 1603 ante
1325 1517 1486 1603 medela
1510 1515 1624 1623 hujus
1643 1519 1754 1600 usum
1773 1517 1921 1601 summs

493 1665 594 1748 opus
623 1634 699 1719 esse
725 1638 1025 1749 praeparatione,
1059 1662 1110 1718 ne
1138 1634 1319 1718 mordeat
1355 1636 1469 1716 nimis
1503 1658 1706 1714 attenuans
1738 1629 1851 1712 frmul
1880 1639 1921 1714 dr

490 1746 687 1832 stimulans
711 1748 983 1830 medicamen:
1010 1749 1096 1828 imb
1119 1749 1207 1828 rarb
1227 1748 1268 1828 in
1287 1748 1488 1858 principiis
1508 1748 1588 1856 agit
1607 1745 1687 1826 stne
1707 1771 1919 1856 augmento

491 1861 667 1945 evidenti
698 1858 778 1964 ejus
807 1890 925 1970 quam
960 1885 1095 1942 curare
1124 1885 1318 1942 tentamus
1345 1859 1561 1970 eruptionis
1585 1889 1597 1956 ;
1626 1855 1720 1938 inde
1749 1855 1919 1940 Medicis

491 1975 546 2056 im
577 1972 723 2056 rovidis
743 1998 897 2076 metus,
920 1979 962 2055 δι
980 1975 1089 2084 aegris
1106 1971 1336 2086 desperatio.
1357 1969 1410 2050 Sa
1438 1972 1553 2052 ientis
1575 1969 1647 2072 est,
1673 1964 1919 2082 fiphlogohs

492 2003 627 2189 inflet,
657 2081 993 2168 amedicamento
1020 2109 1238 2196 temperare
1270 2091 1312 2166 ὅ(
1338 2000 1502 2186 cellite,
1532 2082 1664 2164 donec
1689 2079 1919 2166 humoribus

492 2196 632 2281 sedatis
654 2205 1015 2311 &contemperato
1039 2195 1258 2279 solidorum
1279 2221 1380 2278 tono
1402 2197 1519 2306 pollit
1537 2191 1636 2280 illud
1656 2196 1737 2277 stne
1751 2195 1918 2276 tumultu

492 2315 534 2392 ὅ(
554 2309 766 2394 erethisnio
786 2337 901 2422 agere
918 2341 930 2409 3
952 2306 1134 2422 praterea
1151 2311 1247 2391 vero
1269 2337 1363 2390 cum
1380 2305 1610 2390 nostratibus
1633 2307 1810 2389 Medicis
1830 2303 1921 2410 ejus·

493 2419 585 2504 dem
616 2419 769 2504 consilii
797 2425 991 2553 particeps
1012 2419 1125 2526 sum,
1155 2423 1223 2530 qui
1250 2417 1387 2523 jubent
1409 2422 1614 2534 purgantia
1634 2419 1919 2504 attenuantibus

490 2533 779 2639 intermiscere,
802 2561 853 2617 ne
873 2531 1026 2617 scilicet
1046 2536 1162 2616 nimis
1183 2559 1378 2618 attenuata
1398 2537 1578 2616 materies
1601 2536 1750 2644 stagnct
1772 2535 1813 2614 in
1835 2561 1920 2615 cor-

490 2672 589 2758 pore
616 2654 657 2730 ὅ(
685 2674 834 2730 meatus
860 2644 931 2728 srbi
953 2674 1037 2727 non
1065 2645 1271 2730 destinatos
1296 2671 1497 2759 occupet,
1524 2645 1921 2761 perspirationemque

490 2755 612 2842 fallat.
652 2758 784 2843 Fateri
814 2762 911 2843 verb
946 2755 1066 2842 debet
1097 2787 1156 2842 ars
1190 2759 1345 2843 medica
1374 2757 1483 2869 qubd
1513 2763 1607 2841 cum
1634 2757 1921 2843 medicamenta

490 2866 727 2955 eleuionem
750 2872 962 2956 humorum
987 2868 1008 2953 a
1031 2868 1166 2954 natural
1189 2901 1273 2955 non
1297 2872 1527 2975 sortiantur,
1554 2869 1649 2953 dum
1670 2895 1796 2982 partes
1817 2897 1921 2956 atte-

490 2981 663 3066 nuandas
682 3009 884 3067 attenuant
904 2993 946 3068 δι
965 2981 1150 3090 solvunt,
1177 2984 1315 3070 misere
1335 2987 1454 3068 etiam
1473 2981 1673 3067 solvanmr
1688 3007 1818 3096 prutes
1837 3013 1920 3093 qutt

489 3120 631 3178 eorum
662 3099 817 3178 astione
849 3095 1069 3179 nullatenlts
1101 3121 1262 3208 egerent
1289 3129 1301 3197 3
1336 3099 1430 3180 hinc
1460 3092 1759 3179 accumulantur
1784 3123 1836 3180 ex
1867 3100 1919 3181 rei

489 3205 715 3292 necessitate
737 3233 1010 3312 excrementa,
1035 3207 1315 3320 couionesque
1342 3217 1385 3293 dt
1411 3213 1660 3293 excretiones
1683 3210 1825 3292 vitium
1851 3209 1918 3292 ali-

489 3317 601 3430 quod
622 3319 920 3427 nanciscuntur,
968 3319 1052 3404 uod
1070 3325 1186 3404 anuo
1208 3325 1389 3406 omnium
1405 3347 1751 3406 excrementorum
1770 3325 1918 3436 impetu

489 3426 712 3547 propellere
737 3431 890 3547 semper
914 3349 1077 3516 stilutare
1099 3435 1181 3540 est,
1211 3463 1434 3546 quanquam
1455 3432 1567 3519 aliter
1588 3433 1654 3518 alii
1677 3433 1858 3519 sentiant.

543 3541 681 3630 Altera
700 3544 783 3658 spes
802 3547 855 3628 est
876 3546 964 3630 fore
984 3571 1028 3628 ut
1050 3549 1230 3632 materies
1253 3550 1460 3662 herpetum
1480 3547 1595 3663 poffit
1614 3575 1684 3662 per
1701 3550 1822 3630 urina
1839 3550 1917 3633 vias

487 3655 688 3742 amandari
711 3667 754 3744 ὃ(
777 3685 974 3742 attenuata
995 3662 1176 3743 evacuari
1200 3687 1270 3775 per
1294 3662 1369 3744 hos
1395 3659 1588 3745 naturales
1613 3663 1918 3745 excrementitiis

487 3767 700 3856 evehendis
733 3770 967 3856 humoribus
1003 3775 1190 3857 tramites.
1236 3773 1387 3858 Verbm
1419 3773 1537 3885 quim
1567 3771 1688 3856 fallax
1727 3781 1769 3857 ὃ(
1806 3771 1918 3885 quim

486 3883 593 3970 fluxa
625 3882 743 3999 polht
772 3883 848 3968 elle
878 3885 961 3967 hate
998 3883 1228 3998 emulgendi
1267 3889 1454 3972 humores
1491 3891 1555 3973 via
1592 3885 1747 3978 Medici
1782 3913 1917 3970 omnes

487 4023 646 4084 norunt.
673 3996 794 4082 Latet
816 3998 922 4082 enim
941 3993 1012 4079 illa
1036 4001 1215 4082 excretio
1238 3997 1307 4080 sub
1331 4025 1497 4106 natura,
1524 3997 1591 4084 sed
1616 4027 1699 4082 non
1728 3996 1799 4082 sub
1832 4003 1919 4083 artis

487 4109 668 4221 imperio.
699 4110 884 4196 Laricem
908 4137 1077 4219 aqueum
1098 4107 1291 4220 illumque
1318 4142 1370 4196 co
1397 4112 1525 4201 iosum
1545 4141 1614 4228 per
1633 4139 1744 4196 renes
1764 4110 1919 4227 propel-

488 4213 571 4303 lere
593 4250 675 4304 non
696 4223 797 4308 adei>
822 4221 1014 4330 difficile,
1042 4221 1109 4307 sed
1126 4227 1281 4308 cottam
1302 4232 1343 4307 δι
1365 4143 1653 4341 depuratoriam
1672 4227 1828 4309 urinam
1849 4223 1920 4310 eli-

489 4331 682 4416 cerevere
694 4336 931 4450 impossibile
969 4339 1301 4444 ronunciaverim,
1313 4339 1392 4423 stne
1408 4344 1548 4426 erroris
1562 4365 1682 4422 metu.
1699 4337 1825 4423 Certe
1839 4369 1920 4422 non

489 4443 673 4529 immunis
694 4447 748 4530 est
768 4369 978 4559 aliquanth
1002 4453 1207 4566 herpetico
1236 4451 1378 4538 fomite
1395 4455 1522 4538 vesica
1541 4455 1672 4536 urina.
1699 4451 1747 4537 ld
1769 4451 1921 4536 novisse

487 4551 643 4640 videtur
655 4555 922 4672 Hippocrates
937 4565 1017 4647 ina
1045 4564 1237 4648 horismis.
1257 4564 1337 4650 Illo
1356 4595 1512 4652 veneno
1527 4568 1694 4678 parietes
1712 4561 1829 4670 hujus
1850 4563 1922 4648 vis·

487 4667 590 4750 ceris
619 4666 788 4754 indurari
818 4699 958 4758 notum
988 4596 1043 4760 eh
1054 4738 1070 4785 ,
1101 4677 1281 4788 adebque
1311 4681 1462 4762 fluxum
1494 4681 1692 4764 urinarum
1722 4680 1922 4792 intercipi.

486 4777 579 4866 Ima
597 4804 678 4860 non
697 4776 880 4867 ultimum
901 4787 1022 4870 estex
1046 4795 1202 4904 organis
1223 4795 1368 4904 quain
1389 4789 1543 4876 senibus
1539 4822 1640 4996 tpltat
1662 4791 1808 4875 fomite
1830 4795 1923 4874 her·

1602 4936 1624 4996 ἃ
1636 4932 1659 4990 C

388 4955 396 4964 -
486 4891 623 5010 petico
639 4887 890 4986 indurescunt
903 4901 1081 5014 prostata.
1103 4904 1218 5022 Quin
1231 4911 1273 4994 δι
1288 4907 1452 4996 interior
1467 4934 1537 4998 ure
1661 4899 1923 5020 oaliquutdb

2074 409 2076 500 l

2075 577 2076 622 t
