4292 5904
448 417 584 516 .6½
938 402 1043 498 DE
1125 415 1508 506 MoRBIs

502 599 570 656 aut
589 601 710 766 penas
736 574 904 688 emergit
925 605 937 674 ;
965 577 1071 662 unde
1095 581 1139 662 sit
1159 607 1203 664 ut
1223 579 1352 695 plures
1375 612 1449 698 pro
1472 590 1591 678 causa
1615 591 1743 679 morbi
1764 591 1945 682 habeant

502 685 586 768 fimi
605 687 685 768 ium
717 685 953 800 pustularum
982 689 1269 798 cessationem,
1299 696 1410 804 quod
1434 729 1483 792 ut
1510 737 1591 788 non
1618 707 1769 819 semper
1798 737 1942 792 verum

503 800 584 904 est,
607 799 661 880 ita
678 825 878 908 nunquam
900 827 1033 886 tamen
1060 804 1359 918 negligendum,
1368 805 1481 904 Nam
1502 818 1875 906 convalescentibus
1898 831 1939 906 31

501 911 665 994 infirmis
692 909 838 996 viribus
863 910 937 996 illa
964 921 1093 1000 rursirs
1119 947 1202 1006 non
1226 946 1443 1050 apparent,
1470 962 1553 1016 non
1574 934 1702 1017 smum
1728 932 1768 1016 se
1785 934 1939 1041 videri,

500 1023 571 1104 ¹¹3st
592 1027 694 1162 §ciam
723 1025 825 1108 Vires
858 1031 899 1110 ὅ(
929 1025 1081 1140 Plestius
1108 1032 1201 1131 vitae
1229 1051 1407 1161 regimen
1437 1046 1672 1160 superfluum
1703 1049 1745 1128 in
1768 1075 1941 1160 corpore

498 1161 631 1255 ῖξιῑῑῧΰὲ
652 1165 814 1271 1ὓὲθῦθῖ
816 1165 929 1222 amnt
949 1149 990 1222 ἅ
1005 1143 1295 1264 PFO‘iuxerunt.
1315 1158 1482 1244 Scilicet
1498 1160 1539 1240 in
1557 1187 1608 1243 eo
1628 1161 1717 1241 vitae
1733 1185 1814 1242 tem
1875 1187 1936 1264 re,

502 1253 674 1344 evolutis
699 1249 882 1386 ominbus
905 1277 1067 1382 meanis
1080 1335 1095 1379 ,
1123 1284 1164 1357 δε
1187 1271 1383 1388 glandulis
1396 1269 1776 1376 efflorescentium,
1808 1187 1939 1385 isper-

502 1368 676 1456 2b1¹ssd³t
705 1363 792 1497 ¹11¹?
811 1367 961 1468 humor
989 1389 1152 1492 coetus,
1182 1396 1225 1472 dc
1256 1387 1436 1471 omnium
1470 1413 1711 1498 organorum
1743 1387 1936 1468 aelionem

505 1507 715 1615 expertus,
739 1475 897 1604 ohdus,
924 1502 1230 1586 &excrementi
1253 1502 1358 1584 coeii
1380 1503 1544 1582 nomine
1561 1495 1831 1610 expellendus.
1852 1499 1935 1608 Qui

503 1599 535 1682 sl
559 1624 643 1688 vles
665 1593 691 1696 i
713 1608 849 1695 naturai
868 1637 1016 1726 apertas
1039 1642 1123 1697 non
1146 1615 1307 1720 inierit,
1330 1610 1594 1720 undequique
1615 1608 1804 1715 flueuat,
1832 1617 1877 1694 dt
1897 1614 1936 1695 in

503 1711 653 1807 faeiem
676 1722 884 1838 praesertim
908 1725 1144 1840 deponitur,
1169 1723 1223 1810 ob
1242 1728 1490 1810 imminutam
1511 1724 1757 1806 resrsientiam
1770 1784 1784 1827 ,
1808 1723 1937 1808 forsan

508 1843 552 1922 &
581 1834 635 1920 ob
666 1834 889 1974 analogiam
913 1841 1090 1924 humoris
1118 1837 1173 1922 ibi
1200 1839 1368 1944 secreti,
1397 1844 1481 1921 tum
1506 1836 1625 1919 etiam
1652 1835 1763 1945 qubd
1794 1838 1933 1918 refluus

507 1952 654 2032 humor
683 1949 814 2032 frustra
838 1950 1031 2032 viscerum
1064 1951 1277 2034 fortiorum
1311 1977 1438 2036 tentet
1465 1949 1644 2032 affeoare
1673 1947 1931 2060 organismum

507 2059 612 2144 bene
628 2064 875 2144 resistentem.
895 2061 1010 2144 Unde
1026 2061 1113 2175 plus
1130 2067 1222 2146 viris
1241 2059 1359 2171 quim
1375 2065 1549 2146 foeminis
1567 2061 1726 2144 assessus
1745 2059 1816 2144 ille
1827 2090 1931 2144 corn·

536 2177 639 2272 etit;
662 2172 831 2280 virisque
863 2173 986 2255 multa
1016 2183 1059 2257 dt
1089 2173 1280 2289 indigesto
1314 2176 1454 2258 ordine
1486 2169 1785 2258 comedentibus
1818 2172 1928 2282 quint

507 2205 661 2369 sobriis.
696 2282 888 2374 Mulieres
918 2315 1001 2395 qua
1028 2286 1180 2370 fluxum
1210 2285 1480 2370 menstrualem
1512 2290 1712 2399 patiuntur
1737 2289 1858 2368 nsinds
1879 2288 1924 2367 iis

509 2395 732 2484 tumoribus
753 2393 947 2482 obnoxias
967 2397 1043 2482 esse
1061 2397 1206 2482 debere
1224 2395 1343 2508 quim
1364 2426 1488 2482 mares
1506 2399 1667 2482 evidens
1685 2400 1758 2500 est,
1775 2395 1931 2509 plusque

508 2507 603 2594 mali
629 2509 761 2594 sterilis
787 2513 833 2594 iis
859 2511 1143 2626 experiendum
1173 2509 1250 2595 esse
1275 2540 1359 2622 quae
1385 2509 1488 2594 male
1516 2515 1558 2594 ὅ(
1586 2509 1791 2612 incondite
1816 2507 1935 2594 mens-

490 2648 597 2736 ,trua
617 2626 882 2737 experiuntur.

565 2734 725 2826 Peraea
767 2733 944 2820 ubertate
960 2733 1092 2840 &jam
1114 2737 1274 2849 integris
1291 2732 1439 2820 viribus
1455 2733 1551 2850 sape
1571 2731 1625 2818 ob
1643 2737 1764 2817 animi
1781 2734 1936 2818 affeilus

508 2849 664 2953 tristes,
699 2765 855 2932 labores
882 2847 1119 2952 indefessos,
1154 2857 1195 2934 dt
1228 2845 1422 2961 precipue
1447 2853 1616 2954 anxios,
1652 2848 1775 2932 facies
1804 2847 1932 2930 iisdem

509 2957 623 3063 masis
647 2960 846 3066 afficitur,
867 2959 1022 3046 latentis
1045 2964 1085 3044 in
1105 2960 1186 3047 bile
1210 2969 1251 3044 ὅ(
1274 2957 1355 3065 ejus
1379 2960 1598 3045 secretione
1615 2963 1701 3043 vitii
1725 2961 1937 3063 indicium,

407 3109 416 3176 ¹.
510 3079 554 3158 dt
577 3069 846 3184 languentium
869 3073 960 3157 inde
982 3073 1348 3184 coeiionum'atque
1366 3097 1548 3158 extremae
1571 3071 1673 3156 illisis
1697 3073 1936 3268 perspiratio-

509 3188 570 3268 nis
593 3215 676 3292 quae
701 3186 780 3267 sme
801 3212 934 3268 earum
957 3187 1199 3299 perfessione
1218 3186 1387 3299 persedia
1411 3185 1488 3270 esse
1513 3215 1596 3268 non
1620 3187 1758 3299 potest.
1826 3186 1938 3270 raefer-

510 3293 602 3380 vida
618 3297 763 3378 horum
783 3294 860 3378 esse
875 3296 1024 3380 viscera
1036 3296 1191 3382 aiebant
1203 3327 1378 3405 veteres,
1399 3307 1441 3383 dc
1461 3298 1627 3381 ssmilem
1641 3297 1769 3381 vultui
1793 3299 1937 3412 hepatis

509 3404 754 3604 {ubstantiam
778 3403 942 3494 volebat
968 3403 1236 3495 Balloniusin
1263 3409 1341 3494 illis
1369 3441 1470 3522 quos
1493 3409 1663 3494 vocabet
1682 3407 1853 3518 ἷξιρῦθρυς
1875 3439 1935 3493 ru·

537 3545 712 3606 erentes.

547 3519 716 3718 sVerlnn
735 3661 795 3717 res
814 3635 912 3716 mihi
927 3633 1109 3718 accurate
1127 3635 1313 3750 perpensa
1328 3635 1548 3720 dissimilem
1565 3637 1730 3718 omnino
1746 3637 1939 3720 theoriam

510 3743 712 3828 indicavit.
741 3745 846 3826 Com
871 3749 978 3830 enirn
1003 3750 1043 3828 in
1066 3745 1144 3830 illis
1166 3778 1248 3832 non
1273 3749 1398 3832 modo
1423 3748 1544 3830 mbor
1564 3747 1724 3858 simplex
1744 3751 1853 3854 infit,
1875 3747 1938 3830 sed

511 3859 633 3940 mixta
658 3856 817 3972 pullulis
843 3857 1171 3973 suppurantibus,
1200 3887 1269 3944 aut
1294 3861 1501 3944 mucosum
1530 3861 1739 3944 humorem
1770 3860 1936 3944 funden·

510 3967 617 4054 tibus
635 3969 731 4056 adsit
752 3968 889 4054 baseos
910 3969 1088 4077 rubedo,
1111 3971 1207 4086 saepe
1231 3978 1350 4057 etiam
1368 3971 1553 4077 lividior,
1573 3975 1666 4054 huic
1685 3973 1802 4056 faciei
1822 3975 1937 4054 affec·

511 4085 569 4164 tui
586 4081 715 4166 ansam
739 4082 831 4168 dare
847 4083 936 4168 visae
957 4082 1046 4166 sunt
1061 4085 1274 4198 perversa,
1291 4085 1345 4170 ob
1366 4081 1575 4170 ventriculi
1601 4087 1804 4190 merdam,
1832 4111 1933 4166 con-

511 4197 742 4302 coeliones,
764 4227 847 4307 quae
861 4193 931 4279 bili
946 4199 1064 4280 etiam
1080 4201 1220 4280 vitium
1241 4202 1565 4302 communicant,
1592 4196 1696 4281 unde
1718 4227 1799 4280 non
1817 4193 1936 4279 semel

483 4305 594 4388 ·vidi
624 4336 717 4389 cum
747 4305 980 4392 chloroseos
1007 4312 1121 4392 initio
1146 4309 1293 4394 malurn
1321 4309 1421 4394 illud
1448 4307 1668 4420 conjungi,
1699 4318 1743 4392 dt
1775 4307 1936 4392 rubores

511 4407 604 4500 illos
622 4420 663 4502 in
679 4421 915 4506 flavedinem
938 4419 1045 4506 abire
1062 4447 1180 4534 atque
1200 4427 1375 4508 ie'ierum.
1392 4421 1492 4506 Hac
1511 4449 1640 4504 autern
1661 4425 1709 4504 iis
1729 4421 1932 4526 accidunt,

510 4533 1205 4732 llssllllliliilili'mlll
1227 4533 1934 4734 liianliilll‘illll?

511 4749 618 4881 tibus
637 4753 769 4840 affliei
791 4764 914 4845 vitam
935 4761 1085 4876 degunt
1107 4713 1381 4847 morbsrorem.
1403 4761 1513 4876 Saepe
1535 4765 1653 4843 etiam
1673 4761 1814 4842 vitium
1836 4757 1933 4841 illud

510 4867 560 4950 iis
582 4866 729 4980 mgruit
751 4873 819 4978 qui
841 4871 983 4962 melius
1004 4878 1092 4964 vite
1115 4879 1331 4966 institutum
1350 4877 1574 4964 affee'lautes
1592 4877 1689 4962 vino
1711 4871 1825 4984 quod
1849 4899 1930 4962 mee
