4250 5898
627 451 1162 552 UUTANEIS'
1521 463 1605 582 fis

165 609 331 733 aliisque
341 611 529 708 ¹lomentis
543 642 659 734 atque
674 621 910 711 lenientibus
924 613 1251 742 applicationibus
1267 619 1390 712 cutim
1401 615 1448 713 ’δέ
1462 659 1602 720 omnes

171 731 253 840 ejus
275 761 400 848 partes
422 737 474 817 ita
523 734 730 820 erfundere
749 735 964 844 debemus,
984 763 1028 820 ut
1046 741 1179 822 omnia
1199 741 1428 825 humescant
1450 746 1598 830 &sero

169 846 361 932 diffluant.
391 837 470 932 Sed
490 763 689 932 frictiones
709 849 846 955 srccae,
873 853 1059 934 exercitia
1077 851 1171 934 dura
1189 859 1230 936 bt
1251 853 1382 967 aspera
1399 857 1601 965 prohiberi

169 955 338 1064 debent,
356 959 677 1069 quandoquidem
692 965 936 1076 experientiae
950 965 1001 1047 est
1015 961 1062 1044 ab
1081 965 1140 1046 his
1160 964 1265 1047 nasci
1276 993 1457 1050 verrucas
1471 973 1515 1054 iis
1531 975 1598 1080 qui

171 1069 269 1154 dura
288 1077 450 1155 tradant
471 1072 618 1156 affidub
642 1103 831 1188 corpora,
855 1075 964 1186 quod
983 1078 1034 1158 eb
1054 1079 1177 1188 magis
1198 1078 1401 1160 vitandum
1419 1082 1471 1162 est
1491 1083 1599 1192 quod

47 1235 55 1244 ·
167 1184 321 1269 interna
346 1185 545 1302 dispositio
574 1188 697 1298 magis
723 1187 886 1296 quadrat
910 1217 1003 1270 cum
1026 1187 1243 1273 asliombus
1267 1195 1449 1278 externis.

438 1411 1310 1499 PARAGRAPHUSIH.

634 1623 702 1708 De
715 1620 850 1732 fiC‘fiS
884 1621 1123 1709 Tumoribue

226 1845 315 1937 Jam
339 1844 388 1931 de
412 1847 541 1930 ficosrs
564 1847 785 1933 tumoribus
806 1849 954 1934 dicum
973 1851 1025 1934 est
1044 1877 1094 1934 ex
1117 1847 1296 1954 Galeno,
1322 1848 1440 1934 Abtio
1462 1861 1527 1958 (α)
1557 1853 1600 1940 bt'

167 1958 356 2044 'Oribasto
378 1993 390 2062 3
418 1965 589 2072 cumque
610 1962 658 2047 ad
677 1961 994 2076 suppurationem
1019 1961 1079 2045 illi
1106 1991 1305 2050 vertantur
1312 1960 1450 2067 ,alibi
1479 1966 1529 2050 de
1552 1971 1600 2052 iis

169 2073 385 2157 dicendum
404 2074 490 2157 fuit:
509 2075 681 2182 Verum,
705 2101 867 2159 notante
888 2074 1010 2158 Celso
1028 2075 1087 2180 (b)
1098 2136 1112 2181 ‚
1141 2079 1285 2158 horum
1304 2073 1387 2156 duae
1404 2075 1492 2159 sunt
1511 2078 1599 2192 spe-

171 2191 266 2271 cies.
298 2185 435 2271 Altera
463 2185 604 2272 ulceris
632 2190 784 2272 humidi
815 2195 856 2272 bt
882 2190 1040 2293 carnei,
1063 2187 1183 2271 altera
1210 2187 1328 2270 durus
1361 2195 1402 2270 δι
1430 2189 1600 2278 callosus

166 2325 305 2384 tumor
327 2303 379 2383 est
390 2363 405 2406 ,
430 2304 496 2410 qui
523 2299 660 2414 gluten
680 2302 852 2414 paucum
872 2301 1087 2415 profundit.
1118 2299 1203 2382 Hic
1226 2288 1500 2384 &chronicus
1522 2306 1597 2409 est,

171 2419 216 2497 ot
230 2411 325 2525 saepe
334 2475 348 2516 ‚
373 2417 464 2493 cnm
481 2413 692 2518 exarescit,
715 2441 945 2519 verrucam,
962 2412 1181 2522 thymium,
1197 2439 1312 2495 varos
1327 2411 1597 2524 repraesentat,

169 2521 196 2608 a
218 2521 357 2633 quibus
381 2523 535 2607 differre
560 2526 682 2606 ficum
706 2527 761 2606 ait
780 2526 919 2608 Aetius
938 2527 980 2606 in
1000 2550 1052 2607 eo
1075 2525 1182 2633 qubd
1203 2522 1402 2635 liquorem
1425 2521 1598 2636 aliquem

169 2635 311 2720 fundat
332 2637 400 2744 qui
424 2635 560 2721 evaro
583 2633 690 2719 nullst
711 2639 863 2720 rarione
887 2639 980 2720 exit.

229 2749 264 2834 F
266 2750 362 2832 icosr
381 2774 556 2833 tumores
577 2748 787 2859 aliquando
807 2752 967 2834 connati
988 2750 1088 2834 sunt.
1108 2744 1254 2861 Figurst
1272 2745 1511 2860 potissimbm
1531 2739 1602 2834 vass

172 2867 285 2946 riant.
314 2861 569 2974 Quandoque
591 2859 613 2944 *a
633 2860 782 2948 morbis
804 2865 978 2947 cutaneis
1000 2859 1258 2976 distinguendi
1277 2859 1388 2966 sunt,
1413 2866 1505 2944 cum
1523 2862 1601 2948 alte

174 2981 218 3061 in
239 3000 349 3059 textu
371 2973 546 3058 cellulari
571 2976 721 3060 radices
742 2975 947 3059 obtineant
964 3001 1171 3086 ,tuncque
1193 2972 1385 3058 confundi
1403 3001 1604 3060 merentur

170 3119 268 3175 cum
289 3085 478 3194 altaspata
501 3091 767 3197 atheromate,
800 3087 910 3200 quod
936 3087 1150 3172 dicendum
1176 3087 1281 3170 foret
1301 3087 1451 3192 α’θῆρομα
1475 3118 1487 3188 3
1508 3117 1601 3171 nam

178 3203 375 3286 derivatur
400 3199 421 3283 ὲ
446 3199 648 3285 vocabulo
662 3203 775 3309 at’ltpa
797 3199 862 3286 vel
885 3201 998 3310 allapsa
1010 3265 1023 3309 ,
1047 3204 1098 3286 eb
1125 3199 1233 3310 qubd
1257 3223 1391 3283 tumor
1415 3198 1485 3284 ille
1511 3197 1602 3314 pul-

172 3311 336 3399 ticulam
357 3313 565 3425 quamdam
583 3318 810 3420 contineat,
832 3315 1162 3426 distinguaturque
1180 3315 1331 3398 tantiam
1353 3313 1599 3398 crassitudine

175 3428 356 3511 contenti
380 3423 401 3508 a
423 3425 653 3514 meliceridc
677 3433 718 3510 ὃ(
743 3429 981 3512 steatomate.
1495 3464 1498 3470 ¹
1591 3457 1598 3474 ·

233 3535 428 3648 Quamvis
453 3565 584 3624 autem
604 3567 785 3626 tumores
813 3543 871 3624 isti
897 3541 946 3624 ad
971 3541 1175 3624 tractatum
1197 3539 1247 3623 de
1269 3533 1490 3621 tumoribus
1516 3564 1602 3651 per-

173 3653 325 3736 tineant
334 3712 348 3757 ,
374 3680 456 3733 non
477 3651 528 3734 ad
543 3651 706 3736 morbos
722 3656 845 3759 cutis,
870 3656 1004 3764 negari
1022 3677 1154 3735 tamen
1174 3653 1310 3761 nequit
1327 3654 1368 3732 in
1386 3647 1470 3764 ipsal
1484 3671 1602 3756 cute,
1675 3663 1678 3672 ’

175 3793 254 3848 nec
281 3761 379 3846 ultrlt
402 3759 516 3866 hujus
535 3762 801 3870 substantiam,
831 3762 898 3848 sed
926 3768 967 3845 in
994 3761 1184 3846 folliculis
1209 3764 1278 3878 ipsr
1303 3764 1470 3877 propriis
1494 3761 1602 3844 nasci

174 3899 352 3960 tumores
381 3873 513 3959 fimitis
541 3904 681 3961 nature
710 3880 777 3987 qui
804 3873 992 3989 punslulo
1021 3877 1137 3990 nigro
1163 3880 1361 3960 emineant
1374 3935 1389 3982 ,
1425 3869 1478 3955 ob
1505 3876 1602 3956 aeris

174 3991 383 4074 influxum.
413 3987 572 4074 Horum
597 3987 754 4104 plurimi
779 3987 829 4072 ad
852 3989 985 4072 nasum
1006 4015 1220 4103 apparent,
1250 4016 1324 4072 nec
1351 3983 1482 4068 colori
1506 4015 1602 4068 can-

178 4101 277 4184 didae
307 4105 407 4184 cutis
443 4101 639 4186 officiunt.
678 4100 769 4186 Hos
792 4103 820 4184 st
849 4103 1149 4216 compresseris,
1176 4100 1286 4210 quod
1311 4095 1521 4208 aliquandb
1542 4095 1601 4180 ‘ob

177 4213 411 4296 tumefasios
425 4222 467 4297 ὅ(
482 4215 503 4296 ὲ
516 4213 632 4328 eopil
646 4217 814 4298 materiae
828 4215 1069 4327 compressos
1086 4217 1250 4328 parietes
1265 4208 1381 4294 facile
1397 4211 1448 4292 est
1457 4269 1472 4316 ,
1497 4219 1536 4294 ὅ(
1553 4209 1602 4294 ad

178 4323 434 4409 obtinendam
466 4333 711 4412 curationem
737 4327 1013 4434 neceffarium,
1046 4331 1127 4410 exit
1151 4319 1342 4440 pulticula
1366 4320 1475 4428 cujus
1503 4349 1603 4436 apex
1640 4361 1645 4373 ¹
1683 4349 1685 4356 ’

177 4440 314 4550 niger,
337 4436 465 4521 moles
491 4439 675 4553 elongata
702 4437 876 4522 albicans
898 4465 1074 4522 vermem
1095 4438 1183 4522 satis
1205 4435 1293 4552 apte
1315 4433 1479 4547 effingit.
1503 4434 1605 4517 Pos-

173 4549 265 4658 sunt
281 4575 413 4632 autem
429 4573 605 4658 tumores
621 4549 683 4634 illi'
701 4550 1019 4636 atheromatodes
1034 4612 1049 4658 ,
1076 4549 1147 4636 vel·
1162 4547 1462 4636 steatomatodes
1480 4549 1605 4631 varias

172 4651 364 4746 assumere
377 4662 545 4771 formas,
561 4668 674 4750 itaut
688 4661 898 4779 aliquandb
913 4661 1145 4778 conglobati
1160 4663 1374 4780 pendeant,
1392 4657 1605 4772 aliquando

214 4856 270 4927 (a)
292 4851 373 4912 Tetr.
390 4875 422 4926 a,
438 4849 516 4912 serm.
535 4874 568 4928 4,
582 4875 642 4943 ap,
662 4879 708 4933 1⁴·

214 4933 272 5020 (b)
291 4933 356 4996 Lib.
371 4941 408 5012 6,
425 4953 484 5018 cap.
498 4953 526 5015 3.

1314 5017 1433 5104 Zzz
1563 5149 1568 5154 Ι
