4246 5900
432 489 489 584 η
705 472 800 564 on
841 467 1146 562 nonore
1188 469 1594 562 cornuam.

432 636 543 748 quod
565 635 634 722 ersi
655 638 801 724 tardius
825 637 874 724 ad
894 639 1077 724 foeminas
1103 640 1321 755 pertineat,
1347 641 1399 726 ad
1418 669 1482 726 eas
1507 667 1642 726 tamen
1661 639 1747 726 haee
1768 661 1874 728 teme

430 755 537 870 poris
555 749 695 859 injuria
712 757 921 869 pervenit?
944 751 1029 840 Cur
1050 751 1156 838 idem
1176 755 1383 839 effecerint
1401 759 1539 870 capitis
1557 750 1720 840 dolores
1740 759 1871 862 acuti,

430 891 498 954 aut
525 891 653 950 metus
682 869 822 949 mortis
855 870 1082 974 intentatae,
1113 870 1183 980 qui
1215 869 1403 952 canitiem
1436 872 1552 966 unius
1585 873 1713 954 noslis
1743 869 1871 983 spatio

429 978 609 1086 induxit,
637 978 797 1064 Huarto
823 981 944 1064 testei

486 1089 675 1177 Praetereir
704 1121 788 1175 non
814 1091 864 1174 ad
897 1119 1036 1178 omnes
1068 1092 1177 1203 aque
1212 1093 1343 1178 omnis
1374 1119 1417 1176 re
1445 1093 1548 1178 ionis
1581 1097 1767 1196 homines
1799 1095 1873 1212 pili
1959 1107 1963 1114 '

430 1231 667 1320 competunt
692 1237 706 1306 ς
735 1208 777 1286 in
810 1208 889 1288 oris
917 1209 1024 1290 enim
1051 1209 1277 1320 temperatis
1309 1234 1356 1287 ac
1389 1124 1599 1290 blandiore
1628 1208 1738 1292 coelo
1772 1241 1875 1322 gau-

431 1316 641 1425 dentibus,
670 1313 798 1400 barbae
830 1324 871 1401 &
899 1317 1138 1430 capillorum
1166 1319 1294 1402 meffis
1320 1315 1508 1424 uberior,
1533 1320 1743 1434 prasertim
1769 1325 1797 1403 sr
1824 1321 1874 1407 ad

429 1432 677 1545 frigidiorem
698 1432 931 1545 temperiem
952 1428 1147 1515 inclinent
1166 1430 1254 1515 illae.
1276 1431 1461 1516 Aridiota
1482 1430 1575 1516 loca
1597 1440 1638 1515 ὅ(
1661 1433 1735 1516 1011
1754 1434 1874 1518 fervi-

431 1546 535 1628 diori
557 1544 733 1659 exposita
755 1543 1008 1656 crispaturam
1030 1543 1297 1658 capillorum,
1320 1541 1627 1655 brevioremque
1648 1549 1741 1630 viris
1766 1547 1875 1631 catsa-

430 1662 529 1743 riem
560 1659 820 1771 impertiunt,
853 1684 929 1742 nec
963 1658 1145 1742 eamdem
1182 1683 1314 1742 tamen
1348 1656 1609 1764 mulieribus,
1639 1661 1758 1742 etiam
1797 1659 1874 1743 soli

430 1771 643 1885 expositis,
669 1767 800 1853 labem
826 1770 999 1854 inurunt.
1031 1771 1066 1854 F
1068 1771 1256 1883 rigidiora
1277 1770 1441 1854 demunt
1462 1779 1501 1853 br
1523 1769 1686 1853 barbam
1709 1770 1874 1886 &pilos

428 1885 651 1997 inguinum.
682 1879 1017 1997 Temperamenta
1047 1884 1181 1990 arida,
1213 1888 1342 1969 exusta
1355 1947 1371 1990 ,
1399 1881 1568 1989 biliosa,
1594 1887 1804 1997 nigricanti
1831 1893 1874 1970 ὅτ

429 1993 543 2080 brevi
568 1993 721 2078 caesarie
748 1997 851 2080 inter
880 1997 954 2081 alia
983 1998 1089 2111 srgna
1120 1998 1417 2111 distinguuntur.
1453 1996 1633 2080 Humida
1663 1994 1874 2081 mulierum

429 2111 641 2221 temperies
667 2107 737 2191 lon
768 2138 794 2192 o
824 2138 872 2193 ac
903 2107 1020 2193 molli
1047 2109 1285 2224 capillorum
1311 2113 1469 2194 honore
1496 2110 1652 2224 gaudet.
1682 2113 1739 2194 At
1765 2111 1875 2197 rufus

431 2218 669 2336 capillorum
687 2139 805 2307 color
825 2225 1026 2336 &igneus
1049 2223 1274 2308 acredinem
1293 2221 1481 2328 fetidam,
1506 2231 1548 2307 ὅ(
1574 2222 1743 2306 odoram
1762 2221 1876 2308 stmul

430 2335 675 2448 importans,
699 2333 748 2418 ab
771 2333 902 2444 aliqui
925 2339 1105 2450 corporis
1128 2335 1260 2421 innati
1282 2337 1536 2452 dispositione
1554 2339 1608 2420 ita
1628 2332 1801 2450 pendet,
1831 2363 1876 2422 ut

431 2445 502 2530 tali
522 2449 650 2531 affesli
663 2450 787 2531 intem
817 2451 897 2532 eric
918 2449 984 2533 sua
1004 2453 1163 2563 propria
1178 2449 1247 2532 srbi
1262 2450 1487 2534 discrimina
1505 2453 1639 2533 norint
1659 2479 1671 2551 ;
1691 2451 1877 2562 anginam

324 2575 334 2588 ‘
432 2562 447 2644 i
477 2560 523 2643 sts
548 2567 591 2642 ὃ(
615 2477 869 2674 pleuritidbm
890 2561 1062 2645 maxime
1087 2561 1317 2646 metuendas
1341 2562 1502 2646 edixere
1529 2561 1805 2672 Sydeuhamus
1833 2571 1877 2648 dt

428 2589 643 2758 -irillerus
683 2673 776 2786 Ego
806 2674 907 2758 verb
939 2671 1089 2755 morbis
1120 2674 1229 2756 hisce
1262 2701 1519 2758 annumerare
1551 2703 1635 2758 non
1666 2677 1875 2759 metuerim

430 2784 627 2893 variolas,
654 2788 723 2896 qui
749 2815 832 2868 non
859 2783 937 2869 unzi
961 2788 1053 2868 vice
1082 2787 1129 2866 iis
1158 2813 1223 2869 eas
1251 2785 1328 2868 effe
1356 2787 1560 2898 pessimas,¹
1591 2791 1748 2870 nemine
1772 2815 1875 2870 con-

431 2897 678 3002 tradicente,
706 2895 1011 2980 observaverim.
1026 2897 1195 3004 'Omnes
1217 2899 1316 2980 verb
1335 2898 1561 3004 quastiones
1583 2894 1671 2980 illas
1692 2896 1847 2986 solvere
1857 2959 1874 3008 ,

432 3009 742 3120 differentiarum
757 3006 912 3091 illarum
932 3007 1064 3092 causas
1081 3004 1327 3092 observando
1341 3010 1495 3112 rimari,
1516 3007 1668 3093 summe
1685 3009 1876 3121 arduum,

430 3121 518 3206 imb
542 3118 781 3234 impossibile
805 3121 869 3204 est.
897 3121 990 3204 Nec
1015 3119 1150 3204 lucem
1174 3123 1242 3203 hic
1266 3117 1439 3230 aliquam
1457 3120 1633 3208 „afferunt
1655 3149 1719 3207 tot
1739 3121 1877 3209 obser-

431 3237 613 3320 vationes
635 3231 778 3344 quibus
801 3258 864 3316 tur
893 3260 962 3318 ent
979 3236 1080 3317 Asia
1100 3233 1367 3339 Academica,
1388 3233 1633 3344 Schenkius,
1652 3233 1875 3346 Hildanus,

431 3345 605 3442 Parcus,
631 3345 802 3456 aliique,
823 3263 998 3460 pilorum
1013 3349 1114 3430 intra
1127 3345 1334 3458 hydatides
1349 3350 1602 3431 inventorum
1622 3381 1635 3449 ;
1655 3377 1739 3458 quae
1753 3350 1875 3463 hyda-

433 3461 535 3574 pides
557 3487 679 3544 muco
702 3457 825 3573 plena
836 3520 851 3566 ,
873 3463 968 3542 ciam
990 3457 1121 3571 saepihs
1141 3461 1183 3540 in
1205 3461 1348 3546 ovariis
1371 3455 1582 3544 mulierum
1609 3464 1873 3575 reperiantur,

434 3573 689 3658 occasionem
713 3571 911 3688 praebubre
934 3571 1122 3657 credendi
1146 3567 1271 3684 pilosa
1290 3570 1361 3654 illa
1381 3599 1664 3658 concrementa
1683 3573 1733 3658 ad
1754 3575 1876 3662 foetus

434 3717 518 3772 non
542 3685 765 3800 perfebios,
788 3683 856 3770 sed
876 3688 917 3769 in
939 3685 1083 3770 orariis
1107 3685 1320 3768 inchoatos
1343 3684 1562 3799 pertinere,
1584 3687 1695 3796 quod
1717 3685 1876 3774 abunde

433 3799 483 3886 ab
511 3801 559 3882 iis
584 3795 925 3885 observationibus
948 3795 1141 3882 refellitur
1165 3793 1307 3906 quibus
1334 3797 1420 3884 aliis
1444 3797 1683 3912 inpartibus
1708 3798 1731 3883 ὲ
1753 3831 1876 3914 gene-

433 3915 588 3998 ratione
610 3911 746 3997 alienis
762 3908 832 4026 pili
847 3915 967 3996 etiam
982 3913 1132 3996 inventi
1149 3909 1260 3994 suere
1270 3971 1285 4019 ‚
1301 3910 1353 3996 de
1370 3906 1511 4022 quibus
1526 3912 1619 3998 vide
1637 3913 1876 4027 Mangetum

434 4023 597 4111 &alios
618 4025 855 4112 cadaverum
882 4025 1064 4110 sessores.

493 4133 600 4222 Illud
628 4142 750 4252 porrb
778 4167 829 4223 ex
859 4141 922 4222 his
951 4133 1137 4222 omnibus
1168 4133 1256 4224 satis
1281 4139 1414 4248 aperte
1442 4141 1680 4248 deducitur,
1714 4137 1818 4256 pilos
1851 4138 1875 4226 il

434 4279 559 4340 muco
577 4255 772 4363 originem
785 4252 961 4360 sumere,
975 4250 1024 4336 ab
1036 4279 1087 4336 eo
1103 4248 1178 4359 ali,
1194 4250 1332 4338 nutriri
1346 4285 1359 4354 ;
1374 4251 1487 4366 hujus
1500 4259 1658 4370 copiam
1670 4252 1718 4336 ab
1733 4281 1876 4338 eorum

434 4359 710 4476 qualitatibus,
729 4365 900 4450 humidis
914 4365 1089 4472 scilicet,
1104 4395 1150 4449 ac
1163 4363 1266 4451 bene
1283 4371 1437 4454 nutritis
1479 4366 1610 4452 tobati
1625 4396 1637 4468 ;
1655 4374 1695 4450 ὃ(
1716 4371 1875 4476 quoties

435 4477 584 4562 humor
610 4474 797 4560 mucosus
827 4475 956 4560 vitalis
986 4481 1125 4564 deficit
1153 4509 1200 4564 ac
1227 4480 1386 4565 vitiatur
1399 4545 1414 4590 ,
1445 4397 1634 4566 decidunt
1666 4479 1799 4593 capilli
1832 4489 1875 4567 bt

437 4589 654 4696 defluunt,
686 4614 732 4673 ut
760 4589 802 4674 in
838 4589 1040 4704 phthisicis
1077 4593 1307 4704 quotidiana
1342 4595 1579 4680 demonstrat
1616 4597 1873 4707 experientia.

437 4700 621 4788 Similem
640 4699 796 4788 cladem
814 4705 1013 4818 patiuntur
1028 4709 1096 4816 qui
1115 4703 1238 4822 longa
1253 4733 1422 4821 exegere
1440 4701 1608 4812 jejunia,
1628 4709 1875 4794 infirmitates

435 4820 589 4936 experti
608 4816 717 4924 sunt,
741 4842 808 4900 aut
820 4814 984 4904 morbos
998 4822 1069 4931 qui
1081 4849 1243 4905 mucum
1263 4819 1452 4934 peculiari
1470 4818 1597 4903 modo
1617 4819 1812 4928 affecere,
1830 4843 1875 4906 ut

436 4933 527 5020 sunt
549 4927 719 5024 variola.
745 4929 839 5024 Nec
861 4935 992 5024 nunus
1013 4937 1135 5026 etiarn
1154 4927 1429 5028 annotabimus
1454 4931 1620 5026 morbos
1644 4933 1740 5028 illos
1760 4957 1873 5024 cuta-
1959 4991 1972 5002 -
