4250 5898
662 457 1156 548 cornutae
1546 470 1628 574 tw

194 623 286 705 ebm
304 617 510 737 praelertim
534 620 663 707 nullus
679 627 725 708 srt
738 625 841 740 apud
855 624 1043 710 Medicos
1060 628 1129 736 qui
1148 652 1231 708 non
1251 622 1483 735 aliquandiu,
1505 629 1623 712 etiam

196 736 236 816 in
252 733 399 819 summd
413 736 625 842 munditie,
649 739 828 848 curisque
848 739 1000 824 affiduis
1020 761 1164 854 pueros
1185 735 1394 930 &puellas
1413 738 1622 852 praesertim

195 844 323 929 subito
350 847 542 962 pediculis
571 850 678 932 affici
699 850 868 956 viderit,
895 881 996 960 quos
1024 881 1106 934 non
1129 853 1210 934 stne
1248 847 1380 933 ummi
1402 849 1495 934 eund
1509 913 1523 957 ‚
1553 851 1622 938 sed

195 960 282 1040 ttrtb
322 985 452 1044 tamen
492 991 550 1045 ars
589 959 737 1047 evellit.
758 991 760 998 ·
781 961 961 1046 Pediculi
996 966 1094 1047 verb
1127 966 1183 1046 illi
1221 964 1268 1045 iis
1303 989 1404 1071 quos
1441 963 1621 1048 sorditiee

194 1067 264 1153 libi
280 1076 461 1185 proprios
479 1072 654 1157 vindicat
676 1073 847 1187 perfode
869 1075 1011 1160 similes
1033 1076 1141 1183 sunt,
1166 1084 1208 1159 dc
1231 1073 1251 1157 d
1275 1079 1463 1267 contupio
1486 1076 1622 1160 crede«

195 1207 328 1265 rentur
348 1187 466 1289 oriri,
492 1186 558 1268 seu
580 1191 710 1300 potibs
733 1191 916 1272 contactu
940 1188 1116 1270 sordium
1140 1217 1235 1298 quas
1254 1190 1295 1268 in
1314 1183 1401 1268 urbi
1430 1217 1474 1270 us
1495 1214 1621 1300 popu-

192 1289 284 1378 lofis
311 1295 483 1380 devitare
505 1297 742 1411 impoffibile
766 1301 832 1383 est.¹
858 1298 940 1382 Sed
966 1303 1168 1406 conradus
1193 1297 1262 1382 ille
1283 1327 1406 1382 unum
1430 1324 1496 1380 aut
1514 1296 1621 1383 ¹alte-

192 1432 280 1488 rum
319 1409 444 1520 pollet
480 1413 743 1523 ingenerare,
774 1441 857 1495 non
891 1439 1059 1495 turmam
1092 1411 1201 1500 illam
1232 1440 1317 1522 quae
1350 1435 1620 1526 opportunum

148 1594 150 1597 ,
189 1516 330 1600 nidum
349 1524 458 1603 nabla
468 1584 483 1628 ,
506 1549 587 1605 tam
605 1523 743 1631 facile,
764 1549 846 1608 tam
860 1522 1042 1609 celeriter
1059 1523 1268 1610 evolvitur.
1293 1524 1385 1608 Nec
1405 1521 1489 1606 ulla
1507 1522 1621 1606 datur

191 1627 414 1717 observatio
457 1633 637 1723 ediculos
655 1635 748 1722 illos
768 1637 983 1744 rotundos,
1002 1665 1069 1722 aut
1087 1637 1186 1721 alios
1207 1635 1322 1719 nobis
1340 1639 1466 1719 minus
1485 1638 1621 1748 cogni·

190 1765 255 1826 tos
269 1774 379 1854 .quos
391 1665 584 1860 platiffm,
604 1748 753 1836 Arabes
764 1750 984 1864 olguordom
998 1749 1121 1862 affoob
1137 1773 1405 1853 vocaverunt,
1429 1775 1497 1830 aut
1514 1777 1621 1832 mor-
1639 1843 1643 1850 ¹

183 1857 331 1964 piones
341 1920 355 1963 ,
376 1885 443 1942 aut
462 1861 620 1970 lyrones
642 1865 709 1971 qui
728 1860 776 1945 ab
797 1866 961 1946 homine
975 1865 1016 1944 in
1030 1865 1235 1946 hominem
1252 1857 1617 1966 communicantur,

155 1981 156 1984 ‘
188 1995 364 2078 unquam
390 1971 574 2056 morbum
599 1978 802 2088 proprium
826 1974 1069 2089 produxisse,
1102 1973 1157 2058 de
1178 1970 1431 2082 quibus'vide
1452 1969 1620 2060 Jouber-

188 2102 277 2160 turn
296 2089 370 2186 (a).
394 2083 468 2166 Nil
486 2085 610 2169 simile
630 2113 803 2170 narratur
823 2087 873 2170 de
893 2090 940 2168 iis
964 2090 1029 2194 qui
1050 2087 1166 2179 ricini
1180 2083 1385 2197 Scaligero
1401 2081 1514 2189 diei,
1533 2087 1619 2199 post

169 2187 227 2274 ,·V
229 2204 466 2278 arronem&
482 2196 674 2304 Plinium,
697 2227 780 2282 non
796 2200 949 2280 homini
965 2199 1112 2310 proprii
1132 2195 1220 2279 sunt
1230 2256 1244 2302 ,
1267 2197 1334 2279 sed
1354 2194 1401 2277 ab
1420 2193 1619 2280 ovibus&

187 2303 375 2413 canibus,
390 2310 483 2392 teste
499 2307 655 2415 Plinio,
674 2315 714 2392 in
725 2340 798 2393 nos
811 2309 1092 2411 traducuntur,
1110 2316 1152 2390 δι
1168 2306 1351 2390 dicuntur
1365 2308 1449 2388 uait
1460 2309 1504 2388 in
1520 2311 1619 2389 cani·

184 2412 285 2523 bus,
302 2447 368 2501 aut
388 2424 620 2530 cynora'r'stes
640 2453 652 2520 3
675 2420 778 2532 apud
791 2416 940 2504 Arabas
956 2421 1053 2505 verb
1067 2416 1137 2501 sub
1154 2419 1317 2502 nomine
1332 2419 1457 2504 ltervoe
1474 2416 1620 2502 descri-

182 2525 345 2614 buntur.
604 2558 611 2570 ·
1126 2590 1130 2598 .

196 2697 201 2705 -
244 2645 303 2727 At
330 2639 566 2757 pedicularis
591 2641 754 2728 morbus
773 2671 887 2730 verus
910 2647 963 2728 est
981 2671 1194 2760 proventus
1211 2641 1492 2756 multiplicatus
1512 2643 1621 2755 pedi·
1644 2749 1647 2756 Ι

105 2841 112 2852 ,
184 2753 377 2840 culorum
402 2754 605 2864 “majorum
638 2759 793 2840 homini
829 2756 1090 2842 familiarium.
1130 2755 1229 2840 Illos
1262 2781 1392 2838 autem
1425 2755 1619 2889 precipue

181 2896 208 2950 a
240 2870 416 2982 greditur
441 2874 508 2979 qui
532 2870 581 2954 ad
604 2868 850 2984 pubertatem
867 2870 1053 2954 nondirmv
1096 2871 1304 2974 ervenbre,
1326 2895 1375 2952 ex
1394 2866 1558 2983 puellari
1574 2895 1620 2953 ut

208 2897 400 3066 lurimbm
416 2982 529 3086 sexu,
548 2985 734 3066 flaventes
752 2981 844 3066 illos
866 2993 907 3068 δι
926 2986 1054 3067 comis
1068 2901 1173 3067 bend
1193 2980 1345 3066 nutritis
1366 2980 1617 3094 conspicuos.

179 3011 275 3177 lllis
297 3123 398 3204 quos
418 3094 580 3180 morbus
602 3097 668 3179 iste
690 3100 732 3179 in
753 3097 955 3180 remiffiori
979 3096 1126 3208 gradu,
1150 3093 1307 3205 qualem
1326 3095 1424 3178 mihi
1447 3096 1619 3206 contigit

181 3205 410 3292 observate
423 3270 437 3314 ,
464 3209 666 3314 adoritur,
686 3207 952 3293 subinveuitut
978 3209 1194 3292 cachebiici
1221 3206 1382 3316 aliquid.
1409 3205 1558 3289 Manus¹
1574 3214 1618 3290 bt

175 3319 309 3436 pedes
335 3319 614 3434 utplurimum
638 3321 869 3404 humiditate
892 3321 1126 3434 frigescente
1150 3321 1291 3434 perfufi
1311 3319 1426 3425 sunt,
1456 3327 1497 3402 bt
1524 3321 1619 3402 inest

178 3438 273 3520 cuti
313 3431 944 3546 labritiesquaedamoedematosa,
960 3431 1371 3548 epidetmisquefacile
1386 3433 1426 3513 in
1441 3429 1618 3514 lamellas

172 3463 349 3641 secedit.
384 3541 492 3628 Tum
528 3545 741 3630 oculorum
770 3550 873 3631 acies
907 3545 1165 3648 obtunditur,
1205 3541 1323 3626 facile
1354 3542 1619 3625 cathan-osam

173 3658 452 3747 raucedinem.
470 3662 708 3742 contrahunt
732 3667 773 3742 dt
800 3685 910 3742 nares
936 3656 1015 3740 levi
1040 3656 1090 3740 de
1112 3653 1228 3738 causi
1252 3651 1523 3759 obstruuntur,
1551 3679 1618 3738 aut

176 3775 377 3861 diarrhaea
392 3765 506 3854 subit.
531 3771 736 3852 Urinae'co
766 3770 854 3853 iosae
875 3770 962 3852 sunt
984 3777 1025 3852 bt
1045 3766 1162 3853 facile
1180 3765 1383 3850 turbantur
1406 3795 1451 3850 ac
1472 3767 1621 3850 latents

175 3891 343 3974 Cirma
372 3885 494 3996 petitu
512 3908 683 3993 ¹careant
707 3800 764 3964 ad
781 3885 912 3996 picam
939 3881 1056 3966 facile
1084 3879 1332 3964 deducuntur
1354 3875 1618 3990 atquemala-

174 4005 309 4087 eiam.
336 3914 574 4079 doeditatem
591 3997 693 4077 hanc
708 3991 730 4075 *a
743 3998 973 4078 ‚mutatione
994 4023 1182 4105 aquarum
1205 3995 1386 4077 contrahi
1409 3993 1543 4074 autior
1565 3993 1619 4074 est

136 4199 138 4204 ,
171 4106 419 4201 Aristoteles
442 4107 526 4214 (b),
552 4108 662 4218 quod
686 4111 739 4190 ita
762 4106 1063 4221 intelligendum
1086 4109 1139 4191 est
1165 4131 1209 4190 ut
1236 4135 1342 4214 aquae
1367 4102 1550 4188 meliores
1577 4105 1619 4186 in

170 4223 346 4343 pejores
366 4248 576 4304 mutentur.
812 4249 814 4254 ·
1330 4333 1336 4342 .
1613 4256 1618 4274 ·

179 4383 182 4392 ·
242 4337 341 4447 Ego
373 4337 471 4416 verb
505 4331 654 4416 nullam
693 4329 810 4416 aliam
847 4332 1002 4417 causam
1037 4355 1347 4445 proegumenam
1384 4327 1619 4412 crediderim

169 4451 489 4551 efficaciorem,
521 4449 637 4556 qudm
668 4475 751 4555 quae
784 4445 929 4558 pendet
955 4443 1003 4526 ab
1034 4444 1310 4528 alimentorum
1337 4439 1552 4524 crallorum'
1577 4448 1620 4524 dt

166 4563 421 4650 uberiorum
449 4557 566 4670 pravi
585 4557 861 4643 concodione
888 4591 901 4658 ς
929 4560 983 4639 ita
1010 4583 1056 4640 ut
1084 4556 1217 4640 sordes
1244 4551 1544 4638 accumulentur
1570 4551 1638 4648 ad,

165 4699 356 4780 cutem,
385 4668 439 4752 ob
468 4675 710 4756 excrementi
744 4673 895 4756 mucosr
929 4672 1116 4786 copiam,
1147 4666 1266 4755 undb:
1283 4669 1335 4750 lit
1357 4691 1400 4750 ut
1428 4669 1471 4750 in
1501 4668 1621 4750 animi

214 4851 286 4925 (a)
306 4846 353 4905 De
372 4845 450 4906 Cutis
466 4841 638 4920 Affetiibns,
653 4866 713 4930 cap.
731 4857 759 4916 6.
1495 4912 1500 4929 ι

212 4927 289 5014 (ὗ)
310 4927 357 4990 De
375 4925 562 4991 timonio.
582 4943 616 5003 5,
633 4947 679 5008 3¹·
1264 5003 1306 5090 D
1323 5002 1429 5089 ddd
1579 4959 1583 4972 r
