4292 5904
511 459 595 537 nr
954 422 1062 526 ou
1100 383 1493 527 ‘nonnis

510 612 720 717 Saxonis,
753 607 821 719 qui
856 629 990 690 tamen
1014 601 1037 686 i
1057 631 1165 688 venae
1191 601 1361 690 seuione
1386 599 1621 690 omnimode
1647 605 1955 720 temperandum·

508 753 592 809 non
626 722 702 809 eise
735 718 952 804 arbitratur.
986 719 1137 802 verum
1164 711 1211 803 ui
1241 745 1292 803 ex
1322 721 1526 803 auctorum
1559 714 1721 802 illomm
1754 719 1952 834 farragine

510 837 660 947 aliquid
693 836 871 918 certioris
899 859 1107 938 eruamus,
1135 834 1240 914 utin
1266 829 1412 914 morbo
1440 831 1514 916 tria
1541 830 1658 914 stadia
1678 830 1950 941 distinximus,

507 954 561 1036 ita
584 953 625 1032 in
651 946 780 1031 morbi
805 951 963 1061 prorsus
987 944 1227 1059 depuratorii
1250 947 1454 1028 curatione
1477 942 1557 1026 duo
1581 942 1800 1028 admodum
1821 945 1950 1030 dillin-

507 1061 664 1175 guenda
683 1060 793 1167 sunt,
820 1087 990 1170 quorum
1013 1060 1183 1173 primum
1206 1060 1245 1139 in
1268 1059 1549 1171 preparatione
1567 1056 1616 1139 ad
1632 1056 1819 1142 morbum
1841 1090 1946 1144 non·

508 1177 601 1259 ditm
623 1172 861 1287 explicatum
887 1169 1157 1256 &evolutum
1183 1169 1401 1276 referetur,
1428 1169 1592 1254 alterum
1594 1167 1722 1365 tplicia
1745 1168 1821 1275 jam
1847 1173 1948 1258 facts

508 1296 551 1372 ὃ(
571 1289 801 1370 consistente
823 1287 1007 1394 viamque
1023 1281 1093 1364 sabi
1112 1281 1331 1367 naturalem
1351 1282 1555 1367 affedantc
1571 1312 1593 1365 a
1648 1281 1837 1368 ibendum
1857 1291 1945 1370 erit.

565 1398 686 1484 Certe
714 1398 781 1481 ubi
808 1396 886 1502 jam
914 1395 1019 1512 plica
1048 1395 1105 1478 sui
1133 1395 1279 1480 indicia
1308 1398 1460 1481 interna
1485 1393 1622 1501 dedit,
1653 1399 1945 1512 incognitoque

506 1539 664 1598 veneno
685 1543 706 1594 a
736 1515 766 1594 it
785 1514 827 1594 in
849 1510 956 1616 olla,
985 1536 1156 1615 nervos,
1181 1506 1324 1620 oculos
1334 1571 1349 1616 ,
1366 1505 1448 1614 ejus
1468 1511 1715 1622 eruptionem
1733 1511 1947 1626 praepedire

506 1543 744 1738 impossibiie
771 1627 861 1724 est3
893 1626 1012 1708 tutius
1038 1621 1132 1705 ellet
1155 1647 1348 1737 precepta
1370 1622 1420 1705 ad
1442 1623 1747 1734 praecautionem
1773 1621 1946 1711 scribere

507 1745 626 1848 quim
645 1739 862 1852 turpislrmo
885 1734 992 1819 malo
1013 1735 1253 1818 medicinam
1273 1732 1533 1819 adhibendam
1555 1732 1711 1818 habere.
1734 1735 1819 1820 Sed
1840 1767 1945 1823 ante·

536 1849 626 1933 uim
655 1851 915 1966 symptomata
938 1851 1146 1962 ingruant,
1175 1843 1289 1954 hujus
1315 1845 1337 1930 i
1364 1845 1487 1960 longi
1543 1849 1635 1930 etita
1661 1848 1808 1932 indicia
1836 1849 1942 1935 nulla

505 1880 595 2046 sunt
607 2024 622 2068 ‚
647 1991 722 2046 nec
747 1962 990 2047 haereditario
1022 1957 1106 2065 jure
1130 1958 1152 2041 ὲ
1172 1957 1396 2074 parentibus
1421 1962 1463 2041 in
1490 1878 1637 2046 liberos
1665 1960 1835 2068 defluit,
1864 1991 1940 2050 nec

505 2077 825 2158 communicatur
849 2075 1098 2156 commercio
1125 2098 1193 2155 aut
1212 2070 1476 2156 contubernio
1498 2102 1591 2156 cum
1613 2075 1735 2187 agris.
1760 2074 1940 2188 Superest

505 2214 605 2301 ergo
624 2188 673 2270 ad
694 2186 787 2271 mali
812 2182 1031 2290 cautelam,
1055 2209 1100 2290 ut
1127 2213 1247 2270 omne
1270 2213 1415 2299 corpus
1438 2183 1629 2270 mundum
1655 2211 1769 2296 arque
1792 2189 1935 2274 tersum

504 2325 704 2408 teneatur,
725 2303 849 2402 visius
867 2327 918 2383 ex
937 2300 1095 2413 optimis
1116 2299 1330 2381 instituatur
1345 2297 1564 2404 alimentis,
1586 2312 1650 2382 aer
1669 2327 1710 2382 ut
1722 2296 1929 2412 plurimum

503 2410 688 2527 seligantr
707 2443 838 2530 purus.
862 2412 945 2496 Sed
963 2408 1072 2495 malo
1090 2406 1169 2516 jam
1189 2409 1293 2494 fado
1314 2415 1424 2513 omni
1443 2439 1519 2522 ope
1541 2437 1658 2523 atque
1675 2408 1794 2526 operi
1808 2415 1934 2498 exitus

531 2525 617 2609 licae
642 2513 936 2641 promovendus
963 2525 1017 2610 est
1028 2586 1043 2632 ,
1068 2553 1150 2634 quae
1176 2552 1253 2607 una
1275 2520 1406 2608 salutis
1429 2551 1546 2632 atque
1565 2521 1769 2609 levaminis
1790 2529 1854 2610 via
1873 2529 1935 2615 eli.

502 2557 557 2723 lit
581 2637 635 2722 ob
657 2641 719 2747 id,
736 2667 892 2726 veneno
912 2666 982 2754 per
999 2635 1223 2721 universum
1247 2665 1391 2751 corpus
1411 2636 1627 2750 grassante,
1655 2639 1758 2722 vires
1777 2638 1935 2724 conset·

502 2752 637 2838 vandae
676 2753 766 2838 sunt
799 2753 905 2837 sartae
943 2758 985 2837 &
1023 2753 1213 2865 integrae,
1246 2753 1376 2834 omnis
1410 2739 1628 2834 acrimonia
1661 2751 1934 2859 retundenda,

503 2872 546 2948 δι
581 2870 671 2949 ciam
713 2865 809 2981 sape
840 2863 910 2950 sub
969 2863 1117 2949 ondere
1148 2861 1278 2946 morbi
1306 2865 1408 2947 vires
1444 2862 1625 2946 fatiscant
1640 2924 1655 2968 ‚
1693 2862 1812 2950 cauti
1846 2893 1935 2948 cum

501 3005 609 3062 venae
639 2978 811 3065 sedione
837 2896 1104 3064 incedendum
1131 2980 1194 3062 est.
1229 2976 1333 3064 Cum
1365 2975 1534 3060 maxime
1563 2977 1712 3062 intersit
1743 3005 1935 3090 agrorum

500 3115 547 3174 ut
568 3094 699 3205 primae
720 3091 795 3178 illae
824 3093 895 3178 viae
924 3123 1087 3202 quarum
1113 3119 1230 3205 prava
1260 3089 1440 3175 conditio
1466 3088 1650 3174 omnibus
1675 3087 1761 3174 fere
1784 3089 1933 3176 morbis

501 3203 855 3317 complicationem
894 3206 1044 3310 affert,
1087 3204 1182 3286 sanae
1226 3202 1464 3310 serventur,
1537 3201 1686 3287 roderit
1726 3203 1770 3286 in
1807 3207 1932 3318 primo

498 3315 581 3398 ho'c
620 3315 742 3399 stadio
785 3315 917 3400 alvum
959 3314 1113 3400 lenibus
1156 3318 1426 3428 eccoproticis
1464 3233 1690 3416 subluere3
1730 3314 1800 3400 sed
1843 3346 1930 3403 cum

499 3427 684 3514 omnibus
706 3427 878 3514 Medicis
902 3426 1068 3513 Polonis
1092 3427 1409 3536 consentiemus,
1433 3427 1634 3514 drasticam
1660 3436 1704 3513 δι
1726 3429 1930 3520 efficacem

496 3548 749 3656 purgantium
777 3548 860 3630 vim
887 3540 1158 3626 damnantibus
1181 3540 1367 3656 3-quippb
1392 3542 1420 3625 st
1445 3540 1549 3656 plica
1575 3544 1732 3650 existit,
1759 3543 1789 3628 st
1812 3541 1930 3658 expli·

496 3658 604 3740 catio
660 3654 744 3740 lica
774 3658 879 3739 crisis
904 3657 957 3740 est
985 3662 1026 3739 δι
1048 3653 1253 3769 deputatio
1285 3651 1417 3739 morbi
1442 3680 1560 3766 atque
1582 3653 1781 3740 malorum
1807 3658 1932 3740 atroci

495 3765 647 3852 ferocia
667 3769 926 3875 sevientium,
946 3771 1056 3881 viget
1075 3767 1130 3876 ad¹
1140 3765 1250 3851 illam
1274 3767 1431 3854 axioma
1452 3765 1553 3856 illud
1573 3769 1931 3886 Hippocraticum,

496 3883 580 3988 qub
615 3909 752 3966 natura
780 3885 945 3994 vergit,
982 3884 1033 3964 eb
1066 3881 1293 3965 ducendum
1330 3881 1384 3964 est
1415 3907 1486 3995 per
1513 3879 1606 3967 loca
1638 3885 1932 3972 convenientia.

494 3990 605 4106 Ergo
630 3997 672 4078 in
699 3998 778 4079 hoc
798 3993 886 4078 solo
909 4023 1001 4077 cum
1019 3990 1200 4077 Hercule
1223 3991 1398 4079 Saxonii
1414 3994 1778 4103 consentientibus,
1800 3999 1934 4086 omnis

493 4105 707 4197 versabitur
727 4107 823 4192 basis
845 4109 959 4222 primi
980 4103 1092 4210 hujus
1110 4106 1244 4213 stadii,
1265 4134 1310 4192 ut
1328 4103 1470 4222 plantis
1491 4107 1748 4223 saponaceis,
1779 4105 1934 4194 denud-

495 4217 696 4327 centibus,
719 4220 909 4332 simulque
923 4217 1063 4304 leviter
1078 4216 1374 4305 emollientibus
1388 4219 1585 4333 sanguinis
1604 4249 1823 4336 compages
1840 4221 1935 4310 sana

495 4329 715 4418 &salubris
739 4360 945 4440 teneatur,
976 4358 1092 4444 atque
1118 4336 1252 4416 omnia
1281 4332 1533 4420 excernicula
1558 4331 1682 4422 libera
1706 4333 1937 4440 serventur,

493 4439 598 4522 unde
617 4451 658 4526 bt
674 4451 869 4531 minuatur
882 4443 1011 4530 moles
1023 4444 1328 4552 movendorum,
1341 4454 1476 4562 &pars
1488 4444 1617 4558 aliqua
1627 4449 1771 4536 veneni
1777 4447 1936 4554 ‚fifieri

493 4551 630 4662 poisat,
653 4558 761 4642 extri
788 4557 1031 4644 excludatur.
1063 4559 1156 4644 Nec
1181 4561 1222 4642 in
1248 4561 1438 4672 regimine
1456 4561 1544 4646 vitae
1569 4557 1674 4648 ullus
1699 4558 1939 4646 admittatur

493 4689 603 4752 error
623 4697 635 4763 3
662 4673 871 4756 methodus
892 4675 997 4756 enim
1010 4673 1097 4778 ista,
1118 4672 1196 4757 save
1221 4671 1445 4760 admittatur
1459 4669 1572 4788 plicae
1593 4673 1821 4780 existentia,
1848 4675 1940 4762 live

491 4801 681 4890 negetur,
710 4785 750 4864 in
783 4785 966 4870 omnibus
998 4783 1147 4868 morbis
1177 4788 1391 4898 incognitis
1424 4812 1517 4870 vera
1545 4787 1598 4870 est
1632 4795 1676 4874 bt
1707 4785 1940 4882 necessario

490 4887 741 4984 admittenda.
773 4897 909 5006 Secias
927 4899 1033 4982 enim
1066 4929 1125 4984 ars
1152 4899 1232 4992 stne
1257 4925 1339 4990 arte
1367 4900 1662 5016 institueretur,
1693 4929 1779 5022 quat
1812 4896 1939 5014 plura

1035 5043 1040 5055 ·
1756 5037 1939 5130 ageret,
