4226 5916
662 404 1168 501 CU'EANEI'S.
1557 438 1644 524 μς·

204 567 418 687 augescant
432 625 460 678 ,«
480 573 664 684 viamque
699 577 931 660 exeturtium
961 575 1176 656 humorum
1194 569 1457 770 <praecludent.
1486 574 1644 662 Verulis

203 687 303 768 verb
324 687 427 768 acria
449 689 584 772 omnia
601 689 768 775 vetanda
789 719 801 788 3
830 687 1024 797 simulque
1041 715 1190 770 menen
1222 691 1229 704 '
1253 687 1340 772 sunt
1361 685 1479 799 'qu‘am
1501 717 1642 804 percus

203 793 355 882 alendis
377 797 454 882 illis
479 804 602 886 vidus
624 801 857 886 necellarius
875 801 942 907 stt,
964 800 1131 913 quemst
1154 798 1276 884 nimii
1298 805 1479 928 ingerant
1500 802 1640 917 cupid,

204 938 289 996 non
304 910 505 998 furunculi
519 920 670 999 tantbm
685 914 887 1000 metuendi
902 943 1040 1020 erunt,
1060 913 1130 998 sed
1139 911 1272 996 multb
1282 944 1408 1019 marus
1419 915 1645 1001 imminebit

203 1023 427 1134 periculum
447 1026 763 1142 apoplexiarum‚
786 1026 1034 1140 aliarumque
1050 1025 1073 1112 ὲ
1091 1025 1336 1112 redundante
1349 1031 1644 1144 caeoclrymico

203 1135 376 1224 humere
393 1141 650 1254 pendentium
672 1141 938 1226 affeeionum.
1021 1168 1026 1176 ·
1078 1152 1081 1158 ’

557 1319 1330 1437 Anr1ounusrt'

202 1453 271 1596 De
292 1483 441 1598 Fluant
463 1511 645 1596 nodurnd
665 1509 873 1605 Arabum,
894 1508 998 1593 Ficis
1024 1507 1163 1594 Galerii
1186 1513 1222 1595 dt
1244 1514 1509 1628 antiquorum,
1531 1499 1643 1636 Lupe

640 1623 824 1709 Monurdi
848 1625 884 1707 ἃ
908 1622 1016 1735 Rosci
1039 1622 1222 1710 Severini.

259 1803 535 1890 Diversttatem
556 1806 765 1888 nominum
783 1801 997 1912 summam,
1019 1808 1062 1884 dt
1084 1799 1132 1884 ab
1157 1805 1380 1890 aueoribus
1400 1810 1644 1900 ert-Arabum

203 1913 341 2001 schole
360 1920 476 2032 p'rodi
506 1914 631 2002 ialiter
655 1925 696 2001 ὃ(
720 1913 975 2000 barbarorum
998 1941 1112 1998 more
1134 1917 1213 2001 stne
1236 1915 1316 2002 ulle
1337 1923 1489 2006 ratione
1511 1925 1646 2012 multi·

204 2028 390 2146 plicatam
415 1949 512 2149 [κρῖ
531 2030 687 2116 easdem
705 2027 860 2136 natutd,
890 2026 1057 2112 diversas
1080 2027 1208 2114 formal
1236 2037 1386 2114 tantbm
1415 2035 1681 2127 affeelioneu‘

204 2141 422 2257 significare
441 2174 583 2230 eorum
608 2145 770 2228 codices
790 2143 861 2226 situ
886 2150 928 2226 ὅ(
945 2143 1133 2226 vetustate
1150 2143 1304 2230 deletos
1327 2144 1530 2242 evolventi
1552 2151 1643 2239 satis

203 2256 417 2372 apparebit.
454 2258 520 2344 Ad
549 2255 682 2342 clalles
707 2283 840 2340 tamen
870 2253 1037 2338 diversas
1066 2282 1112 2338 ea
1138 2259 1301 2340 nomina
1329 2258 1423 2341 dum
1452 2277 1656 2352 revocare

205 2399 255 2482 ag
285 2370 479 2477 redimur,
504 2369 546 2453 id
565 2378 587 2452 'a
606 2367 724 2452 nobis
741 2368 966 2452 faciendum
987 2366 1253 2477 credidimus,
1274 2395 1342 2454 aut
1358 2377 1517 2480 quoties
1535 2405 1646 2462 noun

203 2400 322 2564 nobis
345 2479 392 2564 ab
421 2483 531 2566 hisce
555 2479 761 2565 vocabulis
790 2479 885 2565 idea
910 2476 1107 2586 nascitur,
1133 2509 1200 2566 aut
1226 2484 1383 2592 quoties
1407 2485 1573 2598 puderet
1597 2495 1647 2580 inx

198 2591 360 2678 historie
378 2593 613 2678 morborum
635 2591 657 2676 ὲ
676 2590 871 2707 prioribus
893 2589 1096 2676 observata
1115 2595 1311 2705 ignorare.

258 2705 549 2794 Confusronem
572 2708 674 2791 hanc
697 2708 904 2788 nominum
923 2701 999 2818 jam
1022 2701 1167 2818 pluries
1188 2705 1395 2793 observate
1415 2707 1549 2794 datum
1574 2717 1642 2802 est.

197 2821 297 2907 Nec
321 2817 403 2904 ulla
425 2819 784 2908 nobis.ad1nirandi
811 2821 910 2904 ratio
938 2815 1081 2925 subiit,
1109 2845 1203 2902 cum
1223 2818 1321 2936 sepe
1344 2829 1386 2906 dt
1413 2825 1515 2938 apud
1539 2825 1648 2943 Hip.

198 2933 410 3050 pocratem
441 2933 566 3049 ipsum
605 2931 750 3018 eodem
780 2928 982 3016 vocabulo
1018 2929 1266 3044 delignentur
1298 2935 1457 3019 affedus
1496 2936 1647 3028 similes
1782 3013 1784 3016 .

199 3077 376 3160 quorum
395 3046 576 3244 aliusper
588 3046 628 3131 se
644 3046 841 3138 existitnd·
854 3040 1018 3133 morbos
1031 3042 1089 3128 sui
1102 3049 1258 3158 generis
1269 3047 1495 3134 referendus
1511 3083 1524 3151 3
1540 3051 1648 3142 alius

200 3160 274 3246 sub
302 3159 447 3246 eodem
472 3163 627 3276 apedlu
652 3155 932 3245 tantummodo
960 3160 1149 3272 gravioris
1177 3157 1316 3258 morbi·
1336 3161 1558 3278 symptoma
1581 3169 1647 3254 ste·

195 3276 261 3360 Ita
281 3273 629 3388 Hippo-cratem)
654 3271 749 3356 dnm
770 3274 915 3356 Aristaei
935 3274 1070 3356 uxoris
1095 3272 1203 3356 fratri
1226 3272 1406 3360 in'febre-
1425 3280 1640 3366 acutiffimd

196 3389 437 3474 terminthos
464 3385 598 3474 exiiffe
622 3389 675 3470 ait
688 3448 703 3493 ‚
728 3386 779 3471 de
799 3385 1060 3499 symptomate
1087 3382 1265 3496 loquitur
1290 3388 1401 3498 quod
1422 3391 1537 3478 multi
1564 3423 1650 3508 pro·

193 3500 383 3614 legitimo
401 3499 640 3585 variolarum
658 3503 767 3584 exitu
782 3498 942 3607 leviter,
957 3525 1002 3584 ut
1019 3500 1115 3580 mihi
1131 3499 1286 3605 videtur
1305 3500 1391 3615 ipso
1410 3503 1504 3588 Nic.
1524 3505 1648 3592 Leo-

194 3617 348 3696 niceno
365 3609 520 3720 judice,
537 3611 769 3697 habuerunt.
791 3613 882 3696 Nos
905 3641 998 3696 cum
1019 3612 1142 3694 Aetio
1155 3613 1241 3718 (b),
1264 3616 1348 3698 imo
1369 3614 1527 3702 Galeno
1554 3627 1649 3730 (c),.

193 3724 366 3836 aliisque
393 3722 618 3810 sudoribus
646 3725 696 3810 de
719 3727 940 3810 terminthis
961 3721 1171 3809 utmorbo
1190 3725 1251 3810 sui
1270 3731 1425 3840 generis
1445 3735 1597 3844 egimus
1622 3766 1637 3834 ;

191 3868 285 3924 non
310 3839 469 3950 quidem
486 3837 594 3950 quod
609 3841 642 3924 is
657 3838 703 3922 stt
726 3834 842 3920 nobis
863 3840 1039 3944 animus,
1066 3863 1111 3921 ut
1130 3865 1320 3952 negemus
1343 3841 1452 3954 polle
1472 3847 1639 3928 termin-=

190 3957 294 4040 thos
315 3955 422 4037 exite
440 3953 766 4067 symptomaticos
777 4011 791 4058 ,
808 3951 891 4034 imb
906 3959 948 4034 bt
970 3949 1161 4036 fateamur
1171 3954 1212 4035 in
1229 3952 1340 4036 febre
1359 3949 1437 4036 nte.
1449 3955 1635 4042 minsmo-
1765 3976 1769 3984 ’

191 4064 307 4172 duee,
329 4097 412 4178 quae
437 4093 640 4150 'carcerum
666 4063 808 4151 dicitur
828 4070 872 4148 dt
894 4063 1153 4170 sentinarum,
1176 4065 1400 4173 frequentes
1419 4070 1545 4176 exire,
1567 4069 1636 4158 sed

191 4207 299 4265 tunc
338 4181 492 4293 putrida
523 4176 756 4292 corruptele
785 4180 993 4264 intimioris
1022 4175 1281 4291 propullantis
1308 4183 1485 4291 germine
1513 4181 1634 4272 febris

189 4295 317 4410 ipsrds
343 4301 382 4378 bt
408 4291 586 4378 indolem
615 4295 928 4376 &curationem
955 4293 1170 4398 requirunt.
1637 4339 1641 4346 ›

257 4407 357 4489 Non
386 4405 493 4490 idem
521 4405 573 4490 de
598 4434 623 4489 e
650 4404 820 4516 inyelide
849 4403 929 4487 dici
959 4401 1085 4516 potest
1115 4399 1422 4515 aspeduluridb
1446 4413 1488 4491 δι
1515 4405 1636 4494 livide

183 4515 270 4606 ille
288 4516 437 4634 pustuld
455 4519 505 4603 de
519 4517 596 4632 qud
612 4436 792 4632 dogulari
814 4512 983 4600 articulo
1010 4516 1112 4597 inter
1129 4513 1296 4600 morbos
1314 4520 1498 4604 universe
1517 4520 1638 4606 molis

235 4655 302 4814 {bl
326 4652 481 4796 {liiidib'l
493 4673 545 4804 ²4⁹,
560 4732 649 4800 ,serm
667 4756 701 4802 ι,
718 4751 776 4812 cap.
800 4741 847 4790 ⁶2.
1335 4780 1339 4789 .

234 4817 301 4908 (t)
324 4809 426 4879 Galen.
446 4813 481 4874 de
499 4815 610 4876 vocibus
628 4813 794 4900 Hippocen.
809 4808 921 4874 otinas.
935 4807 1052 4894 Synops.
1065 4807 1115 4872 lib.
1134 4825 1165 4888 3,
1180 4824 1239 4889 etp.
1254 4811 1303 4888 3⁶·
1319 4792 1346 4873 l.
1359 4803 1524 4909 bladardus,
1540 4809 1588 4872 lib.
1600 4827 1617 4881 7
1625 4853 1636 4884 ,

241 4915 250 4955 t

180 4893 288 4982 Epo.
309 4917 337 4954 ι.
