4190 5884
450 385 551 444 222
700 349 797 438 os
851 345 1151 438 mortuas
1208 283 1648 434 curavere]

534 510 808 630 Perspirationi
835 509 1041 597 insensibili
1058 511 1207 624 semper
1225 535 1332 626 patet
1353 512 1454 594 cutis
1478 507 1588 614 cujus
1614 505 1884 624 proprietates.

452 631 582 712 rimari
607 624 719 732 hujus
753 626 837 708 loci
862 653 943 706 non
970 627 1033 708 est.
1060 625 1162 708 Satis
1184 625 1229 708 lit
1258 626 1323 706 hic
1352 625 1393 704 in
1415 625 1648 706 memoriam
1671 624 1871 709 revocasse

451 738 565 848 hujus
589 744 747 854 copiam
776 743 835 822 ita
855 736 1063 848 expensam
1089 735 1111 819 a
1133 737 1339 819 Sanslorio
1370 733 1511 840 fuisse,
1525 731 1689 818 ut‘licet
1711 733 1779 818 illa
1800 737 1871 850 ipss

450 853 690 966 Hippocrati
703 851 930 953 innotuerit,
943 874 1060 958 atque
1073 845 1172 931 nulli
1185 873 1364 931 veterum
1379 844 1497 930 suerit
1508 849 1726 961 incognita,
1739 874 1871 932 tamen

450 963 501 1047 ab
528 963 612 1078 ipso
635 966 777 1048 meritb
812 986 965 1042 nomen·
990 961 1214 1074 acceperit,
1243 961 1310 1068 qui
1334 983 1421 1038 eam
1449 965 1492 1040 δι
1514 963 1660 1044 caeteris
1688 960 1873 1045 secretio-

452 1075 568 1160 nibus
590 1076 891 1160 &funeionum
905 1069 990 1154 usui
1011 1097 1129 1182 atque
1150 1070 1364 1184 integritati
1380 1075 1689 1181 comparaverit.
1711 1071 1776 1156 Ab
1796 1068 1873 1156 illo

342 1285 346 1290 .
451 1215 658 1302 acceptam
682 1181 910 1270 melioribus
936 1181 1272 1267 observationibus
1295 1183 1490 1264 Gorterus
1515 1181 1684 1268 limitavit
1696 1243 1711 1286 ‚
1729 1185 1882 1268 auxere

453 1301 520 1385 alii
542 1299 672 1416 plures
691 1326 861 1410 quorum
894 1293 1050 1380 laudata
1069 1300 1112 1380 in
1135 1321 1217 1378 arte
1243 1296 1405 1380 nomina
1431 1295 1566 1378 nostris
1588 1323 1674 1383 non
1693 1296 1874 1409 indigent

454 1443 660 1498 encomus.

471 1573 477 1582 ·
540 1525 622 1607 Sed
642 1521 711 1606 illa
728 1520 894 1606 secretio
914 1551 997 1606 non
1019 1524 1137 1604 unica
1153 1522 1205 1605 est
1214 1582 1230 1627 ,
1253 1545 1319 1603 aut
1337 1519 1451 1604 unitis
1467 1543 1621 1602 naturae.
1650 1517 1740 1604 Alia
1764 1519 1872 1604 enim

453 1633 577 1719 halim
598 1627 717 1719 tenui'
731 1636 982 1739 continetur,
1039 1636 1079 1715 ui
1104 1633 1126 1715 ὲ
1154 1629 1327 1746 partibus
1350 1634 1528 1714 constans
1545 1631 1798 1737 fluidilsrmis‚
1829 1639 1873 1716 dt

455 1746 682 1831 volatilibus
702 1663 1095 1859 perpetuarexhalat,
1117 1752 1158 1828 bt
1178 1747 1297 1828 noctu
1320 1743 1465 1853 diuque
1484 1741 1658 1849 asfidub,
1675 1747 1742 1827 nist
1760 1744 1875 1828 cons-

454 1859 565 1942 trisls
599 1887 668 1976 per
703 1857 1021 1943 accidensscute
1045 1860 1254 1941 retineanrr
1265 1917 1280 1962 ,
1311 1859 1353 1938 in
1383 1882 1546 1970 vapores
1570 1853 1681 1962 abit,
1708 1854 1805 1940 licet
1830 1863 1874 1940 ὃ(
1914 1875 1924 1894 ·

456 2001 529 2084 pro
550 1972 726 2078 interiori
744 1970 937 2082 sanguinis
958 1979 1000 2054 δι
1021 1971 1235 2054 humorum
1257 1969 1351 2052 crasr
1362 2031 1377 2073 ,
1394 1975 1521 2082 &pro
1548 1971 1698 2052 externi
1714 1969 1763 2050 fri
1793 1971 1874 2052 oris

456 2081 596 2188 majori
620 2081 686 2167 vel
709 2085 853 2165 minori
885 2080 1134 2167 vehementis
1163 2081 1248 2195 plus
1278 2079 1453 2164 minusve
1479 2107 1603 2163 exeat.
1630 2079 1721 2163 Alia
1749 1999 1875 2164 lbere-

456 2199 609 2278 tionem
622 2197 820 2309 propriam
833 2192 904 2277 fibi
924 2191 1115 2308 postulat,
1140 2222 1208 2308 per
1226 2196 1326 2276 cutis
1377 2196 1530 2306 roprios
1553 2189 1778 2298 folliculos,
1803 2219 1875 2304 per
1962 2211 1967 2220 ’

457 2312 586 2392 varios
601 2305 783 2391 vasorum
805 2307 999 2406 inflexus;
1024 2304 1233 2416 sordesque
1258 2223 1457 2388 conditus
1485 2303 1707 2410 cralsrores,
1739 2301 1874 2414 quales

457 2418 481 2502 ὲ
511 2445 603 2504 cute
633 2417 766 2525 salsas,
801 2418 1113 2534 decrepitantes,
1146 2419 1403 2532 saponaceas,
1434 2415 1585 2502 oleosas
1615 2415 1878 2528 detergimus;

456 2535 621 2641 baecque
643 2560 716 2645 pro
747 2534 862 2614 variis
888 2534 989 2614 cutis
1013 2529 1185 2645 partibus
1208 2529 1355 2614 diversa
1386 2532 1463 2635 est,
1479 2529 1734 2639 'odoremque
1754 2533 1795 2614 in
1819 2527 1878 2612 di-

457 2646 573 2729 versis
601 2647 752 2726 varium
788 2641 935 2754 spirat,
965 2641 1140 2756 saepeque
1172 2639 1321 2726 morbis
1361 2646 1543 2726 cutaneis·
1561 2641 1778 2756 suppeditat
1814 2640 1877 2724 fo·

458 2761 608 2840 mitem.
622 2753 712 2837 Alia
726 2753 886 2838 demlun
904 2753 1097 2837 alimentis
1112 2753 1289 2862 quotidie
1309 2754 1528 2866 assumptis,
1542 2781 1658 2864 atque
1672 2755 1877 2840 concoctis

458 2874 499 2950 in
515 2871 610 2948 statu
633 2869 804 2946 hominis
831 2866 924 2947 sano
950 2862 1287 2978 proportionalis,
1320 2894 1402 2946 non
1426 2864 1609 2952 omnibus
1636 2868 1743 2952 horis
1765 2868 1878 2966 exit3

457 2979 526 3062 sed
571 3002 780 3086 quatuor,
832 2979 1078 3086 &quinque
1123 2973 1171 3058 ab
1222 2976 1413 3090 assumptu
1460 2975 1738 3077 alimentorum
1770 2981 1880 3063 horis

459 3091 620 3194 effluit,
647 3085 818 3170 distinete
853 3111 969 3197 atque
994 3085 1189 3202 copiose,
1225 3089 1251 3172 sr
1276 3089 1379 3172 resle
1402 3093 1554 3204 perasla
1575 3093 1621 3176 fit
1640 3094 1879 3196 concoctio,

460 3199 578 3318 pravb
589 3263 602 3306 ,
624 3197 859 3305 incondite,
887 3207 928 3282 ὅ(
947 3202 1090 3282 minori
1108 3198 1246 3314 copiti,
1268 3203 1297 3284 st
1325 3199 1394 3286 illa
1413 3202 1661 3317 elanguerit;
1685 3207 1727 3290 in
1747 3203 1879 3288 crudi-

458 3341 539 3402 tate
567 3309 800 3396 omnimodi
833 3309 941 3394 nulla
967 3315 1030 3396 eli
1060 3311 1159 3396 Hac
1193 3321 1235 3397 dt
1271 3319 1449 3402 maximis
1484 3313 1596 3400 malis
1629 3315 1881 3402 occasionem

460 3425 633 3544 praebere
660 3427 784 3539 potest
797 3488 812 3538 ,
840 3433 881 3507 da
909 3423 1057 3509 morbis
1083 3425 1288 3540 praeser'tim
1317 3431 1521 3534 cutaneis,
1558 3432 1624 3540 qui
1648 3429 1715 3512 etsr
1738 3427 1786 3512 ab
1812 3427 1882 3514 illl

460 3568 543 3622 non
570 3537 721 3651 semper
744 3535 939 3650 pendeant
963 3535 1079 3622 causi
1092 3601 1106 3644 ,
1133 3565 1265 3622 tamen
1287 3539 1437 3653 semper
1458 3539 1880 3656 perspirationis-horas

460 3652 658 3755 sentiunt,
685 3655 784 3758 clam
801 3647 952 3734 scilicet
971 3680 1045 3764 pro
1069 3647 1174 3735 varii
1195 3649 1286 3735 mali
1302 3650 1437 3738 naturi
1447 3715 1462 3760 ,
1484 3658 1580 3739 auti
1610 3657 1681 3739 stus
1699 3680 1881 3768 tempore

460 3766 695 3848 adventante
730 3760 1030 3868 recrudescant,
1062 3767 1275 3848 autetiam
1303 3769 1540 3878 mitigentur.
1603 3795 1619 3850 t
1650 3769 1747 3850 srea
1779 3795 1882 3849 con-

462 3879 692 3960 coslionum
718 3901 852 3958 natura
871 3875 1009 3980 suerit,
1033 3903 1077 3958 ut
1093 3874 1227 3988 'longo
1257 3903 1436 3990 tempore
1460 3877 1604 3960 fuerint
1625 3904 1733 3960 acres
1764 3903 1803 3959 at
1830 3905 1882 3962 ue

461 4015 529 4070 aut
552 3987 736 4071 salsedine
751 3983 907 4070 imbuta
930 3985 1153 4092 muriaticb‚
1172 4013 1239 4072 aut
1260 3985 1355 4072 oleo
1376 3988 1582 4072 scaturiant
1602 3991 1710 4093 acri,
1732 3907 1882 4074 moibis

463 4103 636 4182 cutuueis
675 4099 803 4182 ansam
829 4097 972 4214 prabet
1002 4100 1109 4182 hisce
1140 4102 1244 4184 vitiis
1278 4100 1355 4184 alte
1375 4099 1523 4184 imbuta
1548 4101 1808 4216 perspiratio‚
1839 4129 1883 4186 ut

462 4211 542 4294 alio
569 4211 665 4292 loco
686 4211 800 4292 sulilrs
817 4213 1039 4325 exponendi
1063 4211 1141 4296 sese
1155 4211 1262 4299 dabit
1275 4215 1444 4297 occasio.

533 4325 589 4404 At
621 4324 662 4403 in
696 4325 946 4434 procreandis
981 4351 1097 4437 atque
1128 4321 1391 4440 producendis
1425 4323 1608 4432 morbis,
1647 4329 1748 4410 inter
1784 4325 1883 4412 alios

462 4437 618 4540 etiam,
663 4434 838 4516 cutaneis
873 4441 1083 4522 maximam
1110 4435 1256 4552 praebet
1287 4439 1536 4525 occasionem
1566 4437 1634 4523 illa
1666 4441 1767 4523 cutis
1792 4471 1883 4554 pro·

463 4551 603 4662 prietas
630 4542 705 4654 qui
726 4543 851 4630 aliena
874 4549 915 4628 in
932 4559 1019 4636 aere
1042 4551 1398 4638 circumvolitantia
1419 4549 1596 4657 imbibit,
1621 4551 1724 4636 undb
1742 4561 1783 4636 dt
1805 4581 1883 4636 tur·

464 4687 532 4776 pes
548 4653 782 4742 concubitus
809 4665 850 4742 8(
873 4657 979 4742 foeda
999 4657 1099 4745 basra
1111 4727 1124 4768 ,
1148 4673 1189 4747 &a
1209 4665 1359 4778 impura
1375 4669 1614 4750 commercia
1634 4692 1766 4750 cutem
1782 4667 1882 4750 sum·

466 4769 627 4886 strepere
647 4772 927 4856 contaminant.
952 4773 1041 4856 imo
1060 4773 1155 4888 sapi:
1171 4774 1276 4860 labes
1290 4775 1446 4864 admissa
1464 4780 1542 4864 ielu
1556 4775 1684 4866 subito
1700 4781 1881 4864 affectum
