4226 5916
640 416 1191 511 curnurrs2
1541 456 1620 546 11

187 585 269 678 sam
295 581 432 700 capitis
451 584 713 696 nuncupavit,
741 582 884 702 quippe
906 586 938 670 is
965 611 1015 670 ex
1042 612 1183 672 eorum
1211 613 1431 704 paucorum
1455 625 1623 688 numero

186 703 330 812 estqui
357 697 424 782 sua
443 691 648 783 observata
672 697 720 782 ad
745 711 888 782 natura
913 729 1093 786 normam
1121 697 1324 790 libravere.
1589 773 1590 776 1

242 811 1101 923 1111111111111111111111111111111111
1120 847 1132 915 ς
1155 849 1176 890 rr
1189 814 1214 900 ’1
1234 816 1444 906 tuberculo
1457 825 1621 941 incipit,
1708 837 1712 846 '

186 927 291 1014 useu
320 924 439 1044 parvi
466 957 549 1036 quae
580 923 740 1011 abeeffit
776 923 946 1041 pulluli,
978 927 1044 1012 seu
1080 927 1102 1012 it
1137 931 1292 1041 thymio
1325 932 1528 1046 maligne,
1556 941 1623 1026 vel

134 1136 140 1146 ι
185 1075 208 1120 11
224 1072 347 1158 parvo
363 1039 509 1125 ulcere.
525 1037 682 1127 Malum
703 1039 803 1124 illud
824 1037 937 1124 ulcus
954 1041 1193 1148 rotundum,
1212 1047 1369 1131 inversis
1390 1047 1623 1164 plerumque

184 1187 208 1234 11
225 1161 328 1264 oris,
345 1155 529 1272 planum,
552 1156 651 1237 &111
674 1180 811 1239 tenues
829 1181 1012 1238 verrucas
1037 1155 1254 1240 identidem
1277 1159 1471 1245 sublatum
1494 1165 1622 1253 oculis

185 1303 208 1348 11
224 1266 385 1376 objicit,
408 1270 450 1353 id
465 1267 617 1383 impuri
635 1267 870 1382 scaturigine
889 1268 1018 1352 sotum
1038 1270 1216 1354 humoris
1231 1271 1352 1380 mali,
1374 1274 1519 1360 saniem
1536 1309 1623 1380 non
1742 1371 1748 1380 ,

184 1383 353 1470 »reddit
380 1404 516 1498 prater
544 1379 661 1492 quim
686 1381 923 1466 ichoroden.
953 1380 1170 1468 Perdolens
1193 1384 1242 1468 ad
1263 1385 1392 1498 aliqua
1417 1415 1621 1505 tempota3

73 1591 75 1596 k
185 1495 342 1580 »nullis
376 1493 559 1580 remediis
626 1497 847 1584 uantumvis
884 1494 1144 1610 prestantibus
1182 1495 1324 1584 cedere
1350 1500 1507 1586 ‘suerum
1542 1509 1619 1590 est:

183 1643 208 1690 11
221 1608 431 1726 propterea
450 1607 560 1719 qubd
583 1527 695 1694 aicius
717 1611 860 1694 infixus
883 1608 1013 1694 fomes
1040 1613 1313 1724 perieranion,
1336 1640 1403 1696 aut
1428 1620 1592 1700 cranion
1605 1681 1620 1727 ,

182 1757 208 1804 11
223 1725 371 1808 nedum
387 1749 520 1807 cutem
533 1729 575 1806 bt
587 1721 855 1825 membranam
876 1741 1059 1806 carneam
1075 1724 1259 1810 infecit».
1281 1727 1380 1810 Haec
1395 1729 1620 1818 Seueriuus.

184 1837 284 1949 Qus
303 1837 464 1946 quidem
485 1861 534 1920 ex
557 1833 821 1949 descriptione
848 1836 1010 1919 evidens
1040 1841 1092 1920 est
1118 1845 1304 1947 quantum
1330 1842 1417 1924 rosa
1442 1843 1621 1930 Severini

181 1983 279 2036 cum
301 1949 457 2034 ficubus
483 1947 626 2032 Galeni
654 1949 884 2032 consentiat.
916 1948 1064 2033 Forsan
1093 1959 1134 2036 81
1161 1953 1240 2034 hirc
1270 1953 1481 2038 reserenda
1510 1987 1629 2046 autes·

184 2090 397 2150 cruentata
429 2062 480 2146 de
512 2059 653 2172 quibus
692 2061 780 2146 vide
814 2061 981 2146 Paulum
1011 2068 1105 2168 (a)?
1138 2063 1250 2148 Rosa
1289 2066 1449 2177 quidem
1469 2131 1483 2175 ,
1524 2068 1623 2156 licet

179 2177 236 2264 ad
261 2183 468 2292 herpetum
490 2177 595 2259 virus
617 2176 748 2288 potilrs
774 2173 891 2285 quim
915 2175 963 2260 ad
987 2173 1275 2289 phlegmonum
1300 2205 1477 2263 naturam
1500 2189 1621 2296 perti-

180 2319 304 2398 neat,
334 2289 427 2374 ideb
457 2295 523 2373 1111
549 2287 688 2372 locum
721 2292 865 2403 reperit
895 2289 1002 2398 qubd
1025 2289 1302 2402 suppuratione
1323 2291 1405 2374 sola
1429 2294 1619 2406 tollatur,

178 2408 350 2514 haecque
370 2405 583 2484 instituatur
603 2400 767 2486 difficile
791 2401 1005 2485 admodum
1013 2463 1027 2507 ,
1052 2411 1142 2484 cum
1161 2400 1184 2484 11
1202 2401 1343 2488 fomite
1366 2402 1504 2490 rebelli
1522 2439 1620 2519 pen·

178 2519 289 2602 deat.
316 2511 436 2598 Certe
458 2516 668 2598 Severinus
692 2517 866 2602 causticis
891 2512 985 2597 solis
1008 2511 1154 2597 malum
1177 2514 1276 2600 illud
1300 2519 1486 2604 adoritur.
1505 2520 1623 2609 Unde

177 2617 338 2714 sublati
363 2655 471 2742 parte
501 2624 608 2709 male
637 2623 774 2708 affeclir
804 2625 873 2710 sub
901 2625 1059 2708 eschara
1082 2613 1259 2739 legitima
1285 2632 1453 2714 nascitur
1477 2633 1623 2748 suppu-

182 2745 320 2846 ratio,
344 2770 427 2851 quae
456 2737 605 2823 inutilis
624 2740 686 2822 'est
711 2749 890 2853 prorsus,
922 2740 991 2820 nist
1019 2740 1202 2824 remediis
1231 2741 1415 2828 adhibitis
1445 2742 1623 2860 legitima

178 2855 356 2970 lympha
384 2879 502 2963 atque
528 2852 703 2966 sanguini
727 2855 839 2936 crasts
861 2851 1082 2936 inducatur.
1110 2853 1341 2968 Imperfesla
1367 2859 1471 2941 enim
1502 2863 1554 2945 est
1581 2871 1623 2946 bt

182 2972 265 3054 erit
280 2968 430 3082 semper
441 2967 688 3080 supputatio,
704 2966 837 3050 donec
851 2969 992 3052 virium
1005 2967 1164 3050 interiits
1177 2968 1344 3080 grassans
1355 2997 1435 3054 arte
1447 2973 1623 3088 magistri

180 3084 307 3168 suerit
321 3086 478 3196 prorsus
502 3079 768 3164 emendatum.
1084 3151 1087 3158 ,

243 3195 401 3280 Dantur
421 3191 539 3277 etiam
564 3193 675 3277 &ad
699 3217 832 3278 cutem
856 3197 899 3274 &
922 3192 963 3273 in
986 3218 1076 3276 toto
1101 3187 1350 3302 qudcumque
1375 3197 1624 3309 protenditur

183 3333 303 3394 textu
318 3305 496 3392 cellulari
512 3306 807 3420 suppurationes
816 3369 828 3411 ‚
847 3311 889 3386 111
903 3333 955 3388 eae
969 3306 1127 3416 quidem
1141 3303 1325 3418 legitimae
1333 3371 1346 3412 ,
1362 3339 1408 3392 ac
1422 3312 1621 3423 perfecie,

182 3424 270 3506 fine
282 3425 348 3516 vix
359 3417 440 3504 ulli
453 3419 591 3534 praevisa
601 3421 912 3502 inflammatione
924 3417 1111 3531 peculiari
1125 3445 1242 3526 atque
1253 3417 1454 3504 locali.At
1466 3451 1519 3508 eae
1531 3425 1624 3514 vere

181 3538 335 3619 critica
357 3533 445 3617 sunt
456 3595 469 3638 ,
495 3539 537 3616 ὅ(
559 3534 632 3615 ista
653 3534 741 3616 sunt
761 3529 783 3615 ὲ
802 3529 966 3643 quibus,
983 3558 1172 3615 monente
1187 3527 1458 3645 Hippocrrite,
1484 3533 1626 3620 liberat
1729 3529 1740 3544 ’

183 3648 310 3730 crassa
327 3655 368 3731 &
383 3643 548 3760 copiose
564 3644 744 3729 diffluens
759 3649 881 3728 urina.
900 3643 1050 3728 Verum
1069 3642 1142 3724 illa
1158 3673 1383 3757 apparatum
1404 3645 1625 3742 habuerunt

181 3761 295 3870 quast
326 3761 367 3842 in
397 3756 578 3840 universo
609 3785 812 3872 corpore,
844 3782 963 3865 atque
991 3755 1173 3840 febrilem
1204 3759 1625 3872 inflammatotiamque

182 3873 512 3990 preparationem
536 3903 546 3951 ι
574 3869 624 3954 de
648 3867 789 3980 quibus
813 3896 965 3953 veteres
985 3869 1139 3953 Medici
1158 3899 1398 3974 monuerunt
1425 3875 1530 3985 signa
1561 3874 1626 3958 ad·

181 3984 270 4070 elle
299 4015 382 4094 quae
411 3981 652 4067 solutionem
685 4011 769 4064 non
799 3984 884 4065 sieri
920 3987 1206 4097 praenuntient,
1235 4011 1310 4068 uec
1335 4008 1468 4066 tamen
1496 3983 1625 4070 ullum

183 4101 331 4184 mortis
355 4097 501 4180 incurri
530 4093 766 4212 periculum.
798 4093 866 4180 De
888 4098 934 4181 iis
959 4124 1021 4180 tot
1049 4105 1269 4210 praecepta,
1297 4123 1360 4178 tot
1381 4099 1626 4210 aphorismos

183 4211 385 4323 congessit
404 4211 697 4324 Hippocrates,
723 4233 768 4293 ut
782 4209 956 4295 Medicis
974 4209 1088 4319 hujus
1105 4209 1390 4322 suppurationis
1411 4209 1626 4326 118111111-

183 4326 328 4410 nuntia
346 4347 547 4434 nunquam
567 4322 746 4408 defutura
763 4324 849 4406 sint.
1406 4341 1408 4346 '

229 4533 289 4612 (a)
313 4530 379 4597 Lib.
402 4551 436 4612 3,
451 4554 512 4617 cap.
531 4555 580 4614 23·

841 4689 996 4776 ‘aaa'
