4250 5898
368 424 371 444 ¹
481 430 571 548 ’μῦ
694 513 702 520 .
936 367 1478 516 osmonnts

380 679 390 694 t
486 599 537 686 ab
553 597 672 682 Attio
694 591 984 682 medicamenta
995 599 1199 698 nnunquam
1217 591 1266 676 ad
1283 595 1367 675 haee
1381 592 1488 703 signa
1501 583 1669 674 delenda
1683 583 1926 676 sufficerenc'

488 714 628 796 Cutim
654 706 809 792 scilicet
834 730 1016 816 pungunt
1044 703 1184 787 leviter
1214 734 1288 787 acu
1317 699 1553 806 acutisstmi‚
1584 703 1703 784 itaut
1722 700 1745 784 ὲ
1764 703 1921 895 stipulis

290 919 293 928 ,
389 839 400 844 “
485 825 639 941 punffls
649 818 783 930 aliqua
795 817 990 927 sanguinis
1005 813 1158 930 guttula
1171 810 1318 901 exiliat.
1340 816 1466 899 Levia
1482 817 1565 897 hatc
1581 813 1743 898 vulnera
1758 845 1811 930 pu
1827 841 1922 900 vere

487 933 825 1050 eomplent'pyrio
833 993 847 1035 ,
862 927 1056 1038 illumque
1073 927 1212 1013 leviter
1227 931 1490 1032 inflammant,
1506 928 1560 1011 ita
1571 953 1615 1010 ut
1627 929 1748 1042 hepar
1767 925 1920 1042 sulphu-

341 1057 348 1070 '
486 1055 540 1135 ris
553 1050 716 1132 inflictas
737 1042 870 1156 plagas
882 1040 1043 1154 repleat.
1060 1041 1249 1126 Tindittra
1263 1047 1308 1126 lit
1320 1041 1438 1151 altior
1451 1066 1578 1125 totam
1592 1065 1724 1124 eutem
1740 1044 1794 1122 ita
1808 1067 1923 1154 pene·

486 1191 620 1264 trans,
647 1185 693 1241 ut
720 1157 799 1241 fine
825 1151 907 1260 ejus
935 1153 1146 1239 substantiot
1176 1155 1434 1240 destrusiione
1459 1182 1660 1264 nunquam
1688 1155 1806 1268 posstt
1831 1151 1923 1238 tolli

485 1247 636 1359 simius?
659 1267 818 1352 macula
848 1297 861 1370 3
897 1267 1077 1379 adebque
1108 1266 1217 1353 certi¹
1248 1297 1421 1383 grecum
1447 1265 1549 1351 illud
1584 1265 1921 1352 medicamentum

396 1383 402 1390 ’
484 1415 634 1486 umam
658 1385 858 1467 inermen
881 1387 1051 1497 proretis.
1073 1398 1099 1458 .·

498 1551 512 1564 -
542 1502 693 1586 Verirm
719 1496 909 1600 Tartari,
946 1495 1013 1578 seu
1043 1484 1178 1610 potins
1205 1492 1364 1607 Scytbae
1390 1491 1458 1576 stbi
1482 1517 1694 1608 apponunt
1720 1495 1922 1608 pigmenta

486 1619 639 1706 coloris
665 1611 803 1696 diversi
828 1637 878 1692 ex
905 1611 1020 1692 variis
1043 1604 1251 1690 herbarum
1278 1607 1404 1690 succis
1431 1609 1614 1716 conflata.
1643 1606 1742 1688 Haec
1762 1605 1922 1712 forsan,

485 1729 520 1818 st'
540 1754 623 1813 non
647 1721 702 1807 ira
725 1719 802 1807 aits
831 1711 1060 1836 penetrent,
1086 1719 1208 1804 deleri
1232 1721 1397 1834 posstnt,
1418 1720 1483 1802 scd
1503 1719 1613 1829 quod
1626 1744 1679 1802 ex
1699 1719 1919 1831 tithymali,

486 1845 585 1932 fiens
616 1841 777 1942 fuecit,
815 1834 1145 1938 toxicodendro,
1183 1831 1431 1942 aliorumque
1464 1834 1724 1915 causticorum
1757 1831 1922 1944 impres-⁴

486 1961 597 2042 sione
634 1951 718 2031 cuti
759 1951 911 2058 signum
949 1949 1223 2057 imprimitur,
1274 1943 1363 2028 solo
1411 1943 1566 2028 tollitur
1604 1945 1785 2056 tempore
1812 1975 1842 2044 ς,
1876 1971 1922 2030 uc

487 2065 700 2179 quotannis
747 2060 926 2144 videmus
973 2083 1110 2142 manus
1148 2081 1286 2165 ,earum
1328 2057 1569 2140 feminarum
1610 2083 1695 2168 quc
1736 2058 1920 2144 eruendis

486 2173 660 2264 nucibus
694 2178 734 2256 bt
771 2201 822 2257 ex
851 2171 991 2286 primo
1014 2175 1168 2256 cortice
1200 2170 1418 2256 eximendis
1450 2167 1730 2268 insudant31'
1762 2175 1922 2256 errimas

484 2293 604 2390 ¹sieti3
627 2316 667 2373 at
688 2288 775 2401 post
794 2314 944 2400 paucos
967 2283 1118 2370 menses
1142 2284 1283 2368 detrita
1300 2281 1532 2398 epidermis,
1556 2283 1724 2366 mucoso
1742 2287 1916 2394 quercit-

484 2430 549 2489 ωε
576 2429 727 2486 novum
754 2396 937 2482 e'olorem
963 2399 1186 2512 accipiunt,
1211 2421 1330 2507 quem
1351 2398 1378 2478 st
1402 2419 1534 2480 tamen
1554 2397 1671 2480 citibs
1687 2395 1833 2481 tollere
1850 2423 1921 2481 vo-

352 2557 356 2570 ·
483 2515 627 2621 luetis,
648 2501 788 2596 linivio
812 2507 983 2600 alcslino
1006 2537 1143 2594 manus
1163 2506 1295 2593 lavare
1311 2507 1458 2624 pluries
1477 2513 1518 2591 in
1539 2505 1605 2593 die
1626 2503 1810 2594 sufficiet.
1831 2509 1920 2594 Ali·

485 2627 646 2747 quando
671 2626 778 2710 serto
807 2627 935 2740 ignito
960 2621 1047 2708 solo
1072 2625 1248 2736 stigmata
1270 2627 1499 2729 inuruntur,
1526 2647 1571 2705 ur
1591 2627 1714 2705 morit
1740 2625 1795 2706 est
1819 2623 1920 2738 apud

485 2769 561 2827 nos
594 2745 641 2824 iis
674 2743 863 2822 humeros
891 2736 1074 2822 comburi
1101 2734 1298 2820 sceleratis
1330 2759 1431 2845 quos
1463 2735 1678 2820 adremon
1713 2731 1921 2820 tribunalis¹

363 2889 367 2896 *
485 2857 685 2940 damnant.
714 2853 886 2962 Vestigia
919 2849 1122 2966 supersunt
1148 2847 1303 2962 pauca,
1329 2849 1397 2932 sed
1421 2845 1626 2932 conbusta
1648 2857 1690 2932 dt
1715 2847 1921 2950 addensari

439 2991 441 2998 ’
486 2991 580 3052 cute
606 2961 834 3049 insanabilia
848 3023 863 3068 ,
889 2964 959 3044 nist
981 2963 1211 3046 cicatricem
1236 2959 1340 3046 novi
1367 2963 1554 3046 cicatrice
1574 2959 1673 3046 velis
1701 2961 1919 3076 detergere.

485 3081 685 3195 Suppuret
706 3079 811 3159 enim
830 3078 912 3157 hoc
932 3077 974 3157 in
994 3075 1084 3159 casu
1100 3077 1201 3160 cutis
1215 3073 1371 3159 necesse
1389 3077 1461 3180 ess,
1478 3082 1519 3158 bt
1533 3073 1686 3159 cellule
1702 3076 1752 3157 ad
1769 3076 1813 3158 se
1825 3070 1920 3160 invi⁴⁴

485 3221 577 3278 cem
589 3191 843 3274 adducantur.
858 3187 995 3296 Quam
1006 3214 1139 3272 tamen
1151 3185 1563 3301 operationemaiiqui
1579 3186 1706 3272 subire
1722 3187 1913 3296 maluere,

486 3305 605 3416 quim
630 3305 751 3385 tristes
772 3302 954 3412 preteriri
980 3296 1136 3386 sceleris
1158 3298 1344 3411 reliquias
1366 3301 1635 3386 circumferret
1663 3300 1817 3385 Veritm
1838 3299 1917 3386 hcc

485 3415 536 3502 ad
557 3416 857 3503 decorationem
878 3413 1012 3528 potitis
1034 3415 1214 3526 corporis
1239 3413 1358 3525 quim
1386 3411 1435 3497 ad
1458 3411 1540 3522 ejus
1563 3413 1809 3528 sanationem
1832 3437 1919 3530 per-

486 3555 626 3615 onenr.
1748 3564 1751 3572 ⁴

542 3641 643 3726 Non
669 3636 882 3723 dicendum
909 3635 1014 3722 idem
1039 3640 1093 3724 est
1118 3635 1168 3722 de
1192 3633 1510 3750 vibicibusquas
1540 3637 1662 3753 flagra
1688 3645 1731 3723 bt
1755 3639 1919 3727 verbera

484 3759 617 3870 potibs
641 3757 681 3837 in
706 3776 816 3835 term
846 3749 1023 3834 cellulari
1038 3747 1166 3862 ,quim
1193 3755 1234 3834 in
1262 3777 1353 3840 cute
1380 3751 1605 3864 relinquunt
1630 3779 1642 3854 3
1671 3775 1756 3864 quc
1786 3759 1919 3838 omnia

484 3867 644 3982 poliunt
675 3857 808 3949 stadis·
826 3876 1055 3978 percurrere
1090 3862 1114 3946 i
1143 3861 1343 3948 levissimi·
1364 3861 1548 3978 phlogost
1577 3864 1626 3948 ad
1659 3868 1918 3980 gravissimam

485 3980 608 4090 usqub
635 3977 985 4062 inflammationem
1001 3982 1018 4079 ’,
1037 3979 1129 4059 'imb
1163 3986 1205 4060 bt
1239 4001 1499 4091 gangrenam
1529 3977 1628 4062 Sed'
1645 3979 1820 4088 quedam
1850 3981 1918 4062 bic

484 4089 694 4176 intercedit
723 4085 941 4173 differentia
975 4091 1076 4171 inter
1109 4115 1268 4173 caretas
1294 4085 1635 4176 inflammationes
1653 4099 1695 4173 dt
1729 4089 1833 4174 illam
1863 4091 1915 4176 de

485 4201 563 4310 qui
584 4195 876 4313 conquerimur.
902 4202 1010 4284 Nam
1031 4203 1096 4284 bic
1117 4227 1167 4284 ne
1186 4202 1415 4286 erethismus
1433 4207 1560 4316 gravis
1582 4204 1729 4310 serint,
1755 4203 1806 4286 im
1832 4203 1921 4288 'dit

484 4313 565 4424 ipsa
580 4317 761 4397 vasorum
785 4317 995 4422 contusio,
1024 4313 1129 4398 unde
1156 4316 1285 4508 stupor
1306 4315 1464 4424 quidam
1493 4313 1680 4400 oritur&
1700 4319 1769 4398 vix
1788 4348 1813 4399 u
1847 4348 1918 4423 us,

485 4421 555 4506 nist
576 4427 624 4508 ad
647 4455 825 4535 motum,
846 4427 978 4512 dolor.
994 4473 996 4478 ·
1010 4421 1158 4512 Verbm
1179 4455 1205 4508 u
1234 4431 1246 4508 i
1272 4422 1352 4533 iam
1378 4423 1521 4512 restitui
1544 4431 1746 4541 incipiunt
1762 4429 1853 4514 vasa
1876 4435 1923 4513 dt

486 4533 676 4620 resolutio
699 4543 806 4644 sieri,
834 4563 929 4622 tnnc
952 4565 1136 4624 enormes
1155 4543 1385 4624 exoriuntur
1410 4541 1575 4625 dolores
1595 4549 1638 4626 bt
1654 4545 1744 4625 neti·
1770 4547 1926 4628 crucia-

484 4671 571 4754 tus,
596 4650 689 4730 hinc
710 4656 836 4734 nervis
861 4651 1111 4846 compressis,
1137 4651 1249 4734 illine
1265 4651 1459 4760 distentis,
1483 4663 1524 4737 bt
1546 4679 1657 4738 textu
1675 4653 1856 4738 cellulari
1880 4657 1924 4740 in

484 4760 718 4844 immensum
733 4762 945 4848 crescente.
998 4763 1152 4847 ovcnda
1166 4763 1274 4848 certi
1289 4769 1390 4850 cutis
1406 4763 1703 4854 emollientibus
1725 4771 1924 4882 primitm,

482 4869 614 4986 posted
633 4872 779 4955 tonicis
793 4873 1077 4960 resolventibus
1085 4938 1108 4989 ,.
1122 4880 1335 4989 omniaque
1353 4875 1643 4969 facendarum
1660 4880 1714 4968 ad
1730 4907 1925 4967 cruorem
