4188 5916
514 503 517 510 .
644 401 1140 505 'curturis
1539 451 1623 535 357

186 567 308 660 nibus
316 573 376 660 uti
386 572 595 683 volumus,
612 573 743 662 nullus
761 581 957 664 horumce
974 575 1207 662 morborum
1220 579 1287 690 qui
1302 580 1438 696 passim
1452 579 1522 667 sub
1538 585 1619 670 sca-

187 685 267 772 biei
292 689 468 790 cmllosae
490 686 608 772 titulo
633 688 903 782 describuntur
932 690 981 774 ad
1002 689 1175 774 scabiem
1203 693 1337 777 referri
1365 692 1484 779 debet
1508 730 1519 796 ;
1549 698 1615 784 sed

187 800 237 885 ad
253 799 414 916 alphum
429 798 565 884 saltem
582 827 812 909 revocatur,
834 805 861 886 st
881 833 966 887 non
985 803 1033 888 ad
1052 799 1222 888 leucem.
1248 806 1308 908 Ira
1329 807 1437 892 casus
1454 811 1619 894 Martini

186 913 311 1025 Kelly
339 919 407 1026 qui
430 913 534 1028 apud
555 912 744 999 Brisbane
763 921 831 1018 (a)
853 914 1001 1000 balneis
1023 942 1062 1001 te
1090 917 1192 1021 idis,
1218 917 1465 1032 sarsaeparillae
1490 949 1619 1036 potu,

184 1023 354 1110 tinsiuri
367 1029 575 1110 antimonii
591 1033 632 1111 ὃ(
651 1025 805 1139 quique
824 1028 864 1113 se
892 1025 1038 1112 timasi
1053 947 1134 1112 tion
1151 1029 1390 1116 semi-uncia
1406 1032 1491 1118 salis
1503 1034 1621 1120 Glau·

187 1135 274 1223 beri
305 1139 456 1223 sanatus
485 1140 560 1223 fuit
572 1203 587 1248 ,
619 1140 821 1226 evidenter
848 1059 968 1258 tipho
998 1137 1230 1248 laborabat,
1263 1151 1305 1226 bt
1335 1144 1477 1230 similes
1510 1147 1620 1233 casus

186 1251 293 1368 apud
321 1249 616 1358 Etmullerum,
646 1254 880 1360 Riverium,
907 1253 1199 1338 Hoffinannunt
1219 1260 1387 1369 reperire
1410 1263 1474 1343 est.
1504 1261 1620 1346 Unde

186 1391 297 1480 patet
335 1395 418 1476 quae
452 1363 501 1448 ab
536 1367 705 1476 antiquis
743 1365 935 1481 descripta
975 1367 1063 1451 sunt
1104 1366 1201 1482 saepb
1241 1367 1343 1482 apud
1380 1375 1622 1458 recentiores

187 1482 376 1593 reperiri;
402 1477 470 1563 sed
495 1477 536 1562 id
559 1481 734 1563 enormis
757 1481 966 1564 nominum
988 1478 1169 1566 consusro
1188 1480 1286 1565 fecit
1296 1543 1312 1591 ‚
1340 1507 1386 1566 ut
1410 1483 1480 1568 sub
1502 1477 1622 1572 'variis

186 1589 416 1676 nominibus
439 1589 586 1676 eadem
610 1620 670 1676 res
689 1595 955 1677 tractarentur.
1580 1592 1582 1597 ’

244 1706 308 1788 Ex
338 1707 591 1788 affectionum
621 1707 772 1788 istarum
810 1707 1000 1818 congerie
1030 1708 1133 1820 apud
1161 1709 1245 1794 fere
1274 1736 1413 1794 omnes
1444 1714 1621 1797 auetores

186 1817 428 1905 'desumenda
455 1843 563 1932 patet
596 1815 780 1924 leucem,
811 1817 876 1902 seu
902 1822 1158 1905 inveteratam
1181 1848 1360 1907 veterum
1386 1821 1622 1937 vitiliginem

186 1929 325 2018 reverit
343 1933 502 2016 exiliere
527 1939 567 2014 δι
591 1933 631 2012 in
655 1931 777 2043 gradu
802 1930 958 2016 remisso
981 1931 1085 2045 apud
1108 1963 1181 2020 nos
1204 1934 1354 2043 videri,
1381 1933 1477 2021 licet
1499 1937 1622 2022 saten-

187 2047 284 2132 dum
312 2047 358 2129 lit
386 2074 469 2128 non
493 2045 718 2154 frequenter
741 2045 956 2131 admodbm
985 2046 1066 2128 srne
1097 2043 1172 2133 luis
1198 2075 1373 2132 veneteae
1401 2048 1621 2163 suspicione

185 2158 326 2246 adesse.
347 2156 464 2242 Illam
484 2183 636 2243 veteres
657 2153 679 2241 ὲ
699 2154 806 2274 lepti
828 2165 869 2242 dt
889 2156 928 2242 le
956 2159 1050 2242 rosrs
1068 2157 1269 2245 affesiibus
1288 2160 1467 2275 distingui
1487 2161 1622 2249 volue-

186 2297 279 2358 runt
304 2269 429 2356 obas
448 2273 633 2355 eritatem·
654 2301 736 2382 qua
762 2277 805 2355 in
831 2268 940 2385 lepra
961 2273 1173 2384 reperitur,
1198 2277 1290 2356 cbm
1315 2273 1454 2358 contri
1475 2273 1621 2362 lavitae

186 2384 364 2500 quadam
377 2302 534 2468 insolita
549 2384 755 2497 distinguat
769 2409 895 2496 partes
916 2381 1033 2468 leuce
1052 2381 1298 2484 laborantes;
1322 2386 1489 2470 atcerte
1510 2389 1622 2472 difle-

186 2503 311 2586 rentia
331 2501 414 2582 hatc
435 2495 674 2609 diagnostica
693 2525 775 2578 non
800 2497 934 2582 affecit
957 2499 1134 2582 aubiores
1160 2500 1214 2581 ita
1236 2525 1281 2582 ut
1297 2497 1621 2612 distinguerentur

185 2615 343 2729 penitbs
356 2613 457 2694 inter
470 2608 509 2694 se
527 2605 657 2692 morbi
677 2608 825 2692 affines.
842 2611 933 2692 Nec
950 2609 1058 2694 certi
1075 2609 1264 2694 distinctio
1280 2614 1413 2723 magni
1427 2616 1622 2699 momenti

186 2730 265 2834 est,
289 2730 381 2809 cbm
404 2720 520 2807 leuce
547 2730 589 2806 dt
614 2722 746 2804 causas
774 2721 929 2806 easdem
956 2727 997 2805 dt
1025 2721 1313 2807 medicamenta
1336 2723 1476 2808 eadem
1504 2751 1621 2836 atque

186 2839 298 2955 lepra
322 2835 536 2950 agnoscat,
560 2861 605 2919 ut
626 2832 757 2949 posted
782 2832 941 2919 dicendi
964 2833 1045 2918 sese
1069 2831 1178 2918 dabit
1197 2837 1370 2920 occasro.

242 2953 291 3036 In
324 2976 496 3060 utroque
532 2951 640 3034 enim
670 2945 814 3031 morbo
844 2944 1005 3061 lympha
1036 2947 1195 3050 mucida
1228 2956 1270 3034 bt
1306 2978 1392 3061 pars
1424 2950 1619 3064 praecipub

187 3065 269 3172 ejus
289 3062 526 3148 solidescens
543 3064 585 3143 in
608 3088 843 3146 concretum
863 3088 954 3144 acre
973 3059 1082 3161 versa
1102 3063 1179 3168 est,
1200 3061 1310 3172 quod
1331 3060 1399 3146 ubi
1420 3064 1468 3145 ad
1492 3077 1621 3146 aerem

187 3180 408 3294 expolitum
429 3179 481 3260 est
506 3175 633 3258 resrnae
654 3176 767 3258 inslar
787 3177 828 3257 in
847 3202 991 3288 corpus
1017 3171 1188 3257 solidum
1207 3178 1395 3282 vertitur,
1421 3171 1622 3261 albescens

180 3286 382 3409 primum,
401 3285 532 3405 posted
548 3286 773 3395 rufescens,
799 3313 842 3370 ut
857 3285 1041 3371 omnibus
1054 3285 1137 3370 seri
1152 3288 1283 3372 resinis
1306 3311 1521 3374 commune
1541 3291 1621 3390 eli3

188 3435 264 3492 nec
294 3402 455 3518 lympha
478 3405 562 3484 hac
586 3431 692 3511 aquae
718 3403 897 3485 immixta
923 3403 965 3484 in
984 3397 1030 3485 el
1049 3398 1213 3485 solvitur
1221 3407 1236 3507 ‚'
1258 3401 1327 3484 nist
1350 3429 1490 3517 tepore
1514 3431 1621 3512 aqua
1694 3457 1701 3470 ·

190 3527 234 3604 bt
257 3519 447 3632 temporis
467 3511 580 3598 morit
605 3512 733 3620 adjuta
758 3515 815 3599 stt.
847 3513 967 3597 Tunc
989 3515 1088 3598 verb
1109 3542 1209 3623 aqua
1232 3511 1443 3600 dissolvens
1468 3513 1623 3599 turbida

189 3635 257 3739 fit,
277 3630 548 3740 &squammis
569 3625 826 3712 volitantibus
847 3629 888 3710 in
904 3623 1022 3737 amyli
1038 3653 1192 3710 morem
1212 3653 1373 3711 onerata
1390 3660 1401 3729 ;
1424 3658 1506 3739 quat
1522 3629 1620 3711 verb

188 3743 311 3830 malla
331 3746 434 3856 pribs
454 3739 565 3857 spilla
583 3741 709 3824 suerat
733 3769 840 3850 aqua
856 3736 1016 3823 miscelai
1038 3736 1273 3852 splendescit
1294 3747 1334 3823 bt
1358 3738 1558 3854 pellucida
1578 3741 1624 3823 lit

189 3855 370 3974 gelatinae
389 3881 456 3940 aut
477 3853 726 3966 mucilaginis
750 3855 790 3935 in
813 3879 980 3936 morem.
1008 3852 1163 3936 Rursbs
1184 3855 1282 3939 verb
1304 3850 1373 3936 illa
1397 3851 1621 3936 ebullientis

189 4001 299 4082 aqua
323 3966 502 4056 efficacii
531 3993 698 4082 cogetur
723 3992 841 4076 atque
864 3965 1126 4072 concrescet,
1156 3969 1240 4048 imb
1267 3974 1309 4049 δι
1336 3964 1461 4048 solida
1485 3965 1627 4049 evadet

191 4091 233 4170 bt
255 4083 360 4194 quast
384 4111 532 4167 cornea
557 4113 570 4182 ;
601 4108 676 4165 nec
701 4076 821 4162 alium
843 4082 945 4164 inter
968 4075 1271 4183 ebullitionem,
1298 4080 1506 4161 autetiam
1530 4081 1623 4191 igne

190 4197 300 4280 nudo
323 4193 549 4301 combusta,
578 4193 746 4278 odorem
770 4194 913 4308 spargit
932 4190 1049 4303 quim
1069 4194 1138 4301 qui
1162 4191 1343 4304 proprius
1359 4191 1412 4272 est
1433 4187 1622 4274 albumini
1659 4270 1664 4278 .

192 4315 261 4395 ovi
278 4309 511 4416 combusto,
536 4305 641 4392 unde
659 4309 704 4388 lit
725 4331 770 4390 ut
784 4305 843 4392 illi
867 4333 930 4391 tot
955 4305 1173 4389 adhaereant
1196 4301 1338 4386 inseua
1349 4364 1364 4409 ,
1395 4327 1458 4386 tot
1481 4302 1622 4400 musca

191 4421 404 4530 advolent,
425 4425 510 4506 irnb
525 4430 567 4505 dt
579 4446 733 4528 vermes
747 4421 1044 4530 concipiantur,
1060 4417 1101 4495 in
1122 4412 1241 4524 quoa
1263 4415 1471 4500 resrnarum
1488 4415 1623 4500 naturai

194 4564 242 4621 ut
260 4545 303 4622 bt
322 4538 601 4651 phoenomenis
621 4531 670 4615 ad
692 4535 828 4644 ignem
848 4528 998 4614 summe
1016 4524 1179 4611 abludit.

250 4651 352 4761 Quae
378 4651 476 4735 verb
502 4647 616 4734 causa
638 4645 815 4732 efficiens
844 4641 961 4760 polltt
990 4667 1196 4726 concretas
1222 4641 1276 4725 ita
1301 4641 1351 4726 ad
1377 4639 1419 4724 su
1448 4641 1624 4725 erficiem

192 4767 296 4850 eutis
317 4763 486 4848 adunare
506 4787 631 4874 partes
645 4757 835 4877 lymphae,
860 4782 905 4843 ut
920 4757 1000 4843 sme
1017 4757 1126 4842 exitu
1144 4755 1322 4843 humoris
1341 4671 1469 4843 ocuiis
1485 4753 1624 4867 depre-

233 4900 290 4975 (s)
312 4893 458 4971 struant,
478 4914 542 4979 pag.
562 4911 609 4976 45¹.
