4226 5916
662 339 1151 438 cornuam.
1414 381 1421 389 “
1554 363 1644 460 451⁴

205 501 356 594 Dissert
376 502 505 596 adhuc
520 505 766 637 abherpete,
788 513 904 628 quod,
918 515 985 600 etsr
1008 509 1240 599 unetuosum
1263 513 1474 596 humorem
1496 509 1638 622 stillet,

206 623 313 728 quast
341 625 562 737 perpetui),
593 656 676 708 uon
698 651 832 710 tamen
860 629 1001 712 crustas
1029 653 1203 737 unquam
1229 625 1380 725 faciat3
1408 625 1477 706 nist
1505 651 1638 724 tamen¹
1723 663 1726 674 ·

203 733 501 846 supercrescant
530 737 695 824 escharae
729 739 839 826 leves
881 737 1115 854 rhagadibns
1153 763 1220 832 aut
1254 738 1405 833 fissuris·
1424 733 1638 850 scalpendo

204 846 329 931 sadis.
350 847 499 958 Differt
512 853 610 936 verb
628 853 746 936 etiam
766 852 858 939 inde
873 853 1002 963 quod,
1021 847 1496 965 complurimosviderim
1510 852 1638 934 incau·

95 1052 99 1060 ,
206 961 283 1048 tius
310 959 632 1076 adstringentibus
659 961 890 1070 abutentes,
919 969 1081 1069 nivem,
1110 961 1308 1078 glaciem,
1334 955 1520 1068 acetum,
1553 963 1640 1054 alus

205 1070 361 1158 minosa
388 1075 736 1190 imprudentissrmd
765 1075 996 1164 exhibentes
1030 1077 1079 1162 ad
1108 1079 1189 1161 hoc
1221 1074 1403 1181 malum,
1437 1105 1640 1186 nunquam

207 1181 335 1293 illius,
352 1190 561 1306 reperculsi
575 1195 773 1301 quamvis,
792 1222 874 1275 non
888 1193 1012 1276 curati
1026 1191 1131 1303 signa
1144 1187 1444 1274 observaverim.
1466 1186 1640 1274 Cantha-

209 1295 386 1407 ridibus,
416 1303 725 1388 vesrcantibusve
751 1303 801 1390 ad
829 1301 923 1388 loca
950 1302 1075 1388 diffita
1104 1304 1314 1417 appositis,
1344 1302 1479 1416 augeri
1509 1303 1642 1414 potibs

210 1417 330 1521 quam
354 1411 552 1501 sublevari
572 1420 790 1506 comtanter
815 1414 1064 1502 observatum
1086 1417 1151 1500 est.
1630 1445 1642 1506 ·.

268 1524 420 1608 Nescio
435 1557 484 1612 an
507 1557 558 1612 eo
581 1531 753 1616 eunuchi
776 1525 984 1634 laborent,
1008 1556 1067 1614 res
1088 1526 1363 1612 observatione
1386 1525 1505 1638 digna
1523 1523 1643 1618 soret÷

213 1633 336 1723 Certe
356 1637 533 1726 scintillas
545 1639 621 1726 illoe
641 1645 837 1728 acerrima
857 1673 940 1752 quae
960 1644 1165 1724 hominem
1188 1639 1211 1724 ὲ
1229 1643 1324 1724 statu
1348 1641 1484 1749 quieto
1499 1635 1643 1727 voles*

213 1773 293 1831 tem
303 1813 317 1854 ,
338 1751 541 1838 nolentem
557 1751 767 1860 dejiciunt,
791 1763 831 1840 &
848 1753 1021 1838 subsilire
1035 1750 1172 1860 jubent
1181 1815 1195 1859 ,
1212 1752 1364 1862 aliquid
1379 1749 1525 1836 habent
1538 1747 1644 1836 elec*

213 1866 328 1968 trici,
346 1872 388 1948 bt
400 1867 555 1950 videtur
566 1865 667 1951 illud
685 1865 1088 1976 malumaliquateuirs
1105 1897 1197 1950 curn
1213 1865 1369 1948 seminis
1389 1866 1660 1977 generatione.

179 1988 182 2000 ‘
214 1999 283 2058 aut
297 1976 509 2064 erethisnro
520 1982 562 2061 in
575 1967 701 2095 paries
715 1979 905 2094 genitales
919 1978 1068 2090 aliquid
1081 1977 1226 2063 habere
1241 1980 1479 2070 communis.
1498 1976 1647 2084 Quam·

215 2087 273 2170 vis
295 2091 401 2172 enim
419 2091 469 2176 ad
488 2089 705 2196 juvenes&
719 2097 859 2178 veneri·
870 2095 1063 2176 inhiantes
1077 2090 1326 2174 referendum
1345 2085 1494 2172 malum
1510 2086 1647 2172 videas

216 2224 280 2282 tur
304 2199 513 2312 aliquandi>
539 2208 582 2289 in
605 2199 781 2294 extremi
800 2206 999 2290 fenenne
1017 2202 1320 2307 recrudescere,
1354 2203 1395 2284 in
1417 2197 1494 2311 qui
1512 2207 1648 2315 pariam

215 2311 411 2396 seminalis
431 2310 529 2400 aura
546 2345 781 2430 generatur,
803 2346 943 2402 notum
962 2317 1049 2400 satis
1069 2318 1121 2398 est
1142 2318 1184 2396 in
1203 2315 1411 2426 decrepitis
1435 2310 1649 2421 aliquandi)

216 2426 358 2507 miram
392 2424 628 2510 salacitatem
657 2431 762 2537 quasr
791 2429 813 2512 ὲ
847 2427 1046 2544 profundo
1076 2453 1306 2540 emergere,
1339 2423 1392 2508 ob
1423 2426 1649 2512 acrimonias

217 2563 364 2620 novam
383 2541 631 2652 eruptionem
647 2570 764 2648 quam
778 2544 988 2654 stagnantia
1007 2543 1048 2624 in
1067 2536 1258 2622 folliculis
1277 2533 1510 2649 genitalibus
1529 2533 1650 2626 fluida

219 2651 482 2764 concipiunt,
507 2658 557 2734 x&t
590 2681 706 2762 quam
740 2680 859 2766 auget
893 2651 1111 2736 immodica
1144 2648 1363 2764 scalptura,
1390 2648 1418 2731 sr
1442 2647 1650 2762 prasertim

218 2758 403 2845 foveatur
421 2761 551 2847 senilis
571 2765 637 2848 ista
653 2764 853 2848 flammula
876 2764 1064 2850 cardiacis
1083 2761 1383 2872 aromaticisque
1399 2758 1453 2844 ob
1475 2788 1652 2874 precon-

220 2898 378 2988 ceptam
396 2873 478 2959 fere
499 2873 683 2960 omnibus
707 2880 938 2992 opinionem
957 2873 1066 2960 illam
1087 2874 1241 2960 senibus
1265 2873 1392 2958 calida
1416 2875 1550 2956 omnia
1574 2871 1653 2962 effe

223 2985 488 3071 obtrudenda.
508 2991 600 3073 Nec
615 2991 712 3074 verb
727 2986 775 3074 ab
789 2988 864 3076 hirc
880 2992 1069 3104 opinione
1082 2987 1359 3093 desistendum,
1382 2982 1653 3096 qubdmalum

223 3099 409 3184 etiamad
430 3100 610 3186 foeminas
628 3101 840 3215 pertineat,
865 3131 949 3214 qua
968 3099 1067 3185 nihil
1083 3098 1229 3185 habent
1249 3098 1358 3210 quod
1379 3099 1514 3184 semini
1537 3097 1654 3213 pollit

223 3211 410 3304 conferri
437 3215 586 3298 Verbm
614 3241 741 3329 partes
762 3218 850 3330 ipsrs
872 3215 1002 3300 insunt
1021 3216 1171 3299 eximio
1191 3212 1301 3296 sensu
1320 3211 1495 3319 donatas,
1520 3211 1654 3297 ardor·

222 3327 302 3436 que
323 3323 494 3438 partibus
515 3324 749 3440 genitalibus
764 3329 985 3524 infiessifflssi
1003 3325 1138 3436 ibique
1156 3329 1369 3408 humorum
1387 3324 1486 3409 mire
1503 3321 1655 3408 oleoso·

221 3437 535 3571 saponaceorum
548 3503 564 3548 ,
593 3443 636 3525 in
656 3439 798 3525 sollicu
819 3445 849 3526 ‘s
871 3443 1039 3555 propriis
1064 3462 1375 3543 contentorum,
1408 3435 1571 3524 uberem
1596 3461 1655 3526 re.-
1762 3427 1774 3442 ’
1866 3429 1869 3438 ’

219 3563 350 3666 penas
404 3579 625 3638 roventum.
662 3555 709 3636 ln
734 3555 843 3640 hisce
895 3556 988 3637 orrb
1016 3547 1207 3634 folliculis
1232 3547 1303 3633 ubi
1327 3550 1428 3634 adest
1455 3547 1656 3663 dispositio

226 3583 467 3774 particularis
489 3669 604 3781 partis
627 3664 826 3752 sentientis
835 3727 850 3773 ,
867 3585 972 3752 latet
989 3693 1073 3747 non
1091 3665 1254 3747 minima
1273 3692 1359 3859 pars
1378 3688 1553 3748 venereae
1572 3685 1657 3745 ten·

226 3779 387 3889 tiginis,
413 3807 531 3888 quam
549 3781 765 3862 acrimonia
784 3804 1041 3888 quacumque
1057 3771 1158 3860 intrb
1174 3772 1271 3861 locu
1289 3805 1334 3862 os
1353 3774 1476 3860 hosce
1493 3797 1657 3888 accepta

226 3889 395 3974 intendit
416 3919 510 3974 curn
558 3893 679 3974 ruritu
702 3900 744 3974 δι
763 3889 910 3975 calore.
1316 3969 1319 3976 .

282 4002 498 4086 Undbnon
517 3921 596 4086 lilre
620 4001 736 4088 causi
758 4000 906 4088 malurn
925 4005 1006 4086 hoc
1027 4005 1188 4118 proprio
1213 4007 1255 4084 ὃ(
1273 3995 1462 4115 peculiari
1482 3993 1660 4111 capitulo

224 4113 470 4200 tradendum
504 4113 773 4223 credidimus,
809 4123 902 4200 cum
935 4117 1088 4201 differat
1122 4111 1170 4198 ab
1205 4107 1389 4230 omnibus
1422 4111 1501 4191 hire
1536 4107 1659 4220 usqus

228 4218 467 4342 descripti&
493 4256 569 4312 nec
597 4229 714 4342 possit
740 4233 879 4314 vocari
903 4231 1075 4344 herpes,
1111 4253 1186 4310 nec
1218 4218 1452 4337 erysrpelatis
1482 4243 1661 4324 naturam

229 4341 384 4425 referat.
403 4341 492 4423 Imb
509 4343 536 4422 sr
552 4345 653 4424 inter
668 4339 959 4456 lymphaticos,
984 4341 1225 4448 crustamque
1243 4333 1474 4420 inducentes
1497 4331 1662 4420 morbos

228 4457 425 4540 numerari
443 4455 570 4648 gosset
578 4516 593 4560 ,
615 4482 699 4537 non
714 4455 794 4536 stne
809 4449 941 4562 aliqui
958 4451 1201 4536 distindione
1216 4451 1380 4564 propria
1397 4454 1440 4530 dt
1456 4444 1664 4642 peculiaris

228 4565 377 4650 indolis
396 4565 446 4648 de
474 4593 557 4650 eret
574 4569 674 4650 intri
689 4592 828 4649 eorum
846 4592 968 4678 genus
982 4563 1160 4646 admitti:
1177 4561 1244 4647 sed
1262 4587 1455 4677 pro‘pecu
1475 4564 1542 4643 'ari
1563 4561 1664 4646 cutia

167 4719 172 4730 ¹
226 4681 272 4762 in
289 4675 528 4871 genitalibus
548 4675 693 4764 morbo
713 4675 964 4793 accipiendus
982 4678 1050 4761 est.

205 4839 207 4844 ·
334 4791 400 4872 inc
424 4816 521 4902 ergo
548 4795 794 4896 curationem
819 4787 1104 4878 instituentibus
1132 4785 1207 4874 alia
1230 4789 1391 4983 proriusl
1400 4788 1474 4981 luia
1498 4779 1665 4872 tenenda

1442 4928 1469 5003 ¹l
