4228 5898
480 459 562 538 ¹24
744 409 1210 519 DE-Monnrs
1267 421 1677 516 CUTANEISs

476 589 667 680 successu.
686 591 857 678 Frustrat
877 595 984 677 enim
997 591 1264 678 medicantum
1283 617 1380 678 vota
1392 590 1587 676 successus
1597 654 1612 698 ,
1634 592 1750 705 saper
1770 585 1908 675 ulcera·

396 715 399 722 ’
477 701 660 806 hnsturd
682 705 782 800 faita
806 703 911 790 recte
939 706 1085 788 humor
1112 707 1240 813 fluat,
1274 701 1386 812 cujus
1410 705 1604 819 impetum
1626 706 1824 790 incertum
1846 704 1907 787 fa-

474 819 565 926 cis,
595 818 689 908 dium
708 846 831 902 novas
858 817 928 928 ipsi
955 819 1037 902 vias
1065 823 1214 932 aperire
1233 816 1367 903 seduli
1391 821 1507 902 nimis
1526 813 1621 901 curi
1638 816 1791 930 satagis.

532 927 691 1016 Peraild
722 926 846 1044 primi
879 923 949 1011 illa
978 929 1145 1056 pueritii
1165 935 1284 1018 raribs
1315 930 1569 1014 efflorescunt
1589 928 1722 1012 morbi
1748 930 1905 1014 cutanei

472 1043 741 1158 depuratorii,
758 1051 798 1125 ὃ(
819 1037 1033 1153 pubertatis
1052 1068 1233 1158 tempore
1252 1039 1431 1147 tantbm,
1451 1051 1536 1125 tum
1554 1039 1798 1154 virginibus,
1817 1044 1905 1124 nim

472 1153 658 1241 masculis
686 1153 769 1238 vari
792 1152 841 1235 ad
864 1177 995 1236 cutem
1027 1161 1213 1268 apparent¹
1244 1157 1312 1266 qui
1338 1151 1435 1268 [πρὸ
1463 1155 1587 1238 cutim
1621 1152 1827 1268 denrrpant
1854 1151 1905 1237 ad

471 1267 647 1354 frontem
673 1273 715 1350 dt
736 1264 892 1348 faciem.
914 1263 1291 1378 Phlegmonodaeam
1309 1264 1538 1350 emulantur
1558 1291 1734 1348 naturam
1751 1265 1837 1370 illi,
1861 1272 1906 1348 ὁ(

381 1461 385 1468 .
472 1411 547 1496 pus
574 1381 814 1463 concoEium
839 1375 956 1490 parvi
983 1375 1101 1492 copii
1126 1377 1301 1486 ejiciunt.
1325 1380 1391 1463 Ad
1413 1377 1520 1492 ipsos
1536 1381 1905 1491 pruritusnonper-

473 1495 627 1598 tinent,
660 1490 727 1573 sed
752 1487 889 1597 aliquis
916 1486 1117 1575 lancina‘ns
1145 1491 1274 1576 sensus
1299 1517 1371 1576 eos
1406 1493 1618 1594 comitatur
1653 1516 1905 1604 erumpentes

474 1632 567 1688 cum
584 1604 733 1687 tensrvo
755 1599 803 1684 ad
820 1627 954 1685 cutem
977 1601 1100 1686 sensu.
1121 1603 1181 1688 Hi
1199 1603 1296 1720 saepd
1321 1603 1534 1687 confertim
1553 1611 1596 1687 dt
1615 1601 1875 1716 agglomerati
1885 1663 1902 1710 ,

470 1714 568 1829 sape
593 1713 754 1798 solitarii
778 1741 875 1798 exur
904 1719 985 1798 unt.
1023 1714 1115 1800 Hos
1148 1714 1229 1830 ipsa
1259 1717 1325 1797 sua
1348 1740 1485 1798 natura
1521 1713 1760 1800 diluentibus
1800 1717 1906 1800 anti-

470 1826 714 1942 phlogisticis
729 1743 948 1910 tractandos
962 1827 1040 1911 elle
1064 1827 1224 1913 indicat.
1248 1827 1473 1938 sanguinea
1493 1823 1679 1932 juvenum
1693 1831 1903 1940 temperies

470 1942 597 2022 minui
618 1937 811 2050 sanguinis
837 1941 996 2055 copiam
1014 1937 1161 2024 debere
1180 1970 1233 2054 op
1262 1935 1402 2024 ortuni
1418 1967 1526 2022 venae
1542 1938 1717 2024 sectione
1740 1938 1907 2044 indicae

414 2151 418 2158 ⁶
472 2049 705 2154 Diluentia‚
738 2055 949 2164 operientia
980 2050 1162 2137 infarclus
1187 1969 1294 2137 celer
1317 2048 1512 2162 postulat;
1541 2052 1624 2135 imb
1651 2049 1698 2133 sae
1726 2049 1902 2164 esaepiiss

472 2187 651 2248 tumores
670 2159 730 2246 illi
757 2168 935 2248 oriuntur
956 2160 979 2246 *a
1004 2161 1093 2248 bilis
1116 2163 1327 2280 propedito
1350 2167 1551 2269 circuitu,
1577 2165 1656 2249 sive
1676 2081 1729 2246 ob
1749 2165 1902 2249 dictam

470 2273 721 2358 indiscretam
761 2273 829 2358 illa
866 2279 1100 2384 cicuretur,
1133 2279 1211 2362 srve
1240 2274 1294 2360 ob
1319 2279 1528 2390 imperium
1559 2279 1758 2360 variorum
1782 2280 1901 2363 animi

472 2387 682 2488 affectbum
703 2413 820 2472 tonus
851 2386 1045 2474 viscerum
1071 2385 1307 2503 elangueat,
1338 2389 1545 2500 morasque
1570 2390 1737 2502 reperiat
1769 2387 1858 2480 bilis
1882 2452 1898 2499 ,

471 2497 565 2582 inde
584 2523 693 2612 parte
715 2497 781 2582 sul
804 2503 885 2584 acri
912 2504 953 2584 in
981 2499 1207 2614 sanguinem
1243 2503 1375 2586 reflua.
1414 2499 1581 2586 Certum
1604 2503 1657 2586 est
1693 2499 1799 2586 nulli
1826 2501 1901 2590 alii

471 2637 555 2693 arte
584 2635 740 2725 turpem
763 2607 874 2696 illam
904 2615 1170 2698 &inimicam
1193 2613 1327 2697 formae
1354 2612 1654 2724 depurationem
1678 2613 1778 2700 adeo
1804 2643 1901 2728 prae-

501 2722 597 2806 editi
608 2722 732 2835 polle,
742 2723 860 2833 quim
871 2719 1105 2832 laxantibus,
1123 2752 1203 2809 tem
1231 2721 1766 2840 erantibus‚saponaceorum
1781 2725 1902 2811 Boer·

469 2749 754 2920 hauvianorum
781 2835 893 2942 usu,
923 2835 1051 2948 qualia
1075 2866 1183 2924 reme
1211 2841 1247 2921 ia
1271 2840 1443 2953 praestant
1474 2867 1582 2926 vcnae
1605 2837 1754 2944 senio,
1785 2839 1902 2924 semi-

471 2949 590 3059 cupia
610 2947 768 3060 tepida,
785 2946 940 3032 olerum
960 2947 1143 3032 mollium
1168 2948 1360 3056 decocta,
1376 2946 1558 3062 quibussr
1579 2953 1658 3036 fine
1682 2953 1902 3042 irritatione

472 3052 584 3140 alvus
605 3055 776 3140 servetur
794 3056 917 3142 libera
937 3068 978 3142 ὅ(
997 3062 1127 3165 fluxa,
1143 3066 1313 3144 maxima
1336 3091 1422 3175 pars
1437 3067 1650 3148 curationis
1663 3060 1897 3150 absolvetur.

399 3261 403 3272 ¹
470 3167 562 3251 Imb
585 3165 678 3250 salia
695 3195 856 3275 neutra,
884 3169 1002 3254 facile
1019 3170 1230 3281 solubilia,
1252 3193 1300 3259 ut
1316 3171 1497 3290 vegetale
1517 3177 1571 3260 stc
1593 3177 1742 3262 dicium
1753 3237 1770 3283 ‚
1798 3205 1900 3266 terra

473 3277 613 3366 foliata
638 3283 797 3387 tartari,
824 3279 878 3365 sal
905 3281 1132 3368 admirabile
1161 3284 1454 3400 glauberianum
1494 3289 1707 3396 maximam
1740 3291 1806 3374 hic
1829 3321 1900 3406 pa·

474 3395 607 3508 ginam
622 3392 811 3507 implent:
829 3395 898 3476 nisr
917 3421 1049 3480 tamen
1068 3395 1142 3480 alia
1159 3399 1272 3484 causa
1288 3397 1404 3483 aliam
1416 3403 1651 3485 curatricem
1664 3404 1900 3490 methodum

470 3505 650 3612 indicet,
669 3531 712 3590 ut
733 3509 787 3590 est
806 3509 1167 3620 haemorrhoidum,
1193 3537 1259 3596 aut
1280 3515 1564 3600 menstruorum
1585 3541 1830 3600 retentorum
1849 3517 1899 3603 ad

473 3645 592 3733 caput
606 3626 647 3701 dt
665 3620 838 3703 frontem
858 3617 1078 3707 decubitus.

541 3728 667 3841 Nulli
684 3734 825 3843 pariter
845 3735 887 3814 in
910 3730 984 3816 alis
1003 3759 1113 3820 aetate
1135 3761 1198 3821 tot
1217 3733 1487 3850 eryfipelatum
1503 3736 1640 3822 format
1658 3739 1895 3846 nascuntsu,

471 3871 555 3954 qus
580 3841 677 3957 sape
705 3841 836 3926 morbi
855 3843 1094 3958 depuratorii
1113 3875 1236 3960 genus
1261 3875 1492 3961 peracutum
1511 3855 1773 3959 constituunt,
1797 3851 1896 3938 deli-

469 3956 621 4043 tescens
635 3953 784 4062 facile,
804 3963 845 4040 ὅ(
865 3954 1016 4040 summe
1031 3961 1376 4046 inflammatorium
1386 4021 1400 4066 ‚
1417 3961 1596 4074 adeb'que
1609 3962 1759 4050 nullam
1780 3963 1897 4048 aliam

468 4067 715 4182 expostulans
745 4069 980 4154 methodum
1007 4097 1142 4182 praeter
1175 4072 1553 4187 antiphlogisticam3
1577 4075 1644 4162 sed
1669 4078 1779 4190 quod
1803 4083 1897 4162 clun

467 4174 566 4288 sape
597 4180 729 4372 sapitis
764 4182 934 4297 pendeat
961 4180 1010 4266 ab
1037 4186 1117 4268 acri
1136 4187 1240 4270 intus
1270 4213 1389 4271 enato
1419 4213 1535 4297 atquc
1561 4188 1713 4275 servato
1724 4252 1739 4296 ,
1770 4189 1895 4276 salino

469 4312 589 4395 atque
608 4319 634 4372 o
651 4293 775 4398 eoso,
804 4293 924 4380 bilem
949 4294 1149 4382 vocabant
1169 4325 1346 4406 veteres,
1377 4297 1509 4385 alvum
1529 4301 1695 4414 postulat
1716 4300 1893 4388 liberam.

337 4489 343 4502 ,
470 4395 566 4508 Qud
590 4401 630 4480 in
655 4399 836 4488 libertate
853 4405 932 4492 alvi
952 4409 1181 4498 instituendi
1211 4409 1319 4496 nulla
1342 4409 1416 4496 alia
1443 4414 1654 4499 methodus
1677 4417 1822 4530 prestat
1848 4411 1896 4500 ei

383 4554 389 4566 ·
467 4507 545 4620 qui
566 4508 632 4593 vel
656 4515 879 4599 tamarindis
891 4575 906 4621 ‚
931 4520 997 4601 vel
1019 4525 1141 4610 caffiae
1162 4523 1280 4642 pulpi
1302 4524 1435 4610 alvum
1458 4524 1717 4632 deducimus,
1740 4551 1808 4612 aut
1832 4554 1895 4614 re·

466 4621 586 4706 fracia
615 4627 745 4708 tartari
774 4625 911 4712 stibiati
944 4627 1045 4717 dosrs
1077 4667 1171 4722 cum
1196 4637 1518 4755 antiphlogisticis
1544 4645 1709 4726 remixta
1733 4647 1775 4724 dt
1794 4667 1894 4869 fg,

467 4735 605 4820 denter
615 4737 667 4820 ita
684 4734 874 4846 adjunda,
883 4767 928 4824 ut
945 4767 1019 4826 nec
1034 4754 1225 4867 vomitus,
1235 4781 1312 4842 nec
1327 4752 1474 4842 nauseat
1488 4752 1581 4840 inde
1597 4759 1786 4864 oriannu,

465 4851 645 4966 urgentes
666 4849 861 4938 succense
880 4851 1063 4946 obtimis.
