4226 5916
662 419 1153 520 CUTANEIS.
1430 511 1434 518 .
1555 458 1642 546 '421'
1741 446 1746 486 ²

208 582 442 680 furunculus
463 591 620 705 grauior
641 621 724 676 non
744 591 889 694 suerit;
909 621 999 676 nam
1017 589 1114 708 sape
1130 596 1198 703 qui
1211 595 1451 680 ventriculus
1468 602 1641 686 constitit

209 730 261 788 ex
284 703 537 790 accumulato
556 707 598 790 in
620 701 774 792 cellulis
795 709 987 814 humore,
1010 706 1296 820 deprellronem
1314 707 1403 796 satis
1423 711 1645 798 notabilem

210 814 410 930 relinquit.
1014 841 1016 846 '

233 950 236 956 “
267 929 423 1016 interei
441 931 540 1015 verb
561 934 657 1014 clam
679 929 911 1018 erethismus
936 931 979 1012 in
1000 955 1109 1044 parte
1135 929 1363 1046 generalem
1388 937 1644 1026 erethismum

210 1044 338 1158 pollet
364 1043 591 1148 accersere,
622 1041 836 1130 Medicina
871 1044 1052 1158 sapientis
1082 1074 1183 1158 opus
1212 1050 1265 1132 est
1298 1051 1352 1134 ita
1386 1053 1468 1134 vim
1500 1078 1647 1136 naturae

212 1157 404 1270 dirigere,
424 1181 470 1240 ut
489 1185 573 1246 nou
585 1151 695 1241 ultrh‘
708 1157 874 1242 modum
891 1156 1151 1241 excandescat
1168 1158 1261 1267 illa,
1285 1188 1358 1245 nec
1377 1161 1647 1277 suppurationi

210 1267 338 1356 obstet
356 1271 521 1355 irritatio
542 1272 676 1355 nimia.
704 1269 815 1355 Hinc
834 1269 1049 1375 diluenda,
1071 1272 1386 1387 antiphlogistica
1413 1278 1467 1358 ita
1491 1275 1646 1389 sangui-

211 1411 373 1468 nearum
400 1381 569 1499 partium
600 1387 860 1469 acrimoniam
888 1381 1127 1490 retundent,
1157 1388 1227 1469 ita*
1239 1391 1408 1500 partium
1432 1387 1648 1480 solidarum
1752 1381 1756 1398 '

210 1497 430 1582 tensionem
455 1494 670 1604 latrabunt,
697 1519 742 1580 u't
772 1526 856 1606 qua
885 1493 1004 1581 febris
1034 1497 1243 1582 necelsaria
1269 1503 1321 1582 eli
1342 1503 1384 1584 in
1401 1503 1546 1614 parte,
1577 1531 1648 1615 per

172 1611 177 1619 ’
210 1606 398 1712 dolorem
418 1612 759 1694 vehementiorem
784 1611 981 1712 excitata,
1005 1613 1137 1692 totum
1162 1614 1202 1693 in
1230 1641 1375 1728 corpus
1398 1644 1483 1698 non
1509 1613 1648 1700 saeviat.

209 1723 303 1806 Imb
325 1728 418 1805 cbm
440 1719 593 1806 dolenti
621 1749 763 1806 natura
785 1752 869 1806 non
894 1719 1074 1834 poffibile
1102 1724 1147 1805 stt
1170 1730 1478 1812 concubiionem
1500 1730 1648 1812 intelli·
1716 1755 1717 1760 ‘
1838 1730 1840 1734 ’
1903 1713 1908 1724 ”

209 1834 343 1919 nalem
362 1833 590 1944 absolvere,
612 1835 640 1916 st
654 1859 787 1919 tumor
803 1835 1071 1950 suppurationi
1085 1834 1258 1921 addictus
1274 1837 1436 1944 alicujus
1448 1835 1648 1925 'momenti

207 1949 353 2056 fuerit,
371 1948 502 2053 diata,
516 1974 583 2031 aut
596 1951 814 2062 pertenuis,
829 1974 896 2031 aut
909 1944 1135 2060 srmpliciter
1149 1953 1297 2054 tenuis,
1313 1951 1530 2042 adsensum
1548 1956 1648 2038 anti·

207 2090 383 2170 quorum
403 2061 616 2161 servanda;
646 2068 689 2145 dt
711 2089 761 2144 ne
781 2088 850 2175 per
871 2058 1024 2144 doloris
1049 2087 1202 2173 tempus
1222 2059 1371 2172 aliquid
1394 2067 1497 2160 acris
1519 2067 1650 2150 acces-

205 2173 304 2259 serit
330 2177 372 2257 in
399 2171 479 2258 bile
512 2181 555 2258 &
586 2173 801 2284 quisquiliis
833 2200 902 2287 per
933 2174 1109 2256 intestina
1136 2171 1426 2286 stagnantibus,
1454 2180 1545 2260 artis
1574 2183 1650 2263 erit

206 2312 336 2403 opere
350 2291 508 2401 peresio
521 2284 653 2370 alvum
669 2287 961 2372 medicamento
977 2282 1118 2370 leniter
1127 2282 1284 2370 laxante
1296 2285 1423 2393 simul,
1435 2317 1509 2372 nec
1519 2291 1649 2374 stimu-

203 2399 321 2488 lante
332 2426 466 2482 tamen
475 2399 710 2512 repurgasse,
719 2426 764 2481 ut
774 2395 957 2502 alacrior,
970 2396 1148 2482 sordibus
1159 2398 1393 2510 expullrs,ad
1403 2427 1523 2514 opera
1532 2401 1649 2488 solita

201 2509 435 2598 exercenda
454 2510 627 2622 resurgat
641 2508 895 2594 ventriculus.
921 2508 1021 2592 Hac
1038 2509 1196 2617 quidem
1212 2511 1300 2594 satis
1316 2511 1509 2626 superque
1527 2515 1650 2599 essent

199 2627 234 2712 li
264 2626 411 2706 horum
433 2647 636 2705 tumorum
663 2619 819 2724 indoles
847 2625 889 2702 in
912 2619 1029 2704 unici
1052 2624 1261 2733 eruptione
1279 2649 1364 2707 tota
1383 2629 1648 2738 comprehen-

201 2739 384 2824 deretur.
406 2735 488 2819 Sed
510 2735 550 2818 id
573 2763 703 2817 tarum
722 2737 785 2824 est.
806 2733 1007 2840 Tuncque
1021 2745 1066 2816 u't
1079 2731 1291 2846 plurimitm
1308 2733 1329 2818 ὲ
1347 2733 1463 2820 causti
1475 2737 1650 2823 evidenti

159 2947 163 2956 ³
200 2879 350 2938 tumor
367 2874 475 2932 ortus
495 2851 559 2932 est.
583 2849 733 2929 Veritm
750 2844 819 2929 ubi
836 2844 903 2930 alii
920 2845 1003 2930 aliis
1018 2845 1294 2954 succrescunt,
1310 2847 1424 2931 causa
1436 2846 1532 2934 later
1545 2851 1651 2936 intirs

202 2994 301 3076 quae
322 2965 498 3046 extinsio
521 2986 678 3044 tumore
701 2959 867 3072 superesi
891 2955 1137 3043 debellanda.
1167 2959 1221 3042 Et
1238 2963 1279 3042 in
1300 2963 1382 3045 hoc
1404 2962 1652 3073 perficiendo

207 3101 340 3192 opere
364 3105 448 3158 non
466 3077 584 3158 unica
607 3069 837 3160 sollicitudo
861 3069 1081 3156 adhibenda
1099 3074 1165 3156 eil.

269 3181 381 3273 Aliis
404 3190 509 3272 enim
532 3183 759 3300 herpetibus
779 3183 973 3282 mediocri
994 3188 1161 3297 primum
1180 3190 1409 3301 eruptione,
1434 3186 1564 3300 pollel
1584 3215 1654 3276 aut

204 3301 481 3388 remediorum
501 3298 791 3414 applicatione,
818 3324 884 3382 aut
901 3295 984 3412 ipsit
1005 3307 1146 3380 natura
1164 3300 1232 3403 ui,
1254 3298 1652 3412 depuratorieerum⁴

205 3413 428 3528 pentibus,
454 3414 657 3528 postquam
684 3413 795 3494 furor
824 3409 895 3494 ille
921 3408 1141 3516 deferbuit,
1172 3413 1357 3524 phymata
1385 3419 1424 3496 bt
1451 3412 1651 3500 furunculi

205 3527 468 3630 succrescunt
484 3559 495 3627 ;
515 3551 691 3634 tuncque
708 3528 863 3638 optimo
878 3527 1013 3608 omine
1031 3521 1263 3636 plerumque
1277 3551 1485 3636 apparent,
1504 3529 1651 3640 quippe

206 3639 331 3726 causa
354 3637 484 3722 morbi
509 3663 650 3724 naturae
675 3635 823 3720 viribus
846 3639 1064 3739 evincitur,
1091 3634 1133 3717 bi
1156 3638 1224 3718 vix
1248 3634 1339 3719 ullis
1361 3634 1444 3722 aliis
1467 3639 1652 3724 remediis

203 3752 418 3868 indigent,
443 3748 697 3865 praeterquim
715 3747 976 3861 aperientibus
993 3745 1243 3846 mollioribus
1261 3775 1310 3832 ex
1333 3747 1463 3832 herbis
1482 3751 1520 3834 sa
1580 3781 1653 3835 na-

204 3867 326 3970 cei&
351 3863 519 3974 quibus,
542 3862 635 3945 dbm
655 3859 810 3946 canales
831 3863 1076 3975 aperiuntur,
1093 3869 1142 3945 ,δι
1158 3859 1257 3945 liber
1276 3864 1489 3954 humorum
1510 3895 1534 3977 p
1613 3895 1653 3948 a·

203 4003 322 4064 ratur
340 3979 488 4082 exitus,
509 3973 667 4090 postes,
690 3973 792 4088 apud
811 4003 887 4057 nos
905 3971 1040 4064 saltem
1059 3971 1400 4088 septentrionales,
1425 3978 1654 4062 catharticis

203 4087 419 4199 bilemque
443 4087 693 4202 moventibus
716 4086 766 4173 ad
789 4116 907 4198 quam
923 4089 1027 4170 acria
1045 4091 1179 4184 onmia
1192 4085 1333 4201 sponte
1354 4084 1649 4198 deuoluuntur,

205 4206 413 4292 curationi
438 4205 525 4286 finis
547 4203 778 4314 imponitur.

274 4313 383 4402 Aliis
400 4313 626 4430 herpetibus
640 4315 763 4396 mixta
780 4316 963 4397 materies
975 4307 1088 4394 srmul
1104 4313 1297 4422 erumpit;
1312 4336 1486 4422 tuncque
1500 4313 1650 4400 nullam

200 4430 334 4532 aliam
362 4430 576 4514 curationis
603 4426 773 4510 formam
800 4423 998 4538 postulat,
1028 4447 1164 4534 prarter
1193 4449 1279 4504 eam
1307 4425 1540 4508 methodum
1566 4457 1650 4536 quat

202 4545 411 4630 convenit
440 4543 528 4656 ipsis
563 4536 821 4654 herpetibus,
858 4537 899 4619 in
932 4563 1102 4646 quorum
1133 4537 1340 4650 herpetum
1371 4564 1518 4650 genere
1550 4539 1648 4626 illud

198 4655 437 4744 notandum
468 4655 547 4760 est,
579 4682 650 4740 eos
709 4655 751 4734 ui
780 4653 893 4757 nqixti
926 4677 1018 4733 cum
1050 4645 1299 4761 phymatibus
1327 4677 1542 4764 apparent,
1572 4681 1650 4736 nec

200 4765 388 4856 rebelles
410 4767 487 4852 else
498 4830 512 4873 ,
540 4793 614 4848 nec
634 4681 742 4848 mdc
769 4787 911 4846 natutae
924 4824 938 4870 ,
966 4765 1059 4845 cbm
1083 4788 1130 4846 ea
1153 4761 1197 4844 ht
1225 4762 1406 4846 fermenti
1430 4761 1584 4848 indoles
1605 4790 1656 4846 ut

189 4882 337 5010 ‚polin
353 4879 471 4966 facile
490 4907 559 4994 per
579 4903 751 4992 apertam
771 4873 1090 4992 suppurationem
1106 4873 1300 4989 derivari,
1325 4879 1489 4966 cauterii
1507 4900 1653 4990 more,
