4186 5908
475 422 559 535 256
928 411 1034 503 os
1098 369 1466 502 monsr's

474 583 775 696 vexatquae'vis'
790 582 1029 686 acrimonia,
1056 577 1162 664 unde
1189 577 1285 694 sape
1308 573 1537 663 mulieribus
1561 601 1709 660 cancro
1728 569 1919 658 laborati*

477 699 583 786 tibus
612 696 823 782 familiares
852 696 966 799 sunt,
995 692 1091 808 saepb
1118 696 1237 776 etiam
1262 696 1303 776 in
1330 687 1480 774 morbis
1508 690 1686 774 venereis
1711 690 1914 792 emicant;

477 811 708 924 nullamque
720 809 835 894 aliam
848 807 1002 892 causam
1011 869 1025 914 ‚
1041 804 1271 918 nullamque
1288 803 1457 921 proinde
1478 802 1646 888 alienam
1666 805 1915 887 curationem

478 927 711 1031 admittunt,
730 923 798 1008 sed
816 949 912 1006 tunc
933 917 1128 1036 stmplices
1148 949 1230 1004 non
1246 920 1355 1027 sunt,
1373 917 1574 1029 bafimque
1594 913 1744 1000 habent
1761 919 1915 1001 inflam-

476 1068 646 1144 matam,
664 1067 711 1122 ac
729 1038 812 1120 cito
827 1034 973 1126 abeunt
985 1037 1028 1117 in
1042 1033 1224 1118 affetlum
1236 1062 1332 1148 pure
1347 1031 1497 1140 albido‚
1512 1028 1708 1144 squallido
1725 1031 1914 1116 refertum

476 1180 594 1265 atque
613 1149 862 1257 ulcerosum,
890 1152 1012 1232 itaut
1036 1148 1106 1234 usu
1127 1150 1242 1262 periti
1266 1149 1455 1232 harumce
1478 1175 1610 1230 rerum
1634 1173 1718 1228 non
1743 1147 1915 1230 hasrtare

476 1268 620 1383 poffint
638 1263 744 1348 circi
767 1264 997 1376 diagnosrm.
1025 1261 1104 1345 Pro
1134 1263 1237 1345 nosrs
1254 1260 1333 1356 fara
1354 1260 1475 1345 causae
1496 1261 1681 1370 sequitur.

530 1378 698 1463 Curatio
719 1376 863 1460 aliaest
882 1403 1069 1481 externa,
1096 1293 1163 1459 seu
1186 1401 1231 1460 ut
1243 1401 1393 1460 vocant
1408 1372 1629 1489 palliativa‚
1652 1376 1805 1456 interna
1825 1369 1916 1460 alia.

474 1493 649 1578 Externa
662 1489 846 1574 omnibus
861 1492 1086 1574 communis
1100 1492 1142 1572 in
1155 1516 1206 1573 eo
1221 1489 1391 1572 conhstit
1404 1487 1586 1572 utsemm
1598 1485 1916 1594 illudvacuetur,

504 1611 575 1690 arti
593 1605 684 1688 laesae
701 1605 787 1690 sero
801 1633 933 1688 vacuae
949 1607 1002 1687 ira
1017 1599 1263 1718 applicentur
1280 1597 1481 1716 emplastra
1494 1600 1689 1686 saturnina
1705 1626 1770 1683 aut
1783 1599 1917 1684 absor-

475 1637 632 1826 bentia,
657 1747 707 1803 ne
722 1720 851 1802 serum
871 1719 1044 1824 diffluat,
1067 1717 1133 1800 sed
1154 1713 1406 1800 absorbeatur
1421 1744 1507 1832 pars
1521 1713 1688 1825 aquosa,
1715 1743 1796 1826 quae
1813 1717 1917 1799 verb

473 1827 626 1948 ¹spishor
637 1835 738 1916 estin
752 1859 860 1946 parte
873 1834 1084 1915 retineatur
1102 1829 1150 1913 ad
1165 1857 1237 1942 pus
1249 1828 1569 1935 conficiendum,
1588 1855 1654 1912 aut
1665 1825 1802 1911 saltem
1816 1827 1919 1912 crus-
1995 1898 1997 1906 J

475 1943 556 2032 ¹tam
565 1949 741 2031 cicatrici
752 1942 1216 2061 praeviaminducendam.
1227 1941 1440 2058 Emplastra
1449 1939 1918 2050 verbnonadhibeantur,

476 2064 547 2144 nist
562 2063 667 2176 prius
680 2088 766 2174 pars
781 2083 963 2163 cruenta,
985 2060 1025 2140 in
1037 2055 1151 2171 plaga
1166 2057 1334 2164 resrdua,
1355 2056 1476 2142 suerit
1489 2083 1556 2142 aut
1568 2055 1693 2140 linteo
1707 2084 1846 2170 carpto
1859 2055 1920 2140 su-

475 2171 605 2280 blata,
620 2198 687 2257 aut
698 2175 914 2287 pervisum
923 2169 1141 2279 mellitum,
1153 2197 1238 2276 aut,
1249 2172 1283 2253 ,st
1295 2195 1422 2286 partes
1433 2174 1558 2254 nimio
1574 2169 1684 2254 sensu
1702 2169 1917 2278 donentur,

474 2317 547 2402 per
562 2286 703 2371 hordei
720 2287 932 2371 decoblum
947 2287 1090 2399 pariter
1103 2282 1300 2368 mellitum
1315 2288 1468 2399 penitus
1485 2283 1606 2369 elota.
1632 2283 1782 2368 Veritm
1803 2285 1918 2370 fiseri

476 2403 606 2486 fluxus
625 2399 859 2484 metuendus
877 2402 924 2483 fit
945 2427 1015 2512 per
1035 2426 1156 2509 quem
1178 2424 1265 2483 tota
1285 2426 1603 2514 corrumperetur
1622 2400 1797 2506 vicinia,
1821 2427 1917 2512 pro-

476 2514 577 2600 derit
593 2513 856 2624 quorumdam
871 2513 1161 2628 Chirurgorum
1181 2514 1390 2596 artificium
1409 2543 1490 2623 quo
1505 2511 1717 2627 emplastris
1733 2542 1781 2625 ap
1810 2511 1916 2598 ostris

474 2629 670 2712 foramina
685 2654 819 2743 aptant
839 2655 908 2740 per
929 2657 1013 2736 φιτ
1032 2626 1149 2744 posht
1165 2625 1278 2742 supra
1296 2654 1360 2710 em
1389 2625 1543 2710 lastrum
1561 2623 1665 2712 elabi
1684 2545 1809 2710 serosd
1824 2656 1919 2740 pars

475 2740 571 2849 illa,
595 2739 738 2827 intaslb
759 2738 908 2825 interei
931 2736 1100 2847 subjeslst
1122 2764 1226 2826 cute.
1253 2657 1468 2856 Emplastra
1491 2771 1576 2853 φιτ
1598 2740 1647 2826 ad
1672 2741 1777 2823 hunc
1800 2739 1918 2825 usum

475 2855 712 2942 adhibentur
739 2859 846 2940 varia
874 2855 987 2961 sunt,
1019 2882 1064 2939 ut
1093 2853 1315 2969 diapalma‚
1346 2853 1508 2969 diapom
1536 2852 1710 2968 holygos
1738 2861 1779 2938 bt
1811 2849 1917 2940 illud

476 2966 820 3053 celebratiffimum
832 2966 1163 3081 nurembergense
1174 2968 1320 3051 dietum
1330 2967 1461 3078 quod,
1477 2887 1613 3052 addito
1629 2964 1758 3051 multo
1771 2969 1919 3076 minio,

391 3165 396 3170 .
474 3082 558 3165 vim
577 3079 852 3166 absorbentem
871 3083 1058 3166 eximiam
1079 3082 1142 3166 adi
1171 3080 1317 3166 iscitur.
1342 3080 1476 3166 Multa
1489 3083 1578 3168 sunt
1600 3079 1824 3189 hujusmodi
1839 3110 1919 3168 em·

475 3189 612 3308 plastra
627 3225 711 3306 φιτ
724 3198 766 3278 in
780 3197 926 3278 horum
944 3193 1083 3278 locum
1097 3113 1274 3280 adbiberi
1288 3196 1472 3310 possunt,
1490 3196 1615 3281 modb
1628 3196 1831 3279 stccissima
1844 3199 1919 3284 smt

474 3304 558 3413 illa,
571 3304 845 3393 &nullatenlts'
858 3312 1051 3422 unguenti
1064 3335 1242 3394 naturam
1254 3308 1472 3396 redoleant.
1487 3313 1580 3397 Nec
1589 3312 1655 3393 hic
1668 3339 1752 3394 rara
1763 3314 1919 3395 curatio

474 3423 517 3506 in
528 3418 756 3507 vulneribus
772 3423 1051 3510 commendata
1066 3426 1273 3540 competit.
1292 3424 1443 3510 Pluries
1458 3428 1499 3508 in
1515 3425 1581 3510 die
1596 3421 1814 3537 deliganda
1826 3423 1919 3509 sunt

446 3635 450 3640 Ι
474 3536 533 3618 hae
557 3531 705 3651 plagae,
727 3563 777 3620 ne
797 3536 907 3648 quod
927 3539 1116 3622 retinetur
1133 3541 1357 3622 acrimoniae
1382 3542 1516 3624 nativae
1539 3537 1778 3624 adscititium
1799 3537 1919 3623 addat

474 3676 687 3734 venenum.
720 3649 823 3760 Quae
846 3650 1005 3762 quidem
1031 3651 1190 3736 sanandi
1210 3648 1462 3766 phlysloenas
1482 3647 1695 3738 methodus
1714 3681 1919 3762 nunquam

475 3763 526 3848 ad
551 3791 695 3880 corpus
714 3765 938 3849 universum
956 3769 1147 3882 pertinet,
1173 3766 1242 3851 sed
1265 3765 1361 3882 saepe
1403 3771 1564 3882 erringit
1585 3766 1633 3851 ad
1657 3795 1795 3874 crura,
1819 3763 1919 3880 saepb

475 3878 526 3964 ad
547 3877 701 3964 femora
720 3879 896 3962 universa
915 3879 1049 3962 senum
1064 3877 1228 3964 illorum
1247 3884 1289 3964 in
1304 3797 1445 3994 quibus
1459 3880 1588 3967 vitalis
1607 3883 1794 3965 circuitus
1811 3878 1919 3965 elan-

477 4019 572 4103 guet
592 3991 635 4078 bt
653 4023 736 4105 quae
759 3989 993 4108 phlyslosnis
1016 4023 1119 4077 occu
1149 4019 1272 4080 antur.

534 4105 692 4192 Interna
716 4105 962 4223 phlysloenas
989 4025 1151 4190 curandi
1178 4107 1390 4192 methodus
1416 4139 1498 4193 non
1523 4107 1624 4194 adeb
1647 4103 1811 4223 srmplex
1837 4109 1917 4214 est,

479 4241 546 4298 aut
576 4219 814 4308 universalis.
857 4220 984 4304 Causa
1015 4221 1167 4335 semper
1201 4219 1380 4305 habenda
1410 4253 1487 4338 prae
1517 4221 1675 4329 oculis,
1709 4251 1792 4334 quae
1823 4227 1919 4305 crim

479 4327 633 4414 summb
656 4333 804 4418 diversa
832 4338 898 4442 fit,
926 4335 1077 4419 summb
1101 4341 1219 4419 etiam
1246 4333 1437 4420 diversam
1462 4339 1708 4423 curationem
1736 4332 1917 4452 postulat.

480 4439 651 4558 Persaepb
680 4449 787 4530 enim
813 4448 1099 4556 scorbuticam‚
1129 4449 1379 4565 putridamve
1406 4453 1663 4537 acrimoniam
1692 4450 1920 4566 supponunt

478 4551 580 4660 illae,
613 4560 750 4670 haeque
782 4566 940 4677 propria
969 4565 1090 4648 causae
1119 4564 1292 4650 remedia
1323 4565 1529 4680 postulant.
1564 4563 1618 4649 Et
1647 4566 1675 4648 st
1701 4565 1920 4648 acrimonia

482 4673 626 4777 quavis
649 4672 706 4755 sui
727 4677 930 4761 caraueris
952 4677 1098 4762 indicia
1115 4679 1257 4792 prodat
1278 4685 1449 4765 externis
1470 4683 1610 4793 fignh,
1635 4677 1747 4763 illlcb
1766 4675 1816 4759 ab
1839 4674 1919 4762 illis

481 4780 637 4866 indiciis
663 4787 852 4902 captanda
873 4788 1076 4873 indicatio.
1104 4791 1220 4876 Unde
1243 4794 1418 4876 universa
1439 4797 1589 4877 acrium
1610 4820 1754 4908 genera
1778 4818 1920 4876 recen-

477 4893 598 4984 seoda
619 4895 753 4986 forent
765 4961 780 5008 ‚
806 4902 832 4984 st
854 4900 1112 4992 universalem
1131 4908 1197 4990 hic
1221 4907 1536 5022 phlysloenarum
1561 4911 1920 5102 curationemsp'er-

1822 5047 1917 5134 equt
