4188 5916
638 403 1132 543 CUTANelu
1533 489 1609 570 3μ
1738 465 1743 470 ’

180 613 310 723 Hujus
343 617 452 700 muci
481 617 508 698 sr
538 622 804 704 tenacitatem
823 619 1082 728 reformides,
1115 621 1291 735 praserre
1320 619 1461 708 licebit
1489 629 1609 716 flores

179 728 380 835 sambuci,
401 725 499 813 folia
517 727 655 840 ebuli,
677 734 796 817 flores
815 729 1013 839 meliloti,
1033 732 1237 844 verbena,
1260 740 1493 852 euphrasia,
1518 744 1610 825 cha-

168 839 373 950 ‘maemeli5
398 848 479 926 dcc.
512 849 554 926 dt
585 841 659 928 alia
693 871 778 956 qua
811 844 940 958 aliqui
977 844 1164 932 facultate
1199 848 1355 966 pollent
1387 851 1610 942 emollienti

178 951 295 1040 linurl
319 979 437 1066 atque
460 952 643 1041 sedatius.
1297 971 1299 974 ’

235 1067 350 1152 Hinc
370 1071 470 1152 inter
490 1071 625 1184 topica
648 1067 820 1154 remedia
843 1067 926 1179 jure
947 1071 1169 1182 meritoque
1189 1079 1231 1158 dt
1249 1074 1425 1163 salutaria
1443 1081 1511 1165 illa
1531 1090 1610 1194 qui·-

180 1181 273 1266 dem
289 1180 540 1265 recensentur
562 1178 702 1267 balnea
723 1182 854 1298 tepida
875 1209 925 1268 ex
948 1181 1047 1294 aquai
1071 1182 1166 1298 puts
1190 1187 1381 1304 simplici,
1406 1195 1607 1306 fluviatili,

179 1321 257 1376 nec
287 1292 497 1379 seleniticis
528 1292 669 1380 salibus
699 1295 852 1380 referti.
870 1312 874 1323 “
889 1297 1095 1406 Quantum
1120 1296 1167 1380 ab
1200 1301 1341 1384 horum
1375 1305 1509 1392 calore
1537 1313 1609 1396 rite

179 1435 202 1489 a
230 1404 380 1521 plicato
415 1407 608 1493 increscat
639 1408 872 1494 exeuntibus
903 1436 954 1493 ex
980 1407 1079 1518 aqua
1115 1412 1341 1525 perspiratio
1374 1421 1484 1503 telles
1522 1422 1609 1508 sunt

180 1437 416 1603 idustrillrmi
438 1519 484 1605 le?
497 1519 688 1606 Mounier
709 1527 751 1604 dt
776 1517 816 1604 le
836 1521 944 1628 Roi,
966 1521 1282 1637 Monspelliensrs
1311 1524 1520 1617 proferor.
1553 1539 1609 1621 At

179 1633 223 1716 in
247 1631 394 1718 rebelli·
420 1637 627 1750 herpetum
659 1632 797 1718 naturis
827 1631 967 1718 balnea
1003 1664 1086 1718 non
1117 1640 1218 1722 inter
1250 1640 1440 1756 fimplicia
1473 1651 1608 1760 topica

211 1745 343 1830 ullunt
384 1748 608 1830 recenseri:
638 1773 733 1831 tunc
765 1751 873 1832 enim
899 1747 988 1832 vasa
1016 1750 1167 1864 impetu
1198 1777 1363 1838 externo
1402 1762 1606 1870 aperiunt,

180 1769 497 1972 latronibusque
509 1859 677 1946 liberant
691 1857 902 1944 moleculis
930 1891 942 1962 3
969 1861 1074 1946 unde
1092 1889 1154 1947 tot
1168 1867 1384 1951 commoda
1398 1875 1607 1985 experiun-

178 1999 245 2058 tut
267 1974 447 2084 quotidie
471 1973 673 2058 medentes
699 1971 748 2057 ab
768 1973 839 2058 usu
859 1971 1090 2057 balneorum
1113 1978 1154 2058 in
1178 1979 1340 2064 thermis
1363 1978 1607 2069 bituminosrs

180 2088 492 2200 assumptorum
515 2117 599 2197 qua
622 2091 713 2170 cum
733 2088 899 2170 interius
916 2085 1112 2202 assumpta
1133 2115 1240 2200 aquae
1263 2098 1414 2177 tantum
1437 2093 1485 2180 ad
1532 2099 1609 2180 ers-

179 2203 417 2316 pirationem
438 2199 725 2284 resarciendam
739 2199 966 2308 conserant,
993 2201 1076 2316 ipsa
1092 2229 1254 2312 quoque
1269 2203 1407 2290 balnea
1426 2127 1609 2326 perspira-

177 2317 302 2402 tiords
325 2317 526 2398 materiem
547 2315 601 2400 ad
619 2310 872 2428 patulec'utis
887 2313 976 2398 rasa
995 2313 1192 2400 advocant
1202 2380 1215 2423 ,
1244 2325 1285 2401 dc
1305 2319 1537 2406 aduocatam
1557 2326 1610 2408 ita

179 2444 366 2546 potenter
389 2425 600 2538 detergunt
620 2452 665 2508 ut
688 2426 738 2509 ad
762 2425 850 2509 vasa
874 2423 952 2530 jam
976 2429 1126 2511 harere
1145 2455 1343 2539 nequeat,
1374 2461 1498 2545 eaque
1518 2433 1610 2518 obs-

180 2547 337 2628 struere.
365 2538 447 2623 Sed
463 2537 541 2646 jam
555 2539 606 2624 de
624 2567 811 2650 aquarum
823 2537 1073 2632 thermalium
1088 2539 1267 2624 efficacii
1280 2543 1426 2626 dissum
1441 2546 1609 2636 abunde.

236 2655 331 2738 Nec
352 2677 450 2765 ergo
472 2655 590 2736 etiam
613 2653 714 2734 inter
738 2653 876 2763 topica
898 2650 1187 2738 recensebimus
1204 2654 1423 2740 efficaciam
1447 2656 1611 2744 balneo-

180 2787 272 2854 nrm
287 2762 548 2850 artificialium
564 2794 651 2876 quae.
660 2767 721 2870 vir
734 2767 835 2846 inter
846 2761 1066 2848 Chemicos
1077 2763 1331 2850 Dociiliimus
1343 2769 1391 2852 ad
1405 2767 1479 2854 luis
1494 2799 1612 2858 vene=

181 2908 257 2968 reae
277 2884 525 2988 curationem
544 2877 725 2962 fidentius
743 2875 876 2960 lorsam
896 2875 1103 2995 proposuit
1124 2905 1173 2962 ex
1195 2877 1393 2964 solutione
1415 2881 1612 2971 sublimari

178 2983 378 3082 corrolivi
396 2991 450 3076 ad
464 2989 588 3075 dosrm
607 2989 826 3104 legitimam
836 3052 851 3096 ,
876 2997 917 3074 dr
942 3017 1025 3100 qua
1043 2987 1141 3074 nulii
1158 2991 1383 3078 viderentur
1402 2993 1450 3080 ad
1471 2999 1611 3116 herpe-

178 3133 271 3194 tum
286 3106 526 3191 sanationem
540 3108 666 3218 magis·
679 3101 1003 3211 accommodata,
1021 3103 1145 3187 modo
1157 3128 1289 3189 tamen
1305 3134 1387 3189 non
1407 3111 1611 3224 incipienti

179 3221 294 3306 malo
329 3218 634 3322 obtruderent&
661 3214 742 3302 illa.
776 3213 898 3300 Licet
925 3219 1032 3300 enim
1056 3219 1239 3300 mercurii
1268 3215 1462 3307 sublimati
1492 3223 1610 3310 soluti

180 3331 539 3452 penetrabilitatem
561 3356 706 3444 negare
728 3359 811 3414 non
828 3330 873 3412 srt
890 3333 1062 3438 animus,
1084 3329 1297 3444 degustanti
1316 3358 1447 3420 tamen
1462 3334 1611 3452 aliquid

176 3449 338 3562 'styptici
362 3445 519 3531 videaur
541 3442 721 3528 obtinere
742 3441 811 3527 illa
832 3439 993 3527 solutio.

242 3563 299 3643 At
324 3560 396 3640 nist·
421 3555 499 3662 iam
527 3555 675 3641 malum
700 3559 859 3670 prorsus
882 3582 952 3670 per
977 3555 1166 3639 interiora
1209 3558 1435 3672 rodigatum
1462 3559 1580 3646 fuerit
1593 3625 1608 3670 ‚

180 3670 349 3760 exulare
375 3667 574 3775 jusserim,
603 3667 793 3778 quidquid
822 3666 961 3752 contri
990 3669 1131 3752 dixerit
1222 3673 1377 3785 irurgus
1405 3671 1612 3788 Monspel-

181 3783 316 3870 liensrs
334 3777 550 3886 Goull‘ard,
566 3780 758 3862 saturnina
771 3784 928 3887 omnia,
943 3778 1238 3888 vellentium,
1263 3813 1346 3894 qua
1358 3781 1523 3866 nir'niitm
1543 3817 1610 3900 pa·

177 3901 330 3984 tienter
355 3891 516 3978 tulimus
541 3889 774 3976 resolventi'a
797 3891 897 3998 dici,
932 3899 973 3977 dt
992 3897 1187 3978 numerari
1212 3899 1315 3980 inter
1341 3903 1611 4000 attenuantia3
1683 3915 1687 3927 '

181 4006 254 4094 sed
275 4035 359 4116 quae
380 4004 548 4122 pessimis
574 4005 851 4119 experimentis
871 4005 1041 4092 vidimus
1065 4009 1134 4122 ipfi
1158 4005 1412 4120 retropellere
1430 4005 1611 4098 materias

183 4120 242 4206 ad
263 4117 593 4223 cutimadaslas,
616 4116 726 4228 quod
747 4125 790 4204 dt
816 4116 883 4203 alii
901 4125 949 4204 'dt
974 4124 1014 4202 in
1035 4121 1099 4202 An
1128 4118 1180 4204 lia
1208 4129 1250 4203 ὅ(
1276 4117 1383 4234 apud
1403 4147 1482 4204 nos
1499 4123 1610 4208 vide:

186 4258 302 4338 runt,
336 4232 430 4317 ditm
468 4230 600 4315 insane
633 4239 674 4315 dt
709 4234 910 4345 pecudum
941 4258 1061 4336 more
1097 4151 1284 4344 {gmenta
1313 4232 1387 4317 viri
1418 4234 1509 4318 inex
1537 4236 1609 4322 etti

187 4344 304 4430 multi
320 4345 442 4430 secuti
461 4343 561 4454 sunt.
588 4346 625 4426 A
646 4342 803 4427 fortiori
826 4349 964 4455 igitur,
991 4342 1183 4452 quidquid
1203 4338 1315 4427 aliter
1332 4344 1488 4431 suaserit
1541 4380 1609 4432 ur-

186 4487 309 4544 nerus
323 4485 441 4570 quem
461 4459 625 4542 honoris
642 4453 761 4538 causi
772 4458 959 4559 nomino,
981 4452 1139 4538 exulare
1154 4451 1376 4561 iubebimus
1394 4455 1610 4546 aluminosa

189 4574 348 4676 omnia,
361 4565 656 4681 vitriolicaque,
673 4593 741 4651 aut
753 4569 1056 4681 terreostyptica
1071 4563 1301 4655 iveterillus
1318 4567 1492 4679 laudata,
1511 4603 1611 4686 quo-
1642 4577 1647 4589 ’

184 4699 277 4766 ‘rum
293 4683 453 4766 assedus
472 4684 524 4765 esi
537 4709 583 4767 ut
600 4682 837 4766 fermentum
858 4680 1103 4798 herpeticum
1123 4681 1308 4768 circuitds
1326 4681 1371 4768 vi
1383 4684 1474 4771 abre
1502 4713 1608 4791 tum,

183 4793 394 4880 inviscera
410 4794 646 4902 decumbat,
673 4818 748 4880 nec
765 4817 897 4888 tamen
917 4789 1130 4879 cutisinde
1145 4791 1268 4882 libera
1287 4797 1437 4886 madar.
1499 4796 1610 4881 ontri

187 4933 332 4993 eorum
350 4907 491 4994 effedu
513 4907 555 4991 id
573 4909 645 5020 iit-3
667 4935 712 4995 ut
731 4907 779 4995 ad
798 4905 1098 5024 malimargines
1114 4905 1337 4999 succrescat
1352 4912 1611 5000 inflammatio
