4536 5882
579 365 668 472 ‘636
779 385 789 410 1
1032 359 1573 449 namoaais

586 525 802 642 augescunt
830 552 947 637 atque
972 525 1255 632 intenduntur,
1282 528 1336 609 ita
1361 529 1470 610 utin
1495 521 1696 609 silicerniis
1722 518 1912 630 illisque
1929 513 2009 601 vul·

586 666 681 753 gare
711 639 870 724 vivendi
900 662 1056 751 tempus
1086 639 1316 753 exsuperant
1351 636 1521 720 millenis
1554 662 1672 746 atque
1704 630 1875 714 millenis
1910 633 2006 742 rugis

584 755 690 836 inter
702 751 741 834 se
756 751 1033 862 distinguantur
1045 748 1196 833 cellula
1210 754 1333 834 cutim
1347 751 1610 833 efformaiites.
1625 747 1748 829 Loco
1763 771 1861 856 ergo
1879 746 2007 828 nitoris

587 889 714 948 terrea
736 865 781 944 fit
803 865 937 967 cutis,
962 889 1077 974 atque
1103 862 1254 976 semper
1275 862 1500 948 renascente
1527 889 1649 943 muco
1672 859 1900 966 exsiccato,
1924 859 2005 939 hoi-

585 976 683 1060 rida.
715 973 814 1056 Haec
844 975 1023 1058 materies
1043 977 1176 1060 'terrea
1202 1000 1287 1059 tota
1317 974 1426 1081 abit,
1460 1003 1556 1056 mox
1586 1000 1797 1088 paucarum
1827 973 2003 1054 horarum

581 1087 710 1200 spatio
740 1087 962 1169 renascitur.
982 1087 1078 1170 ,Sed
1109 1085 1301 1202 praecipue
1327 1091 1422 1172 vasis
1456 1085 1633 1170 exsuccis
1665 1109 1784 1192 atque
1812 1085 2004 1167 exsiccatis

583 1227 737 1282 novum
755 1227 880 1311 genus
903 1198 1198 1285 deformitatum
1224 1202 1409 1314 exurgit,
1432 1198 1594 1284 maculae
1614 1193 1794 1302 scilicet,
1816 1223 2001 1302 verruca,

583 1313 631 1396 bt
652 1314 747 1392 vari.

586 1515 590 1526 .
641 1419 813 1507 Macula:
839 1421 914 1506 illae
938 1453 1022 1536 quae
1052 1454 1195 1539 corpus
1224 1423 1417 1510 inclinans
1449 1423 1490 1506 in
1520 1444 1693 1526 atatem,
1723 1417 1788 1504 scd
1817 1417 2003 1536 praecipub

473 1594 474 1607 ι
579 1531 740 1624 nultum
760 1563 960 1650 occupant
972 1600 987 1644 ‚
1008 1565 1076 1622 aut
1093 1539 1254 1650 fugaces
1275 1538 1386 1645 sunt,
1412 1545 1454 1621 ὅ(
1476 1531 1613 1618 sensim
1637 1530 1923 1640 obliterantur,
1942 1559 2004 1618 aut

579 1645 697 1730 altilis
728 1649 913 1763 impressu
950 1659 991 1732 δε
1023 1654 1109 1733 fixae
1146 1677 1349 1734 remanent
1382 1673 1592 1755 torumque
1627 1673 1696 1760 per
1725 1645 1816 1728 vitae
1845 1645 2002 1758 spatium

581 1759 805 1873 perdurant.
835 1763 990 1845 Priores
1013 1793 1095 1872 qnae
1114 1761 1376 1875 incomposite
1403 1759 1599 1876 prodeunt
1618 1755 1740 1870 vulgo
1760 1755 1808 1838 ab
1835 1761 2002 1872 aurigine

580 1880 626 1956 ὅ(
651 1875 761 1956 tueri
790 1877 904 1956 variis
935 1873 1138 1987 speciebus
1173 1878 1292 1957 ineo
1326 1880 1478 1957 tantum
1508 1869 1712 1974 differunt,
1737 1868 1847 1980 quod
1881 1897 2000 1984 partes

580 1985 733 2090 tannim
759 1983 942 2092 quasdam
969 2014 1201 2099 occupent,
1231 1985 1315 2068 aliis
1344 1990 1495 2070 intasiis
1523 2016 1536 2082 3
1565 2007 1603 2066 at
1631 1981 1743 2065 causa
1768 1981 1934 2088 eadem,
1957 1989 1998 2066 bt

578 2091 651 2176 sub
675 2096 784 2177 reteri
802 2099 964 2179 nomine
986 2097 1174 2210 designari
1200 2099 1368 2209 possunt.
1397 2097 1494 2182 Bilis
1516 2093 1667 2180 scilicet
1687 2094 1851 2176 secretio
1876 2099 1997 2208 impe·

549 2295 550 2298 ¹
578 2205 662 2290 dita
682 2233 747 2289 eas
770 2209 957 2312 accersit,
990 2207 1066 2320 qui
1091 2207 1289 2314 restitutit,
1308 2210 1447 2294 sensim
1476 2205 1698 2321 pallidiores
1724 2205 1892 2290 evadunt
1905 2265 1919 2311 ,
1950 2213 1992 2290 dt

575 2317 741 2405 demum
765 2319 997 2404 omnimode
1017 2326 1312 2435 extinguuntur.
1438 2351 1442 2362 ’
2034 2351 2039 2362 ·

593 2447 598 2456 ’
635 2433 801 2514 Arnon
829 2433 966 2516 eadem
994 2435 1094 2517 ratio
1118 2437 1171 2518 est
1193 2462 1325 2518 earum
1351 2463 1435 2544 quae
1463 2433 1624 2516 fixiores
1646 2432 1822 2545 perstant.
1851 2429 2001 2540 Quael'r

574 2543 752 2626 minores
780 2544 853 2627 sint
879 2551 920 2627 bt
948 2544 1173 2638 orbiculata
1184 2607 1199 2654 ,
1226 2545 1275 2630 ad
1301 2545 1536 2660 lentiginum
1565 2569 1739 2628 naturam
1765 2540 2000 2642 refenintur;
2054 2565 2061 2574 ·

576 2655 607 2738 si
625 2652 812 2760 latiores,
835 2659 992 2740 inceitae
1010 2660 1142 2772 figura
1151 2719 1165 2764 ‚
1187 2663 1228 2742 bt
1248 2657 1473 2770 inordinate⁸
1487 2682 1742 2771 apparentes,
1763 2653 2002 2736 macularum

538 2785 545 2792 ·
577 2767 648 2848 sim
675 2764 806 2852 liciter
820 2773 983 2853 nomine
996 2771 1254 2886 designantur.
1277 2772 1400 2855 Lenti
1427 2771 1537 2852 iiium
1561 2767 1717 2879 quidem
1741 2793 1938 2872 naturam,
1958 2793 2000 2850 ut

574 2797 675 3076 pots
700 2910 783 2991 quae
803 2881 852 2965 ad
879 2912 1022 3078 coppus
1047 2884 1270 2978 universum
1293 2886 1537 2999 pertineant,
1561 2880 1842 2996 exposuimus,
1871 2909 2002 2964 macu-

594 3019 704 3075 arum
729 3021 864 3077 natura
892 3023 939 3078 ea
966 3024 1030 3078 em
1058 3000 1123 3081 est.
1342 3079 1347 3084 .

634 3100 801 3202 Scilicet
822 3109 864 3188 iii
889 3099 1059 3220 corpore
1086 3108 1300 3224 Malpighii
1328 3105 1563 3212 reticulato,
1584 3102 1654 3188 sub
1673 3131 1696 3190 e
1723 3101 1943 3211 idermide,
1963 3107 2005 3191 lit

574 3213 814 3322 exsiccatio,
839 3223 880 3300 dt
899 3245 1035 3300 natura
1055 3226 1161 3304 muci
1182 3221 1239 3305 ibi
1258 3223 1449 3334 perpetuo
1471 3219 1589 3305 delati
1607 3133 1799 3322 solidata,
1824 3217 2003 3304 colorem

574 3351 702 3410 mutat
732 3335 774 3412 δι
804 3327 1123 3438 consistentiam,
1158 3334 1263 3418 unde
1300 3362 1428 3418 novus
1459 3331 1529 3416 ille
1558 3359 1696 3422 mucus
1726 3328 1878 3414 eodem
1912 3333 2006 3418 vitio

573 3439 810 3552 corripitur,
837 3441 969 3552 sicque
995 3470 1186 3560 perpetua
1204 3447 1249 3528 fit
1274 3441 1451 3548 macula,
1479 3441 1626 3529 alliduo
1649 3467 1862 3548 renovata,
1892 3444 2006 3527 autfi
2038 3503 2043 3512 ·

574 3555 742 3634 omninb
759 3551 907 3636 solidus
922 3584 1061 3642 mucus
1083 3558 1272 3661 evaserit,
1297 3555 1375 3639 stat‘
1389 3585 1458 3669 per
1480 3556 1543 3663 se,
1570 3561 1609 3639 bt
1633 3557 1863 3690 incorrupta
1887 3583 2009 3642 rema·

572 3665 654 3768 nJet.
684 3661 732 3745 Id
762 3675 893 3766 au'tem
919 3669 1005 3750 fieri
1038 3663 1146 3782 posse
1173 3665 1310 3752 lisolis
1340 3671 1505 3756 nimilim
1533 3694 1647 3776 atque
1673 3663 1822 3750 assiduo
1849 3670 2008 3752 incum-

571 3769 703 3860 henos
726 3775 974 3891 impressione
999 3779 1228 3889 quotidianis
1255 3785 1486 3873 rusticorum
1517 3777 1787 3862 observatione
1817 3778 2008 3864 demons-

570 3887 706 3972 t'ratuiss
731 3891 840 3972 Nam
865 3891 910 3973 iis
935 3889 1132 3994 familiare
1149 3897 1200 3978 est
1219 3893 1380 3978 vultum
1402 3891 1565 3975 maculis
1589 3886 1775 3974 similibus
1798 3891 2009 3978 horridum

571 4003 729 4111 gestare
759 4001 841 4085 Sed
854 4004 1085 4112 ¹nec'miiilis
1099 3997 1273 4090 ¹obvium
1296 4009 1348 4089 'est
1365 4003 1470 4090 i'de'm
1489 4003 1721 4116 contingere
1742 3999 1863 4087 solius
1883 4006 2009 4092 ziam

571 4114 802 4218 v'itio,cl1m
819 4141 931 4219 aetas,
947 4117 1357 4204 neceffaribomnibus
1374 4115 1601 4205 hominibus
1611 4118 1817 4230 ingruens,
1830 4119 2027 4210 exsiccet,

571 4226 719 4308 omnia.
745 4226 873 4336 Quod
895 4227 1054 4335 quidem
1076 4232 1206 4343 primo
1230 4233 1276 4314 fit
1301 4259 1370 4346 per
1394 4249 1520 4344 partes
1528 4207 1544 4336 l
1566 4257 1663 4313 mox
1686 4229 1783 4309 verb
1811 4225 1833 4310 b
1857 4229 2014 4343 vicinis

567 4335 686 4446 serpit
708 4338 756 4420 ad
774 4339 960 4421 viciniam
974 4340 996 4446 ','
1012 4345 1064 4425 ita
1087 4369 1131 4425 ut
1154 4345 1367 4427 centenarii
1397 4339 1484 4448 illi,
1507 4341 1537 4424 ft
1566 4341 1725 4452 quando
1749 4368 2011 4450 occurrunt,

569 4473 655 4530 non
669 4449 811 4560 rugosa
828 4457 980 4534 tantum
994 4453 1096 4538 facie
1117 4457 1282 4568 infignes
1310 4455 1405 4562 fint,
1429 4453 1497 4539 fed
1515 4453 1640 4538 luridi
1660 4454 1781 4537 'etiam
1807 4460 1849 4535 ὃ(
1875 4457 2014 4542 flavo·

567 4553 693 4670 suscd.
725 4561 809 4645 Cur
837 4590 967 4648 autem
1000 4563 1227 4652 deformitas
1254 4565 1324 4650 illa
1351 4570 1393 4648 iii
1421 4565 1511 4652 aliis
1534 4563 1760 4650 hominibus
1790 4565 1936 4674 citius,
1968 4573 2015 4654 in

567 4669 654 4756 aliis
678 4671 822 4756 tardius
850 4659 1058 4785 ocdurrat,
1089 4680 1204 4776 causa
1230 4681 1282 4764 est
1303 4679 1412 4790 quod
1439 4682 1558 4764 aetatis
1582 4676 1711 4764 senilis
1737 4681 2014 4768 incommoda

565 4785 709 4894 p'mnes
731 4813 815 4882 non
836 4788 981 4897 eodem
1005 4817 1185 4910 tempore
1209 4793 1408 4896 afficiant3
1429 4792 1535 4882 unde
1557 4794 1674 4886 etiarn
1692 4793 1733 4878 in
1750 4791 1798 4878 iis
1818 4793 1891 4905 qui
1913 4793 2014 4882 ant&
