4226 5916
490 448 579 530 ur
944 413 1051 502 ou
1114 374 1535 504 Monnrs‘

492 585 659 700 Propius
683 580 873 696 inspicere
897 587 939 664 ὅ(
968 583 1017 684 in,
1033 577 1218 666 omuibus
1247 580 1526 696 phoenomenis
1552 575 1738 691 exsequi,
1767 573 1854 664 tinn
1882 573 1934 665 ad

493 702 670 813 praxim,
698 701 781 778 tum
810 695 856 778 ad
877 696 1073 778 theoriam
1101 693 1337 781 morborum
1355 698 1456 779 cutis
1483 723 1566 777 non
1590 692 1743 778 inutile.
1771 695 1931 777 Omnes

492 842 570 896 nos
598 837 756 893 manent
785 838 917 922 rugae,
945 808 1015 889 nist
1041 837 1151 893 mors
1179 809 1271 894 ante
1294 833 1446 892 aetatem
1475 833 1662 922 occupet.
1690 808 1774 892 Ista
1795 806 1854 890 nil
1880 805 1929 890 ad

491 927 686 1040 aspeslum
706 923 905 1028 offerunt,
934 921 1002 1003 nist
1016 945 1171 1008 textum
1184 919 1414 1006 cellularem
1428 951 1627 1028 vacuum,
1648 924 1762 1038 prius
1778 921 1928 1004 tensam

493 1068 627 1124 cutem
663 1067 739 1151 pra
782 1034 1042 1120 macritudine
1083 1043 1124 1122 dt
1159 1034 1268 1119 senio
1314 1034 1622 1143 collabentem,
1666 1033 1806 1118 laxatis
1844 1031 1928 1116 snb-

490 1150 598 1260 jectis
624 1146 825 1255 vinculis,
851 1147 983 1235 laxato
1014 1151 1134 1232 etiam
1163 1147 1248 1262 ipso
1275 1175 1388 1234 textu
1418 1154 1524 1234 cutis
1548 1148 1729 1234 mucoso,
1756 1150 1870 1230 Unde
1899 1147 1929 1228 st

490 1285 535 1347 ru
566 1297 607 1349 as
627 1262 819 1379 aspexeris
837 1262 999 1365 seniles,
1021 1262 1187 1378 grandes
1204 1259 1291 1346 illas
1312 1265 1503 1376 primurn,
1522 1271 1566 1346 bt
1579 1259 1702 1346 veluti
1717 1261 1928 1376 plicaturas

487 1295 684 1492 miticies.
714 1375 851 1462 Postea
876 1379 973 1462 verb
988 1375 1232 1461 increscente
1251 1403 1388 1481 aetate,
1417 1385 1459 1461 dt
1485 1378 1650 1460 homine
1677 1377 1726 1459 ad
1743 1373 1927 1458 silicernii

490 1491 767 1575 conditionem
795 1491 982 1598 redasl0‚
1013 1493 1117 1603 rugis
1143 1490 1231 1604 ipsrs
1259 1488 1472 1596 majoribus
1500 1494 1673 1575 nunores
1700 1488 1925 1596 adduntur,

489 1607 594 1716 quast
611 1601 749 1690 areolae
766 1601 840 1687 ise
853 1607 1027 1688 invicem
1041 1605 1169 1688 divisa
1183 1633 1267 1715 quae
1288 1609 1329 1686 in
1347 1607 1521 1688 minores
1539 1601 1788 1712 minoresque
1801 1600 1925 1686 faces·

489 1717 588 1802 sunt.
614 1718 687 1801 Ha
711 1722 839 1802 rursus
861 1721 1040 1802 minimas
1060 1721 1178 1802 etiam
1199 1716 1399 1800 exhibent.
1426 1719 1470 1800 Si
1487 1721 1590 1801 vitro
1614 1714 1778 1799 oculum
1799 1743 1925 1798 arma·

489 1831 773 1938 veris,adhl1c
801 1835 961 1914 minima
988 1829 1189 1916 cellularia
1215 1829 1419 1914 intervalla
1446 1830 1562 1944 plicis
1590 1830 1760 1912 minimis
1788 1830 1923 1912 inters-

488 1947 609 2028 tinsla
634 1940 871 2028 videbuntur
892 1975 903 2042 3
932 1944 1037 2028 unde
1060 1971 1139 2027 tam
1164 1941 1282 2027 facile
1304 1942 1495 2028 sordescit
1518 1944 1619 2028 cutis
1645 1942 1812 2046 senum,
1842 1971 1922 2052 qua

488 2056 624 2140 sordes
634 2059 701 2138 vix
720 2083 767 2138 ac
781 2084 831 2140 ne
845 2059 912 2138 vix
927 2056 1087 2167 quidem
1103 2055 1309 2163 eluuntur,
1326 2060 1420 2140 hinc
1438 2055 1558 2141 facies
1574 2056 1773 2170 decrepita
1789 2056 1922 2138 senum

488 2196 632 2254 terram
652 2167 803 2284 semper
824 2169 1007 2275 redolet,
1036 2197 1258 2281 terramque
1285 2197 1462 2286 repetere
1484 2171 1652 2255 videtur.
1681 2170 1772 2251 Imb
1795 2167 1920 2252 multa

488 2283 629 2366 dantur
651 2281 771 2367 facies
797 2287 1113 2374 centenariorum
1143 2314 1237 2396 quas
1263 2285 1344 2398 ipse
1371 2283 1524 2368 lustravi
1538 2347 1552 2390 ,
1578 2313 1662 2396 quae
1683 2286 1753 2366 vix
1777 2282 1918 2395 rugosa

487 2397 696 2496 videntur3
717 2424 756 2480 at
774 2399 801 2478 s1
817 2401 977 2511 propius
995 2397 1234 2512 inspexeris,
1256 2401 1330 2480 istae
1350 2397 1488 2482 adsunt
1513 2393 1653 2482 areola
1672 2425 1745 2511 per
1770 2400 1919 2478 univer·

486 2509 568 2594 sam
591 2537 751 2615 cutem,
777 2511 971 2625 praecipue
996 2515 1092 2595 vero
1117 2539 1187 2625 per
1211 2512 1357 2594 faciem
1381 2511 1525 2595 diffusa
1538 2573 1553 2618 ,
1581 2513 1636 2593 ita
1656 2537 1699 2594 ut
1719 2507 1919 2592 substantia

487 2625 589 2708 cutis
605 2623 744 2706 eadem
764 2651 968 2738 appareat,
986 2624 1051 2709 sed
1066 2625 1169 2734 quast
1189 2620 1361 2708 alluente
1380 2622 1534 2734 liquido
1548 2621 1644 2707 orba
1657 2631 1699 2708 dt
1716 2625 1919 2707 exsiccata.

486 2735 626 2818 Proh!
652 2743 841 2846 quantum
870 2735 1090 2851 discrepans
1113 2734 1133 2820 i
1158 2732 1321 2843 juvenili
1346 2736 1421 2820 illo
1448 2741 1580 2822 nitore
1606 2740 1674 2848 qui
1704 2737 1918 2849 faemitteam

486 2847 731 2955 juventutem
755 2843 1012 2934 condecorat.

541 2959 655 3046 Alius
676 2965 729 3046 est
753 2992 935 3076 rugarum
951 3027 968 3058 ,
990 2964 1056 3050 sed
1077 2967 1221 3047 nonin
1242 2963 1354 3048 omni
1377 2991 1548 3078 corpore
1568 2989 1728 3050 exortus
1748 3027 1763 3071 ,
1790 2973 1832 3050 dt
1855 2963 1917 3076 qul

485 3073 536 3160 ad
557 3076 682 3159 modi>
703 3075 912 3192 descriptas
932 3075 1040 3161 nulla
1058 3081 1212 3162 ratione
1238 3084 1414 3162 attinent.

539 3187 606 3269 Ea
631 3189 717 3273 sunt
738 3215 842 3302 rugae
863 3220 945 3301 quae
967 3190 1094 3276 vultui
1117 3218 1235 3301 atque
1253 3191 1369 3275 faciei
1392 3194 1556 3306 propria
1578 3189 1796 3307 pendenti
1819 3189 1915 3306 spas·
1969 3271 1974 3280 .

485 3299 646 3384 modici
665 3301 936 3386 musculorum
955 3307 1251 3410 contraffione,
1272 3304 1448 3414 quidum
1465 3306 1781 3410 cutiadhaerent,
1800 3305 1914 3418 ipsam

485 3412 746 3526 undequaque
766 3420 946 3524 trahunt,
975 3417 1182 3526 variosque
1209 3420 1328 3500 animi
1354 3419 1514 3502 affeuus
1536 3423 1790 3534 exprimunt,
1813 3445 1914 3502 nunc

484 3525 647 3633 latitia,
664 3559 771 3612 nunc
791 3534 1000 3637 moeroris,
1020 3560 1126 3614 nunc
1143 3533 1207 3612 irae
1225 3556 1291 3612 aut
1309 3532 1496 3638 terroris,
1523 3561 1692 3643 quorum
1710 3535 1914 3617 affeslrium

483 3670 533 3725 ex
563 3642 675 3725 tellio
704 3672 885 3756 magnam
910 3648 1000 3728 artis
1026 3647 1197 3758 pilloriae
1225 3671 1375 3758 partem
1402 3645 1715 3758 comprehendit.
1742 3646 1853 3730 Hinc
1877 3648 1914 3726 in

483 3673 636 3839 vultum
656 3755 811 3840 videtur
830 3759 958 3840 anima
978 3758 1228 3842 descendere.
1251 3759 1400 3842 Verum
1428 3759 1523 3875 sape
1545 3759 1704 3844 affeuus
1727 3758 1786 3844 illi
1813 3785 1917 3870 repe·

483 3871 545 3954 titi
570 3867 748 3955 habitum
773 3871 982 3981 quemdam
1006 3871 1224 3980 inducunt,
1251 3876 1305 3954 ita
1327 3898 1371 3954 ut
1393 3875 1462 3981 qui
1480 3876 1609 3957 varios
1639 3875 1757 3957 animi
1785 3899 1916 3958 motus

482 3985 702 4097 exprimere
716 3983 907 4096 fingendo
929 4011 1076 4070 norunt
1090 3985 1292 4092 comoedi,
1311 3987 1353 4066 hi
1367 3980 1524 4068 vultum
1534 3987 1708 4070 maxime
1723 3983 1913 4069 mobilem

482 4092 712 4202 obtineant,
739 4095 902 4181 minime
925 4100 1022 4181 verb
1052 4095 1170 4182 auIIci
1199 4126 1316 4207 atque
1341 4095 1525 4212 politici,
1553 4129 1722 4210 quorum
1745 4095 1912 4181 maxime

479 4208 633 4290 interest
658 4209 824 4320 nequid
848 4237 958 4295 mens
983 4210 1121 4299 sentiat
1141 4210 1395 4324 intelligatur.

535 4321 591 4402 At
616 4320 764 4406 summa
791 4326 907 4406 etiam
936 4327 1146 4408 hominum
1172 4329 1214 4408 in
1239 4325 1346 4408 hisce
1372 4325 1566 4408 diversitas
1589 4326 1652 4407 est.
1687 4321 1915 4407 Macilentis

450 4435 586 4516 .enim
609 4433 836 4520 hominibus
861 4435 983 4522 sacies
1004 4467 1188 4522 movetur
1216 4437 1399 4522 maxime.
1437 4437 1558 4522 Italos
1584 4434 1779 4552 precipue
1800 4461 1916 4546 arque

477 4545 677 4661 Hispanos
702 4545 724 4632 a
749 4550 852 4634 facie
879 4550 1030 4634 summe
1055 4550 1198 4636 mobili
1224 4555 1393 4636 noveris.
1422 4555 1479 4634 At
1498 4555 1591 4633 clun
1616 4553 1662 4632 iis
1689 4549 1916 4632 macilentia

474 4660 625 4744 summa
651 4663 718 4766 srt,
739 4663 836 4778 sape
858 4665 1043 4750 musculis
1065 4692 1183 4748 tonus
1204 4665 1470 4779 spalmodicus
1496 4664 1719 4768 inducitur,
1746 4669 1790 4744 bt
1815 4691 1915 4744 con·

473 4779 594 4858 tracia
613 4801 744 4858 manet
760 4777 870 4861 velut
889 4777 1272 4864 melancholioo'rum
1295 4779 1428 4860 saciet.
1450 4776 1579 4886 Quod
1597 4779 1735 4860 vitium
1758 4771 1913 4856 senibus

470 4884 760 4974 meditabundis
799 4897 937 5002 &qui
969 4891 1048 4976 alta
1083 4918 1200 5002 atque
1230 4892 1296 4976 diu
1334 4893 1562 5004 cogitarunt
1603 4887 1795 4974 santiliare
1826 4888 1912 4990 est,
