4246 5900
575 393 1312 488 turnonvcrro.
1614 437 1669 524 45

236 621 253 650 .,
282 558 392 650 Inter
429 555 552 646 anmi
590 560 750 648 affectus
785 559 925 652 licebit
962 591 1168 652 numerare
1205 565 1480 682 praeposterum
1514 579 1670 662 veneris

222 677 487 784 exercitium,
515 699 584 762 aut
610 674 659 760 ab
681 676 828 762 eodem
854 676 1153 780 abstinentiam
1175 707 1219 766 ut
1241 682 1349 766 enim
1370 705 1571 770 taceamus
1599 691 1670 776 hle

223 788 310 874 dira
329 817 414 898 qua
427 786 487 873 ab
509 790 666 904 impuro
688 794 1233 907 co'r'tutrahunturcontagia
1245 856 1260 900 ,
1286 825 1370 906 qua
1390 821 1437 880 ut
1458 804 1500 882 bt
1519 799 1600 884 olla
1624 809 1669 888 bt

224 899 449 1010 medullas,
465 903 520 988 ita
533 930 668 990 cutem
681 906 846 1022 turpiter
858 905 1058 1014 afficiunt,
1071 904 1197 992 multa
1211 907 1298 995 sunt
1311 911 1430 996 etiam
1444 940 1529 1022 qua
1537 975 1551 1022 ,
1568 909 1670 1000 licet

224 1044 311 1100 non
324 1045 522 1123 venerea,
546 1044 681 1105 tamen
697 1015 943 1104 imbibuntur
963 1019 1161 1136 co‘ntagia.
1189 1020 1259 1106 Sic
1277 1025 1332 1106 im
1361 1051 1430 1108 ura
1446 1022 1553 1110 labra
1572 1025 1670 1114 dum

223 1131 269 1214 in
284 1128 394 1218 bassis
410 1129 664 1240 ardentibus,
691 1141 734 1218 bt
751 1135 908 1221 nettare
926 1137 1081 1222 veneris
1101 1135 1210 1220 soetis
1232 1131 1309 1220 alia
1332 1053 1439 1222 bbra
1457 1139 1669 1252 inficiunt,

224 1272 366 1328 nonne
390 1270 517 1360 partes
536 1243 727 1359 genitales
748 1249 958 1334 humentes
976 1257 1019 1335 bt
1039 1245 1175 1333 cattdae
1191 1247 1279 1332 sero
1299 1247 1426 1335 fetido
1443 1251 1669 1341 diffluentes

226 1361 375 1473 pariter
394 1362 712 1447 contaminantur
728 1366 742 1446 i
761 1364 856 1446 hine
874 1359 1092 1476 rhagades,
1114 1359 1299 1478 pustulat,
1325 1363 1411 1447 imb
1432 1371 1473 1450 bt
1494 1394 1668 1454 verrucae

228 1473 280 1558 sae
308 1474 364 1556 itis
382 1501 456 1588 pto
477 1475 656 1561 venereis
676 1473 816 1562 habitae
839 1474 1112 1561 diffunduntur
1134 1479 1177 1562 in
1201 1479 1313 1591 penis
1334 1477 1460 1561 cutim
1480 1506 1547 1564 aut
1564 1477 1670 1569 labia

225 1502 355 1671 nive
384 1615 469 1704 qua
497 1586 630 1702 postei
657 1593 908 1676 commercio
936 1587 1021 1676 aliis
1050 1587 1290 1694 redduntur,
1319 1596 1362 1674 bt
1383 1589 1480 1676 inde
1502 1593 1671 1703 querele

226 1727 275 1784 ac
302 1701 468 1787 timores
495 1701 706 1787 affesibum
731 1703 829 1819 saepe
855 1701 905 1788 ab
929 1705 1121 1819 imperitis
1148 1700 1363 1788 artificibus
1392 1731 1466 1817 pro
1494 1732 1670 1794 venereo

230 1810 337 1896 malo
358 1811 614 1922 habitorum,
638 1819 726 1901 imb
753 1819 940 1931 proximo
968 1825 1010 1902 bt
1032 1813 1216 1902 calidiori
1238 1813 1457 1901 concubitu
1477 1817 1559 1904 stne
1582 1819 1670 1908 ullo

229 1929 372 2012 amau
399 1928 453 2012 he
501 1953 583 2014 eres
597 1989 612 2036 ,
640 1927 805 2015 scabiosa
828 1929 990 2037 morbi,
1020 1937 1101 2018 dte.
1130 1936 1154 2015 l
1183 1956 1355 2046 corpote
1377 1931 1421 2014 in
1446 1959 1520 2016 cor
1548 1963 1593 2018 us
1619 1936 1671 2020 eb

228 2037 378 2124 sacilibs
400 2069 460 2126 tta
488 2071 681 2150 ucuntur,
708 2048 789 2156 qub
809 2045 995 2130 homines
1022 2047 1066 2129 in
1090 2041 1230 2130 eidem
1252 2043 1537 2158 athmosphaera
1561 2050 1669 2158 quali

229 2153 391 2240 collesli
414 2163 457 2240 bt
477 2154 769 2270 agglomerari,
794 2155 969 2274 partibus
992 2161 1130 2244 arstibs
1152 2155 1364 2272 affiguntur
1390 2159 1670 2274 homogeneis.

284 2269 366 2355 Sed
397 2272 517 2356 etiam
543 2272 649 2384 puris
679 2270 859 2383 alioquin
886 2300 940 2355 co
988 2269 1123 2357 oribus
1154 2271 1249 2356 inest
1274 2269 1373 2386 saepe
1401 2270 1669 2386 disproportio

230 2384 405 2496 quadam
431 2385 674 2470 mechanicis
697 2390 765 2472 vix
787 2301 997 2470 enodandi
1025 2383 1210 2499 legibus,
1238 2381 1319 2494 qus
1342 2380 1388 2468 fi‘t
1407 2409 1452 2468 ut
1482 2383 1673 2502 absorpta

233 2523 356 2612 partes
376 2495 464 2582 aliis
487 2496 606 2604 sana,
631 2498 716 2585 aliis
738 2497 941 2584 malesana
961 2497 1141 2584 evadant.
1165 2495 1214 2580 Id
1234 2499 1277 2580 in
1297 2521 1453 2582 aratrum
1475 2501 1672 2618 precipue

234 2607 450 2696 differentis
477 2637 520 2696 re
548 2615 698 2718 eritur,
729 2620 771 2696 bt
796 2609 894 2725 sepe
925 2610 980 2696 ob
1009 2607 1249 2696 concubitus
1277 2607 1419 2696 seniles
1448 2610 1671 2722 puellarum

231 2727 333 2810 cutis
356 2724 487 2838 aspera
507 2641 554 2807 lit
576 2732 619 2807 bt
638 2725 744 2835 quast
764 2722 1003 2807 deflorescit.
1033 2720 1224 2806 Praeterel
1246 2724 1345 2804 verb
1368 2721 1463 2804 dum
1487 2727 1582 2808 nixu
1608 2729 1673 2808 in-

230 2841 339 2954 genti
367 2836 580 2922 effunditur
611 2832 746 2945 liquor
777 2833 1000 2942 seminalis,
1028 2834 1123 2917 dbm
1149 2828 1367 2916 mulierum
1399 2834 1459 2918 vis
1491 2833 1562 2918 sub
1591 2837 1674 2923 sre-

189 3038 194 3048 ,
231 2952 430 3062 quentiori
443 2962 555 3035 coitu
572 2947 738 3055 fatiscit,
759 2977 809 3032 an
824 2977 909 3032 non
924 2955 967 3034 dt
979 2949 1166 3032 vitiantur
1186 2949 1306 3030 etiam
1323 2943 1546 3032 fiantiiones
1564 2951 1671 3064 pers·

229 3067 464 3180 puadonis,
494 3059 612 3148 crudi
641 3090 693 3148 ue
721 3087 949 3147 remanente
982 3055 1145 3144 materiai
1171 3065 1214 3142 bt
1240 3057 1289 3141 ad
1318 3087 1441 3172 poros
1470 3063 1672 3174 haerente,

229 3177 336 3264 nasci
354 3179 482 3294 potest
502 3179 543 3260 in
562 3179 645 3291 ipsa
663 3201 755 3262 cute
779 3173 975 3290 pustulosa
991 3171 1226 3259 difformitas
1241 3175 1255 3254 i
1273 3172 1423 3258 Verum
1437 3173 1521 3260 hac
1538 3175 1561 3261 ὲ
1581 3175 1671 3264 lon-

92 3329 97 3336 ·
229 3293 381 3407 ginquo
403 3290 520 3376 nimis
541 3288 673 3373 forsan
697 3289 912 3404 desumpta.

285 3405 368 3490 Sed
389 3405 505 3520 ipsrus
528 3398 550 3486 ὲ
575 3415 686 3488 coitu
707 3400 941 3490 abstinentia
963 3383 1185 3516 severaqus
1207 3399 1387 3484 castitatis
1408 3401 1438 3482 fi
1461 3428 1546 3512 quae
1567 3401 1671 3488 mala

228 3516 341 3626 sunt,
358 3546 409 3602 aa
432 3518 566 3600 omnia
585 3515 635 3600 ad
657 3519 758 3602 cutis
776 3515 942 3616 morbos
963 3515 1170 3604 reserenda
1190 3511 1455 3621 crediderim,
1478 3511 1556 3625 qui
1578 3545 1672 3630 pra-

231 3632 364 3717 sertim
391 3654 502 3715 aetate
528 3628 570 3712 su
600 3631 722 3714 erflua
748 3629 941 3718 redundat
968 3634 1010 3716 in
1031 3629 1219 3744 sanguine
1243 3625 1438 3712 seminalis
1465 3656 1641 3744 mucago
1653 3688 1671 3737 ,

233 3743 480 3858 evolutisque
499 3660 660 3828 tandem
681 3769 862 3857 tempore
883 3742 1098 3858 pubertatis
1117 3740 1302 3826 omnibus
1324 3738 1521 3855 glandulis
1540 3769 1675 3826 accre-

232 3863 422 3970 tioneque
441 3857 622 4054 corporis
641 3857 820 3970 petasii,
837 3857 961 3942 fertur
979 3856 1030 3942 ad
1051 3857 1342 3972 perspirationis
1362 3883 1509 3967 organa
1532 3856 1674 3966 ingens

234 3975 404 4058 materiae
433 3999 503 4084 per
519 3967 694 4085 pitabilis
719 3970 1024 4055 attenuatiisrmae
1049 3973 1200 4085 copia,
1235 3968 1443 4084 specificus
1473 3963 1675 4053 evolvitur

234 4085 365 4193 odor,
393 4086 618 4198 &agmine
642 4083 748 4168 fatto
774 4087 921 4197 stagnat
947 4084 997 4170 ad
1027 4081 1278 4169 minutissrma
1301 4077 1392 4166 vasa
1418 4075 1551 4189 liquor
1578 4078 1672 4190 ille,

234 4226 300 4284 aut
318 4199 452 4316 potitis
467 4226 560 4281 aura
576 4195 666 4304 illa,
683 4197 766 4282 Gas
780 4188 896 4283 illud*
906 4228 952 4283 or
982 4201 1141 4282 arricum
1164 4201 1207 4280 dt
1225 4189 1371 4286 vitale,
1390 4189 1503 4278 mori
1520 4201 1563 4278 bt
1582 4197 1674 4281 vin-

236 4312 335 4400 culis
349 4315 476 4396 fixum
490 4313 557 4420 fit,
575 4311 764 4417 densum,
787 4317 830 4396 &
848 4229 1015 4428 pusluias
1036 4308 1228 4393 concitat.
1255 4301 1377 4391 Certe
1397 4306 1597 4419 utriusque
1616 4307 1673 4394 se-

238 4429 307 4511 xus
324 4425 560 4512 evolutione
577 4423 701 4531 raas,
726 4427 755 4508 st
773 4425 914 4508 castam
933 4421 1165 4518 instituerint
1181 4421 1329 4528 vitam,
1352 4423 1524 4552 erumpit
1545 4418 1673 4534 vulgb

240 4543 382 4656 ingens.
391 4536 627 4658 pustularum
647 4536 868 4654 glomerata
885 4537 1117 4650 congeries,
1139 4531 1287 4646 quasti
1306 4529 1501 4647 glandulis
1519 4558 1673 4618 tumen·

240 4653 340 4741 tibus
358 4657 402 4740 in
428 4679 562 4739 cutem
590 4648 787 4769 projesla:
814 4651 931 4736 itaut
949 4649 1094 4734 eodem
1114 4650 1255 4736 ordine
1276 4647 1496 4732 increscant
1515 4645 1671 4763 pustula
1762 4743 1768 4754 ,

239 4797 321 4878 quo
345 4766 540 4886 glandula
562 4767 837 4854 detumescunt
858 4797 873 4870 ς
898 4763 1003 4877 quast
1028 4763 1161 4850 sorent
1177 4759 1253 4847 illae
1272 4763 1451 4846 humoris
1471 4763 1513 4844 in
1536 4787 1672 4846 cutem

237 4879 487 5002 dispergendi
512 4880 809 4999 receptaculum
834 4914 849 4986 3
879 4879 984 4970 adde
1017 4879 1214 4998 laperauti
1240 4874 1301 4965 illi
1333 4901 1488 5042 tenero*
1510 4872 1671 4960 humori
