4188 5916
8 441 13 660 Ι
590 387 1133 498 'coalitura
1533 447 1620 530 295v

456 522 471 556 0

172 571 373 666 rationem
400 574 570 690 aliquam
597 575 829 681 inducant,
849 574 938 662 freti
971 576 1154 691 &ipsuis
1184 573 1329 664 Galeni
1362 581 1404 664 in
1433 580 1619 698 herpctcu

175 687 412 786 dividendos
431 693 641 806 partitione
665 695 756 797 (a),
786 697 828 772 dt
850 687 981 799 aliqui
1005 689 1262 804 Hippocratis
1291 694 1522 780 auetoritate
1548 699 1618 807 qui
1744 721 1753 742 ²

175 805 358 920 herpetes
375 807 591 900 intermutat
610 803 671 908 (b)
690 801 886 908 recenset,
909 802 975 886 seu
998 800 1131 888 ulcera
1152 801 1399 918 depascenda
1405 807 1616 924 ‚ipsosque

8 991 9 996 t
175 915 245 1000 sub
274 913 414 1002 eidem
441 914 612 1002 includit
638 918 839 1032 prognosr.
869 917 960 1000 Imo
985 915 1066 1031 ipse
1092 915 1269 1004 Galenus
1299 921 1433 1004 nostra
1460 920 1617 1006 videtur
1733 992 1737 1000 .
1854 947 1861 958 '

8 1055 10 1134 l
175 1029 373 1116 sententiat
396 1031 622 1116 firmitatem
641 1027 860 1117 conciliare
871 1089 886 1137 ,
911 1035 1003 1114 ciam
1017 1033 1071 1114 ait
1089 1034 1148 1136 (c)
1168 1033 1348 1147 herpetes
1367 1029 1389 1116 ὲ
1411 1033 1628 1148 phagaede-‹

177 1146 276 1228 nicia
298 1139 499 1228 ulceribus
516 1147 559 1227 in
579 1172 631 1236 eo
649 1141 829 1254 differre,
855 1143 964 1253 quod
988 1145 1127 1259 herpes
1152 1143 1278 1230 solam
1301 1171 1435 1230 cutem
1450 1148 1615 1260 exedat,

177 1257 456 1372 phagaedenica
474 1259 571 1342 vero
590 1255 727 1341 ulcera
749 1260 868 1341 etiam
892 1252 1079 1360 subjcaas
1105 1283 1233 1370 partes
1260 1257 1497 1347 adoriantur.

231 1369 399 1456 Videtur
412 1367 551 1454 Celsus
566 1369 654 1477 (d),
674 1389 840 1456 notante
852 1369 997 1455 Foesto
1014 1376 1075 1475 (e)
1084 1433 1099 1478 ,
1117 1372 1232 1458 unius
1253 1371 1284 1462 ὲ.
1296 1371 1393 1456 sacri
1412 1376 1514 1486 ignis
1532 1373 1617 1490 spe-

177 1479 313 1567 ciebus
336 1485 567 1598 prognosim
588 1481 611 1566 ‘a
633 1481 731 1568 loco
755 1483 1015 1599 Hippocratis
1037 1486 1080 1568 in
1103 1513 1184 1596 quo
1209 1485 1259 1572 de
1279 1485 1392 1584 ‚tuan
1418 1495 1460 1571 dt
1481 1490 1551 1571 her
1579 1516 1618 1573 e·

176 1592 281 1680 tibus
300 1593 477 1706 loquitur
491 1596 616 1681 exseri
646 1595 749 1703 sisse,
770 1624 815 1680 ut
835 1596 1052 1688 attendenti
1076 1596 1194 1681 facila
1215 1597 1365 1712 patebit
1377 1662 1391 1706 ,
1419 1599 1525 1686 unde
1545 1519 1617 1685 sib
1682 1679 1685 1686 ,

177 1710 281 1822 ignis
303 1709 401 1792 sacri
423 1713 586 1794 nomine
609 1627 794 1794 describit
813 1741 935 1794 unum
963 1736 1012 1792 ex
1039 1711 1250 1824 herpeticis
1274 1709 1489 1798 affetiibus.
1640 1723 1642 1730 ’

233 1820 457 1937 Herpetum
487 1826 606 1936 igitur
635 1827 702 1932 qui
732 1821 761 1906 ὲ.
782 1822 975 1938 serpendo
1005 1822 1189 1906 dicuntur
1218 1832 1260 1907 δι
1288 1825 1391 1938 apud
1419 1855 1495 1911 nos
1524 1825 1617 1911 vere

178 1939 220 2018 dt
253 1935 411 2050 proprid
444 1933 655 2021 vernaculi
691 1933 827 2051 lingui
854 1937 998 2020 dartres
1031 1961 1258 2042 vocantur,
1291 1939 1472 2053 proprius
1485 1965 1618 2050 ,atque

177 2046 384 2132 essentialis
405 2052 574 2134 caratler
592 2052 688 2134 inest
704 2078 749 2136 ut
767 2052 869 2134 cutis
888 2049 1193 2136 continuitatem
1208 2046 1392 2158 solvant,
1411 2049 1619 2163 solamque

179 2157 288 2244 illam
308 2162 503 2268 exedant,
521 2166 673 2247 intedis
694 2161 874 2271 subjeois
892 2159 1096 2279 partibus,
1114 2165 1168 2245 ita
1184 2162 1273 2246 utsr
1293 2163 1527 2275 aliquando,
1551 2190 1618 2248 aut

205 2273 295 2358 ravi
318 2277 574 2383 conditione,
604 2303 671 2362 aut
695 2273 947 2387 quicumque
973 2274 1024 2362 de
1049 2271 1166 2360 causti
1190 2271 1367 2382 subjettae
1386 2273 1464 2360 illae
1489 2304 1616 2392 partes

177 2304 276 2471 iubis
303 2386 472 2499 aliquam
496 2417 646 2500 partem
666 2387 904 2502 suscipiant,
931 2365 1116 2496 jam⁰non
1140 2391 1280 2502 herpes
1304 2387 1468 2504 simplex
1490 2388 1617 2474 habe-

177 2499 305 2607 bitur,
322 2501 389 2586 scd
402 2529 566 2586 notante
578 2499 768 2609 Polluce,
784 2499 935 2586 malum
957 2497 1167 2588 vocabitur
1182 2500 1374 2608 ifnnrsuu
1395 2523 1502 2590 tanat
1523 2505 1616 2589 het-

180 2616 355 2729 petitum
381 2612 509 2700 ulcus.

232 2729 489 2838 Antiquiores
503 2727 673 2834 Medici,
686 2752 858 2836 quorum
868 2727 977 2839 prior
988 2723 1254 2810 vocandusest
1267 2723 1549 2841 Hippocrates,
1565 2726 1617 2813 de
1719 2779 1721 2782 ·

178 2866 230 2923 eo
244 2838 338 2924 mali
350 2867 498 2954 genere
510 2867 593 2924 non
603 2841 786 2925 videntur
799 2836 918 2922 nobis
930 2863 1123 2952 precepta
1137 2834 1389 2952 diligentiora
1402 2839 1614 2951 reliquisse,

180 2949 245 3037 vel
272 2953 382 3064 quod
408 2956 450 3036 in
476 2950 606 3037 sobrii
632 2955 910 3068 primavorum
936 2976 1054 3062 atque
1087 2949 1255 3064 simplici
1285 2951 1444 3036 vivendi
1474 2951 1616 3041 normst

179 3094 262 3150 non
276 3066 379 3152 adeo
399 3070 439 3149 in
453 3065 627 3182 populos
642 3063 899 3180 grassarentur
914 3067 1122 3176 herpetes,
1140 3061 1207 3164 vel
1222 3064 1353 3176 quod,
1379 3093 1424 3148 ut
1442 3067 1495 3150 air
1511 3065 1616 3181 Hip·

72 3265 78 3281 ,
178 3207 361 3294 pocrates
387 3181 482 3374 z),
515 3208 561 3267 ea
583 3183 718 3266 omnia
750 3177 972 3264 foeditatem
995 3179 1129 3292 potius
1157 3177 1464 3284 constituerent,
1495 3176 1616 3290 quim

178 3292 377 3378 morbum.
432 3297 622 3376 erimine
651 3287 1616 3405 idemicismorborumhistoriis‚&alibipluribus

178 3409 221 3490 in
240 3405 372 3512 locis,
395 3405 445 3492 de
468 3323 695 3520 herpetiius
718 3402 917 3514 loquimt,
943 3428 1132 3517 tanquam
1152 3402 1203 3488 de
1221 3400 1363 3488 leviori
1382 3411 1424 3487 dt
1447 3404 1616 3518 deputa.

177 3522 314 3624 torio,
335 3521 420 3602 imo
443 3522 485 3601 dt
510 3523 653 3603 critico
677 3521 998 3604 exanthematum
1019 3523 1197 3632 genere(
1236 3521 1272 3624 ),
1296 3515 1364 3599 ubi
1386 3519 1617 3632 pronuntiat
1689 3525 1692 3530 ’

177 3623 269 3744 ipsas
290 3634 495 3744 proprium
516 3633 593 3718 elic
617 3653 662 3718 ut
683 3632 723 3718 se
769 3646 860 3736 ant',
882 3657 960 3714 nec
981 3629 1165 3716 exedant.
1190 3545 1244 3712 lit
1271 3627 1380 3714 cette
1407 3634 1500 3714 ciam
1522 3658 1615 3714 cot·

174 3772 279 3859 pora
293 3745 505 3826 exercitata
526 3743 676 3828 &sano
695 3745 737 3826 su
778 3757 869 3828 aere
883 3746 1057 3829 viventia
1068 3746 1113 3829 in
1128 3745 1262 3826 nostro
1276 3746 1396 3828 etiam
1408 3773 1492 3828 avo
1505 3742 1616 3828 hisce

177 3852 295 3940 malie
317 3857 444 3940 minin
468 3851 643 3938 obnoxia
662 3857 766 3962 sam,-
780 3852 880 3938 nihil
900 3859 1045 3942 mirum
1065 3857 1093 3942 li
1113 3853 1220 3941 Celsi
1239 3881 1357 3968 atque
1377 3854 1495 3958 Plinii
1516 3883 1616 3940 tem·

176 3965 343 4084 poribus
362 3965 422 4052 illi
440 3966 571 4052 morbi
590 3971 690 4053 inter
708 3995 837 4054 novos
856 3995 1174 4076 numerarentur,
1201 3995 1504 4081 mentagraque,
1529 3999 1618 4080 ¹que
1676 3967 1685 3986 ’“

177 4081 385 4166 evidenter
406 4110 456 4168 cx
479 4083 594 4198 ipsius
613 4081 731 4166 Plinii
747 4084 812 4189 (st)
830 4080 959 4195 verbis
981 4086 1125 4200 herpes
1143 4083 1220 4170 fuit
1238 4079 1437 4192 exedens,
1461 4079 1616 4170 Tiberii

172 4193 425 4311 ‚temporibus
446 4223 558 4282 natue
578 4196 817 4288 crederetur.
1217 4206 1230 4234 ⁸
1495 4259 1503 4268 -

224 4355 278 4423 (a)
299 4350 424 4410 marhot.
442 4352 544 4416 Medic.
558 4351 607 4416 lib.
624 4373 662 4427 ¹4
675 4362 702 4415 et
721 4369 765 4414 ιι.

222 4429 275 4512 (ὃ)
294 4431 446 4492 Pottlnetit·
465 4434 527 4496 see.
546 4453 592 4498 tr,
886 4417 900 4448 ⁶

224 4517 277 4588 (t)
297 4511 360 4571 Lib.
382 4532 434 4582 14,
451 4514 540 4585 Meda.
557 4511 662 4575 Medic.
689 4529 695 4540 ’

220 4589 280 4666 (t)
302 4591 365 4651 Lu.
389 4597 500 4676 nup.
521 4599 578 4658 aa,

223 4679 281 4747 (e)
299 4675 331 4733 ln
350 4672 501 4736 Pontum
519 4676 567 4739 lib.
583 4697 617 4749 a,
635 4697 661 4756 p·
678 4691 727 4745 79.

218 4753 262 4833 (J
302 4754 349 4814 De
368 4751 461 4818 affeci.
479 4753 523 4815 lib.
571 4749 939 4840 sedi.5,pag·85,Fm.

221 4844 261 4912 (g
302 4835 426 4916 Epidem.
445 4856 482 4915 3,
501 4834 562 4897 sed·
581 4858 609 4916 3.

221 4913 264 4994 (l
303 4915 363 4978 Lib.
383 4925 438 4992 26,
458 4937 520 5002 cap.
537 4913 584 4978 ιο.
