4228 5898
442 379 1241 490 '‘Ithouverlo.
1445 427 1450 434 '
1530 433 1619 499 'rur

174 557 470 686 'repercussione
487 562 652 650 infames
671 563 761 649 sunt
777 561 935 648 variola
944 625 958 671 ,
981 562 1181 674 morbilli',
1196 566 1367 652 miliares
1384 569 1536 678 morbi,
1551 577 1615 660 su-

177 681 255 766 dor
277 675 350 763 ille
370 673 567 792 Anglicus
592 704 660 760 aut
688 677 969 785 Morinorum,
1004 676 1124 764 febris
1150 681 1380 795 Hungarica
1392 745 1407 789 ,
1444 689 1615 800 erysipe.

178 793 259 879 lata
278 793 377 876 varii
402 792 587 904 generis,
607 819 690 900 quae
715 789 813 906 septb
835 793 960 875 cutim
982 789 1112 876 subito
1140 791 1343 902 deserunt,
1361 803 1403 878 sit
1425 825 1501 880 nec
1524 805 1614 914 opi-

179 903 365 991 nantibus
379 901 570 1007 Medicis,
586 931 710 1016 agros
729 899 1083 1006 enecanttetenim
1101 902 1214 988 nullo
1237 905 1315 992 alio
1339 911 1449 1022 signo
1467 919 1613 1024 praevio

176 1018 276 1136 saeps
290 1021 435 1103 horror
454 1013 593 1126 aliquis
606 1019 887 1124 metahaticus,
909 1016 1171 1102 desinentibus
1187 1021 1379 1106 coctionis
1396 1023 1510 1137 fignis
1520 1089 1534 1131 ,
1552 1032 1615 1110 in-

177 1137 311 1246 gruit3
326 1136 412 1215 tum
431 1131 604 1214 anxietas
612 1192 628 1238 ,
644 1127 832 1242 brevique
847 1131 1057 1216 suffocatio
1070 1131 1315 1240 vehemens,
1338 1138 1498 1244 citbque
1512 1139 1615 1226 deli-

180 1250 286 1328 rium
314 1253 358 1329 iit
389 1273 496 1328 mors
522 1245 623 1328 intra
656 1247 772 1350 unius
808 1243 957 1328 horulae
991 1244 1157 1360 spatium
1190 1245 1348 1332 scenam
1379 1247 1612 1356 absolvunt;

179 1357 398 1470 aliquandiu
423 1356 604 1462 tardus,
639 1356 706 1442 sed
727 1362 827 1442 intra
857 1359 998 1470 viginti
1029 1383 1196 1469 quatuor
1234 1361 1420 1445 horarum
1448 1364 1614 1478 spatium

178 1501 293 1556 mors
313 1467 492 1572 advolat3
511 1469 750 1582 quandoque
762 1467 944 1554 felicibus
959 1468 1167 1556 conatibus
1181 1477 1361 1570 extantis
1384 1475 1466 1559 sese
1480 1508 1614 1566 natura

177 1588 348 1670 extricat
361 1583 526 1692 insidiis,
540 1581 672 1697 vulgo
690 1581 795 1668 tunc¹
808 1582 1018 1668 nascuntur
1036 1583 1084 1668 ad
1101 1614 1213 1668 crura
1237 1584 1399 1672 dolores
1413 1617 1613 1700 enormes,

181 1701 290 1781 urina
309 1695 439 1783 exsilit
461 1693 639 1810 largior,
661 1703 704 1780 bt
729 1700 897 1810 ingentis
924 1695 1113 1782 abscesslrs
1130 1699 1236 1815 signa
1256 1699 1468 1813 apparent,
1496 1735 1614 1816 quem

182 1805 399 1893 abscessum
417 1837 476 1893 ars
493 1835 635 1892 natura
651 1813 836 1894 imitatrix
851 1807 984 1894 sedula
1002 1837 1167 1894 conatur
1181 1811 1340 1896 efficere
1354 1816 1614 1906 vesicant'ibus

182 1923 351 2006 admotis
373 1923 586 2038 emplastris
613 1955 621 2004 :
649 1920 745 2008 licst
772 1927 813 2006 in
836 1949 918 2007 arte
939 1953 1021 2008 non
1038 1923 1255 2008 inauditum
1275 1925 1321 2007 srt
1333 1986 1348 2032 ,
1372 1927 1424 2009 sic
1440 1928 1613 2018 docente

182 2035 459 2150 Hippocrate,
490 2033 539 2117 ab
566 2031 739 2122 abscessu
774 2032 951 2120 liberasse
982 2035 1082 2119 nihil
1103 2034 1182 2120 tale
1213 2037 1407 2152 sperantes
1460 2046 1613 2130 urinam

178 2146 387 2262 copiosam
412 2157 454 2234 bt
483 2147 642 2232 crassam
669 2177 753 2258 quae
784 2148 896 2234 anteit
921 2176 1005 2232 non
1029 2177 1284 2264 apparuerat,
1304 2151 1491 2239 emissam.
1517 2157 1612 2246 Jure

181 2257 405 2372 meritbque
424 2258 623 2346 calidioris
642 2262 843 2375 regiminis
862 2259 1025 2346 abusum
1047 2267 1148 2346 inter
1166 2261 1260 2346 mali
1281 2261 1384 2350 illius
1399 2269 1611 2384 praecipuas

182 2374 313 2458 causas
334 2399 543 2458 numerant
558 2373 711 2459 Medici
733 2379 988 2482 recentiores,
1005 2374 1299 2487 Sydenhamus,
1316 2379 1514 2488 Haenius,
1529 2392 1611 2470 &c

127 2581 131 2588 ¹
181 2481 239 2570 'At
278 2490 320 2569 in
353 2489 555 2576 chronicis
588 2490 687 2572 cutis
725 2485 983 2602 depuratoriia
1019 2487 1222 2575 affectibus·
1256 2494 1376 2573 rarius
1402 2494 1456 2574 esi
1481 2521 1612 2582 rerum
1739 2483 1746 2498 ’

186 2625 345 2683 eventus
368 2628 449 2684 tam
469 2598 599 2684 subitb
621 2597 801 2699 revolvi;
827 2606 870 2683 in
893 2603 1042 2713 pruritu
1064 2628 1196 2685 tamen
1208 2664 1222 2707 ,
1258 2604 1298 2684 in
1319 2604 1611 2720 erysipelatibus

182 2714 382 2796 chronicis
399 2717 612 2825 &herpete
626 2711 678 2794 stc
699 2711 805 2795 dieto
819 2708 976 2818 rrtiliari,
993 2713 1118 2822 quod,
1134 2741 1180 2798 ut
1193 2711 1286 2798 alibi
1302 2714 1486 2824 diximus,
1503 2720 1611 2806 idem

182 2828 232 2910 esi
259 2852 382 2937 atque
409 2822 613 2937 erysipelas
638 2818 982 2936 phlysioenosum,
1012 2825 1095 2908 reni
1125 2824 1535 2938 accidissenvidimus,
1568 2837 1611 2918 in

181 2937 335 3022 senibus
347 2933 765 3052 prasertim-exhaustis
778 2965 898 3050 atque
915 2935 1167 3052 epulonibus,
1182 2937 1430 3048 quibuscum
1445 2942 1611 3032 scateret

181 3055 286 3136 intits
308 3049 464 3164 sanguis
484 3047 826 3136 excrementorum
856 3053 1107 3136 incouorum
1125 3051 1340 3166 farragine,
1364 3049 1495 3140 deerat
1513 3061 1611 3174 pers-

180 3161 353 3279 pirabilis
377 3165 419 3246 in
448 3189 541 3248 cute
565 3161 687 3246 siniti
711 3161 903 3272 facultas,
935 3165 1039 3249 unds
1071 3167 1198 3248 accita
1232 3166 1281 3248 ad
1310 3165 1515 3254 cerebrum
1543 3201 1609 3257 aut

162 3277 386 3394 pulmones
407 3278 586 3380 materies
609 3276 659 3360 ad
682 3302 815 3359 cutem
838 3290 952 3361 antea
971 3277 1144 3391 deposita
1151 3341 1165 3383 ,
1181 3279 1276 3362 hinc
1292 3283 1513 3365 catarrhum
1523 3284 1610 3368 'sus-

179 3393 412 3500 iocantem,
436 3388 546 3474 illinc
566 3386 817 3506 apoplexiam
835 3390 1092 3505 producebat.
1264 3421 1268 3427 ’

230 3499 366 3590 Potest
380 3499 525 3590 tamen
544 3507 590 3587 in
616 3505 815 3616 chronicis
837 3501 987 3610 morbis
1014 3503 1245 3621 retropulsro
1269 3501 1398 3590 subitb
1429 3508 1543 3612 sieri,
1566 3515 1609 3593 bt

179 3619 500 3704 effeuusvtamen
517 3617 708 3703 ¹tardiores
734 3617 922 3718 efficeret
939 3613 976 3698 -sr
998 3613 1153 3700 scilicet
1176 3622 1217 3702 in
1241 3622 1387 3732 hepar,
1407 3622 1607 3728 intestina,

177 3739 220 3816 bt
254 3733 388 3814 minias
411 3727 582 3816 'sensilia
619 3721 765 3844 oigan'a
799 3727 995 3814 deferatur
1030 3733 1186 3815 humor.
1233 3731 1343 3814 Hinc
1364 3751 1366 3758 ’
1385 3729 1509 3842 vulb
1541 3732 1612 3818 fibi

180 3843 372 3960 plaudunt
402 3847 571 3960 primbm
604 3839 637 3924 a·¹
661 3868 861 3948 rotantes,
892 3842 1105 3954 secumque
1132 3841 1237 3928 belle
1267 3847 1331 3958 agi
1361 3761 1610 3958 pracsicant,

180 3961 272 4042 ciam
298 3953 449 4039 malum
474 3955 613 4073 suppre
642 3985 711 4040 um
734 3951 867 4038 nullos
890 3953 1019 4039 'malos
1038 3958 1199 4044 effeiius
1218 3955 1433 4075 producit,
1461 3983 1501 4040 at
1527 3959 1611 4071 pes-

177 4071 279 4154 simis
295 4069 459 4180 quidem
472 4069 616 4152 insidiis
626 4131 640 4174 ,
658 4063 748 4152 cirm
765 4066 881 4152 nullis
897 4068 936 4153 se
951 4071 1066 4182 fignis
1085 4071 1266 4184 proditor
1278 4067 1439 4151 morbus
1453 4097 1607 4184 arguat,

180 4210 392 4292 antequam
413 4182 576 4267 evaserit
605 4179 936 4267 immedicabilis:
966 4209 1169 4266 vertuntur
1193 4185 1340 4294 hepar,
1363 4177 1469 4287 lien,
1497 4211 1608 4270 renes

179 4299 220 4378 in
245 4292 477 4396 scirthum,
506 4294 734 4380 indurantur
768 4297 943 4382 intestina
973 4320 1039 4378 aut
1064 4296 1220 4392 vestca;
1251 4295 1296 4376 fit
1325 4293 1530 4409 hydrops3
1563 4301 1607 4384 sit

180 4435 356 4514 cancer,
374 4414 416 4490 bt
438 4405 562 4492 'tardis
580 4406 789 4492 conatibus
804 4407 989 4490 Medicus
1010 4408 1104 4488 hinc
1122 4407 1353 4513 vesrcantia,
1377 4407 1488 4490 illinc
1514 4441 1606 4526 ape-

178 4523 317 4607 rientia
330 4521 529 4606 admovet.
544 4521 715 4605 Memini
731 4517 830 4603 mei
844 4523 934 4602 viro
947 4517 1199 4632 Lugdunensr
1217 4519 1435 4603 adhibitum
1449 4525 1489 4605 in
1506 4553 1607 4607 con·

175 4633 305 4717 silium
317 4637 386 4748 qui
406 4637 584 4750 herpetes
598 4632 741 4748 topicis
757 4631 1056 4748 compresserat,
1075 4631 1258 4720 suadente
1275 4631 1407 4747 agyrtai
1424 4667 1435 4734 ς
1453 4633 1607 4720 nullum

174 4746 370 4834 sentiebat
385 4745 560 4853 malum,
575 4747 780 4830 sedterror
801 4744 989 4830 invaserat
1003 4749 1093 4858 quia
1108 4773 1246 4831 omnes
1265 4748 1427 4832 remedii
1444 4747 1608 4832 adhibiti

176 4865 350 4950 comites
380 4885 589 4948 voraverat
615 4887 747 4948 orcus.
771 4858 908 4976 Hepar
938 4862 1008 4976 ipsi
1035 4859 1281 4973 induruerat,
1307 4887 1348 4945 at
1369 4885 1501 4948 tamen
1522 4890 1607 4945 ma-
