4536 5882
538 369 624 480 2538·
985 359 1093 451 DE
1161 357 1525 450 MORBIS

542 538 712 617 nitorem
735 527 838 612 illitis
863 525 979 633 facit,
1004 525 1110 612 unde
1133 524 1231 612 loco
1249 524 1436 633 macula,
1459 547 1610 640 partem
1626 517 1841 608 necessarii>
1854 512 1975 602 rubor

544 653 586 731 ἃ
610 643 786 726 lichenes
811 665 1021 755 occupant.

596 757 859 838 Verrucarum
882 761 964 862 quae
984 755 1025 834 in
1047 751 1190 836 faciem
1207 750 1413 856 incidunt,
1432 775 1601 870 eamque
1618 743 1725 830 varie
1746 743 1972 856 deturpant,

544 867 684 951 eadem
723 893 858 949 natura
899 868 985 972 est,
1031 865 1139 950 idem
1174 863 1359 948 medendi
1395 861 1537 946 modus
1569 885 1687 969 atque
1723 883 1970 940 verrucarum

542 1009 628 1089 quae
649 983 691 1060 in
713 975 787 1060 alia
808 980 989 1090 corporis
1012 975 1105 1061 loca
1125 974 1380 1062 decumbunt.
1407 974 1552 1088 Figura
1575 975 1709 1070 varia,
1730 969 1835 1052 unde
1855 975 1970 1052 nomi·

464 1085 466 1092 ⁴
544 1121 639 1172 num
666 1087 891 1174 differentia
914 1121 998 1201 quae
1018 1090 1122 1204 apud
1136 1091 1311 1173 aussores
1327 1087 1572 1192 reseruntur,
1602 1093 1643 1169 δι
1667 1083 1718 1167 de
1739 1080 1879 1192 quibus
1896 1080 1970 1186 jam

446 1233 450 1240 ’
544 1199 640 1284 alibi
667 1201 754 1286 satis
782 1230 805 1286 e
834 1206 947 1288 imus.
975 1203 1031 1286 At
1055 1196 1151 1309 illae,
1177 1203 1243 1286 aut
1267 1228 1336 1316 per
1360 1198 1542 1283 accidens
1563 1198 1680 1282 faciei
1700 1195 1910 1299 accidunt,
1929 1223 1972 1280 ur

543 1315 591 1396 iis
621 1312 761 1423 quibus
792 1234 902 1399 lions
934 1313 1046 1428 galei
1076 1318 1278 1419 atteritur,
1311 1309 1452 1423 quibus
1480 1309 1614 1394 sordes
1645 1307 1766 1393 illota
1795 1312 1836 1390 in
1863 1307 1970 1392 vultu

542 1425 862 1534 accumulantur,
878 1436 918 1511 ὅ(
933 1427 1008 1510 illae
1022 1426 1145 1540 vulgi)
1154 1489 1168 1532 ,
1191 1423 1511 1530 cellante'causlt,
1528 1424 1740 1526 decidunt,
1758 1448 1826 1506 aut
1840 1420 1970 1505 saltem

542 1535 697 1622 levibus
733 1541 913 1624 remediis
942 1539 1233 1654 detergentibus
1260 1547 1302 1621 δι
1326 1537 1466 1621 leviter
1496 1539 1672 1620 causticis
1702 1534 1809 1618 illitae
1836 1535 1975 1629 consu-

544 1679 725 1758 muntur,
762 1659 815 1734 &a
837 1653 1087 1738 flaccescunt.
1110 1655 1166 1736 At
1197 1651 1280 1735 alia
1313 1653 1415 1760 quast
1451 1677 1500 1733 ex
1537 1652 1701 1763 proprio
1731 1647 1857 1730 fundo
1894 1647 1976 1729 nas-

545 1792 709 1870 cuntur,
737 1772 778 1856 ‚bt
805 1765 902 1879 sape
928 1765 1150 1850 denliffimae
1176 1765 1321 1848 faciem
1349 1765 1550 1876 occupans
1572 1761 1699 1874 vulgi)
1733 1759 1975 1870 abantiquis

545 1875 597 1958 ad
631 1905 751 1960 atram
794 1875 916 1961 bilem
946 1877 1086 1962 relata.
1137 1877 1204 1962 Ea
1235 1877 1426 1958 summam
1459 1875 1758 1960 resecationem
1799 1877 1981 1986 corporis

547 1996 588 2070 be
622 1992 836 2072 humorum
868 1987 1162 2072 immixibilium
1192 1988 1274 2072 ferd
1306 2018 1399 2072 cum
1426 1986 1525 2097 aquai
1555 1988 1763 2072 resinosam
1790 1985 1985 2070 diathesm

544 2099 732 2184 indicant.
757 2099 810 2184 Et
828 2105 869 2185 in
886 2103 967 2184 hoc
987 2101 1076 2184 casu
1093 2128 1264 2186 verruca
1291 2100 1386 2184 mali
1409 2103 1568 2184 interius
1586 2098 1741 2184 latentis
1758 2099 1987 2214 symptoma

546 2211 627 2295 dici
645 2213 823 2328 possunt,
845 2213 955 2323 quod
974 2217 1066 2296 ciun
1084 2211 1411 2320 melancholicis,
1428 2212 1636 2326 prasertim
1655 2216 1751 2298 verb
1771 2215 1987 2342 hypocon-

544 2325 686 2410 driacis
713 2325 889 2430 accidat,
914 2357 987 2440 pro
1012 2324 1287 2410 melancholiae
1312 2328 1422 2440 srgno
1446 2323 1624 2408 habitum
1642 2326 1728 2412 fuit.
1754 2325 1996 2410 Nascuntur

544 2441 663 2521 etiam
692 2437 789 2552 sape
818 2465 988 2524 verruca
1018 2441 1103 2552 post
1130 2441 1310 2553 ingentes
1340 2438 1530 2524 toleratos
1557 2439 1751 2544 ardores,
1784 2441 1827 2519 in
1861 2437 2006 2524 furnis

532 2550 750 2664 *prasertim
766 2547 996 2658 metallicis,
1014 2560 1055 2635 dt
1076 2553 1310 2637 minerarum
1322 2614 1336 2659 ‚
1362 2578 1428 2636 aut
1450 2550 1625 2635 sacchari
1645 2549 1882 2636 coeioribus
1893 2613 1913 2658 ,
1935 2579 2016 2640 aut

544 2661 637 2744 ferri
652 2661 964 2748 fabricatoribus.
993 2663 1041 2748 In
1062 2668 1145 2748 hoc
1197 2669 1289 2748 otro
1310 2666 1399 2749 casu
1420 2665 1469 2750 ad
1487 2664 1673 2748 sanandas
1693 2663 1780 2748 illas
1800 2693 2020 2752 verruca·

543 2803 632 2856 rum
657 2779 850 2862 variarum
876 2775 1051 2885 forinas,
1079 2695 1246 2862 caulllca
1274 2776 1459 2863 adhibere
1486 2776 1688 2892 piaculum
1712 2777 1857 2884 foret,
1906 2809 2022 2866 cum

545 2887 684 2972 contri
692 2949 705 2994 ,
731 2894 813 2972 tirm
833 2893 994 2977 interius
1002 2951 1017 2999 ,
1036 2896 1119 2974 ti1m
1138 2895 1307 2976 extersis
1330 2889 1575 2976 emollientia
1593 2891 1668 2974 smt
1690 2892 1828 3005 potiits
1852 2892 2028 2981 admo-

543 3001 683 3084 venda.
702 3002 896 3090 Verrucas
920 3002 1016 3088 tales
1047 3001 1215 3089 sublatas
1245 3009 1422 3089 sudores
1452 3002 1658 3110 viderunt,
1691 3003 1784 3086 clun
1821 3007 2027 3098 interius

544 3112 607 3198 lac
632 3116 819 3198 asininum
849 3114 1095 3222 adhibitum,
1121 3143 1255 3224 totam,
1275 3117 1416 3229 chyli,
1444 3118 1667 3230 sanguinis,
1696 3124 1737 3200 δι
1763 3119 2029 3216 humorum

543 3224 694 3308 molem
721 3253 955 3340 temperaret
976 3253 1093 3336 atque
1115 3229 1390 3342 refrigeraret,
1415 3233 1498 3315 titm
1529 3233 1647 3313 etiam
1675 3228 1838 3338 vultui,
1879 3247 2030 3330 nocio

544 3337 781 3452 prasertim,
819 3341 860 3421 in
894 3337 971 3448 quai
998 3342 1131 3422 omnia
1157 3340 1326 3425 relaxata
1355 3343 1494 3428 melitis
1518 3343 1678 3427 admota
1701 3340 2028 3467 imbibuntur,

542 3455 697 3565 imponi
726 3449 913 3558 jubebant
942 3451 1040 3536 offas
1067 3479 1117 3535 ex
1146 3452 1293 3537 asinino
1325 3451 1423 3538 laete
1451 3463 1492 3538 bt
1523 3454 1626 3540 mici
1657 3459 1768 3570 panis
1806 3491 2026 3578 paratas,

546 3577 710 3674 quarum
738 3569 779 3648 in
803 3562 941 3648 locum
965 3563 1030 3648 alii
1056 3567 1155 3649 ficus
1180 3568 1419 3673 exsiccatas,
1448 3576 1490 3652 δι
1518 3571 1722 3682 pinguium
1749 3579 1954 3666 nornine
1982 3589 2040 3681 in

545 3677 719 3761 officinis
744 3681 998 3790 prostantesa
1026 3704 1203 3791 ponunt,
1227 3677 1357 3764 addita
1383 3680 1650 3794 superstitione
1678 3683 1756 3790 esse
1783 3687 1871 3772 has
1909 3698 2077 3846 ficu&

543 3785 567 3870 a
586 3789 688 3878 facie
707 3816 893 3875 exeuntes
910 3709 1024 3873 cauti
1039 3793 1320 3898 removendas,
1341 3799 1382 3876 ὅ(
1398 3821 1511 3877 certae
1528 3797 1846 3883 committendas
1869 3835 2015 3917 putta

543 3901 717 3988 factioni.
753 3902 800 3986 Id
835 3901 923 3986 ante
958 3905 1092 3985 omnia
1125 3931 1277 3986 certum
1308 3907 1359 3990 est
1393 3906 1658 4018 quascumque
1686 3874 2061 4056 emolliendum?

456 4081 459 4086 .
545 4013 693 4127 species
716 4019 757 4098 in
785 4017 892 4098 hunc
915 4015 1026 4098 usum
1054 4015 1163 4130 posse
1186 4015 1521 4104 indiscriminatim
1545 4019 1733 4104 adhiberi.

602 4127 668 4209 De
700 4131 799 4212 varis
834 4128 950 4211 faciei
988 4157 1088 4238 quos
1120 4129 1278 4243 proprie
1307 4129 1395 4217 duri
1421 4131 1551 4214 Graeci
1574 4137 1635 4238 (o)
1663 4162 2010 4252 vocaverunt&

546 4241 612 4344 qui
631 4239 736 4322 idem
757 4239 843 4322 sunt
864 4265 980 4350 atque
1002 4240 1090 4332 dilue
1111 4244 1151 4322 in
1172 4239 1330 4352 reliquis
1355 4247 1534 4356 corporis
1559 4243 1750 4357 partibus,
1780 4237 1881 4334 inde
1900 4257 2002 4358 ὡς·

544 4347 652 4454 diei,
663 4376 705 4436 ut
718 4349 803 4454 vult
819 4350 993 4438 Galenus
1004 4415 1017 4459 ,
1036 4355 1144 4465 quod
1156 4383 1236 4436 non
1248 4359 1443 4468 pruriant,
1463 4355 1560 4438 nihil
1574 4357 1738 4471 ampliirs
1752 4360 1992 4468 addendum

543 4455 733 4548 habemus
758 4461 835 4570 jam
859 4464 951 4548 alibi
975 4465 1164 4580 prolatis,
1188 4476 1283 4551 chm
1307 4467 1445 4553 eadem
1473 4471 1519 4552 stt
1540 4469 1724 4554 medendi
1750 4479 2005 4586 methodus,

544 4571 589 4654 Si
608 4573 827 4660 mediocres
847 4580 941 4684 smt,
964 4588 1005 4661 dt
1027 4579 1078 4663 de
1096 4581 1396 4665 inflammatoris
1417 4583 1571 4694 origine
1591 4584 1713 4666 statim
1734 4587 1974 4688 remiserint

544 4711 743 4772 mutamur
763 4691 801 4770 in
819 4719 963 4776 novam
981 4718 1183 4799 naturam,
1199 4723 1398 4780 naevorum
1418 4721 1566 4784 nomen
1585 4703 1626 4780 &
1647 4695 1831 4784 colorem
1844 4674 2024 4806 fusco’.

584 4851 639 4925 (a)
660 4849 772 4923 A‘e'tius,
791 4850 838 4912 lib.
857 4873 893 4924 4,
910 4855 1003 4919 tetrab.
1021 4879 1051 4931 2,
1068 4877 1127 4938 cap.
1146 4875 1155 4916 r
1162 4877 1190 4935 3.

2171 1678 2177 1751 i

2173 1824 2186 1943 l

2176 1996 2196 2133 l

2187 2172 2207 2307 l
