4136 5892
456 417 512 510 7‘0
715 398 812 486 oa
872 393 1173 486 nonars
1230 391 1627 491 curantis.
1751 432 1755 440 ·

458 565 593 667 tustra,
609 561 764 667 musca,
781 560 934 676 aliaque
945 558 1167 668 hujusmodi
1182 561 1431 672 animalcula,
1446 571 1653 681 pruritum,
1668 563 1885 674 vefieulas,

458 674 624 794 pustulas
640 737 652 780 ,
675 679 759 758 imo
774 673 985 786 aliquandi>
1004 681 1046 760 δε
1060 673 1250 761 abscellus
1276 681 1546 785 concitantia,
1566 681 1591 761 sr
1608 681 1817 765 tradentur
1831 683 1885 762 in·

458 789 595 894 cauti,
617 787 685 872 sed
708 793 842 872 omnia
864 790 946 869 haec
969 789 1169 872 morsitum
1184 816 1328 900 genera
1346 793 1536 904 pruritum
1551 795 1724 875 excitant
1746 787 1887 875 intole-

459 902 625 990 randum
641 900 819 1010 curisque
835 897 1016 984 ardorem
1030 962 1045 1006 ,
1070 909 1112 984 bt
1125 901 1295 1008 somno,
1315 910 1356 985 dt
1371 905 1494 1012 quieti
1507 903 1713 986 infensum.

534 1014 716 1099 Alterum
735 1040 858 1126 genus
889 1011 1128 1096 insectorum
1175 1039 1318 1094 uorum
1339 1012 1530 1126 pluraque
1557 1013 1657 1098 alata
1683 1040 1766 1096 non
1796 1011 1885 1098 sunt

458 1124 666 1240 complent
691 1124 877 1228 cimices,
897 1123 1075 1236 pulices,
1095 1153 1124 1240 p.
1174 1123 1372 1208 'culorum
1394 1125 1542 1241 species
1567 1155 1650 1211 non
1676 1157 1753 1209 una
1760 1154 1886 1234 ,quo-

458 1271 547 1324 rum
561 1238 681 1323 altera
700 1240 888 1342 minima,
909 1262 997 1320 utut
1011 1241 1202 1352 pruritum
1216 1240 1421 1342 concitet,
1439 1237 1566 1321 visum
1584 1265 1715 1322 tamen
1731 1235 1883 1344 eludit,

456 1351 577 1437 altera
598 1351 785 1463 inguina,
804 1358 846 1433 ὃ(
892 1375 991 1433 artes
1006 1347 1195 1462 genitales
1217 1350 1391 1455 affeeiat,
1407 1353 1521 1434 tertia
1542 1352 1701 1433 cralsror
1722 1349 1886 1459 ovisque

455 1464 521 1549 vel
543 1466 629 1578 ipsis
656 1461 707 1545 de
734 1379 983 1546 rehendenda
1017 1459 1238 1573 capillatam
1276 1465 1377 1544 cutis
1398 1485 1548 1575 partem
1580 1461 1808 1576 &pilosam
1833 1465 1887 1545 in·

458 1577 595 1682 vadit,
627 1491 740 1658 foedb
765 1572 1012 1658 intoleranda
1045 1577 1208 1688 pruritu.
1244 1573 1318 1656 Hae
1352 1601 1492 1656 omnes
1516 1574 1664 1687 species
1693 1579 1887 1687 pruritum

458 1687 611 1774 faciunt
621 1751 636 1794 ,
665 1687 826 1769 somnos
841 1711 1042 1792 avertunt,
1059 1693 1099 1769 ὃ(
1121 1687 1318 1798 spurcitiei
1334 1715 1380 1768 ac
1397 1684 1574 1769 sordibus
1592 1715 1751 1801 poenam
1765 1691 1888 1802 impo-

457 1830 581 1907 nunt,
611 1802 678 1883 vix
697 1825 829 1882 tamen
849 1797 1080 1884 ulteriorem
1100 1803 1152 1881 im
1183 1802 1328 1880 rimunr
1345 1827 1505 1881 noxam.

511 1917 567 1997 Ar
593 1913 647 1994 ita
676 1914 883 1994 constituta
915 1914 1037 2018 sunt,
1071 1938 1114 1994 ur
1136 1829 1282 2021 aliquas
1314 1909 1550 1995 differentias
1583 1909 1631 1992 ab
1660 1909 1817 1996 animali
1845 1915 1886 1996 in

456 2026 567 2138 quod
580 2024 746 2108 insident
768 2022 836 2104 srbi
856 2024 1020 2108 sumant.
1046 2024 1127 2107 Sua
1151 2026 1277 2108 cuivis
1302 2021 1529 2106 animalium
1551 2023 1696 2136 speciei
1716 2028 1810 2109 inest
1824 2053 1889 2138 pe·

457 2137 683 2224 diculorum
697 2161 833 2219 natura
858 2136 941 2221 fido
958 2164 1109 2251 arrepta
1133 2134 1331 2220 microsco
1361 2139 1426 2236 io;
1450 2135 1698 2219 incommodi
1718 2165 1887 2242 omnes,

458 2277 499 2334 at
514 2249 668 2334 nullum
688 2247 809 2331 alium
855 2249 1091 2334 roducentes
1109 2246 1308 2332 morbum.
1320 2167 1485 2331 semma
1508 2249 1561 2330 est
1580 2255 1725 2330 &toro
1742 2275 1889 2360 genere

456 2371 480 2447 a
501 2359 695 2479 prioribus
711 2361 800 2444 dive
837 2362 1109 2446 ainseuorum
1122 2361 1271 2474 species
1286 2390 1370 2470 quae
1391 2363 1433 2442 in
1452 2357 1535 2472 ipsi
1550 2385 1642 2442 cute
1662 2361 1888 2466 nascuntur,

459 2485 503 2560 bc
538 2475 594 2560 ibi
624 2477 718 2574 ovis¹
736 2477 778 2556 in
810 2479 1018 2587 mucagine
1043 2473 1120 2585 qui
1145 2475 1266 2558 scatet
1294 2471 1541 2584 epidermis,
1576 2480 1618 2555 δι
1644 2474 1745 2553 inter
1773 2473 1890 2585 ipsius

458 2585 635 2674 lamellas
661 2586 846 2700 depositis
870 2589 974 2696 quast
1002 2591 1044 2670 in
1074 2590 1235 2701 proprio
1261 2585 1386 2667 fundo
1413 2581 1690 2668 excluduntur.
1715 2581 1888 2667 Primam

461 2709 505 2784 bc
528 2704 763 2816 praecipuam
782 2698 953 2813 speciem
980 2701 1221 2781 constituunt
1238 2699 1306 2811 ipsr
1332 2694 1533 2811 pediculi,
1568 2698 1635 2804 qui
1660 2724 1752 2779 cum
1769 2694 1892 2780 icor·

460 2814 621 2929 poribus
648 2815 882 2926 incorpora
910 2811 1130 2914 transeant,
1167 2813 1208 2892 in
1241 2813 1254 2891 i
1282 2812 1328 2893 srs
1360 2807 1777 2892 etiam-innascunntr.
1803 2807 1893 2894 Alii

461 2928 566 3036 quast
595 2923 766 3008 fertilem
791 2926 893 3004 naiii
925 2926 1011 3006 ovis
1038 2841 1296 3006 excludends
1332 2949 1518 3035 campum
1545 2913 1702 3004 aliunde
1735 2925 1890 3036 accepti

460 3034 784 3149 multiplicantur.
812 3033 868 3117 At
892 3029 1007 3116 multi
1031 3034 1120 3120 sunt
1150 3037 1218 3144 qui
1247 3035 1352 3143 quast
1376 3031 1424 3116 ab
1448 3031 1600 3116 interni
1622 3031 1816 3145 sanguinis
1847 3041 1890 3118 dt

462 3147 545 3261 lym
575 3151 630 3230 hae
661 3145 915 3259 dispositione
942 3149 1127 3232 oriantur.
1155 3145 1267 3260 Sarpi
1290 3145 1424 3230 videas
1453 3169 1625 3260 pueros,
1655 3143 1787 3229 cultos
1816 3175 1891 3228 ma·

463 3179 572 3346 ximb
589 3269 630 3344 ὅ(
652 3255 804 3341 isoedo
827 3262 1015 3371 contagio
1041 3261 1208 3342 onminb
1231 3253 1379 3342 dillitos
1390 3319 1405 3363 ,
1419 3281 1536 3370 ‘quos
1550 3255 1646 3370 sape
1661 3254 1891 3371 languentes

461 3373 575 3460 illicb
598 3367 831 3487 pedicularis
857 3369 942 3456 lues
958 3371 1119 3455 infestat.
1135 3371 1281 3455 Iteranr
1298 3399 1411 3456 curas
1430 3377 1472 3454 δι
1495 3366 1802 3454 sollicitudinem
1826 3399 1892 3453 nu·

462 3491 608 3586 trices3
629 3481 777 3568 interei
825 3484 981 3568 raliatur
995 3480 1080 3568 lues
1094 3547 1108 3590 ,
1139 3484 1270 3568 donec
1285 3482 1390 3567 belli
1405 3510 1458 3566 co
1506 3507 1576 3566 ore
1590 3509 1758 3597 purgato
1771 3510 1890 3592 arque

464 3599 682 3702 roborato,
711 3515 824 3680 illud
840 3597 991 3678 insausli
1017 3596 1196 3680 deserant
1231 3596 1417 3710 hospites.
1453 3511 1583 3704 guod
1613 3597 1753 3678 vitium
1782 3597 1888 3680 slavo

464 3743 512 3798 ca
541 3708 701 3795 illorum
726 3693 957 3793 &candeo
984 3709 1092 3794 iridis
1116 3705 1271 3824 pupilla
1289 3707 1431 3791 colore
1452 3707 1620 3791 donatos
1644 3707 1814 3792 maxime
1839 3711 1893 3790 in·

465 3743 599 3924 sellam
618 3850 665 3906 ea
678 3820 839 3932 quidem
856 3820 1132 3938 pediculorum
1153 3825 1270 3935 copia
1283 3818 1499 3927 exuberat,
1519 3847 1565 3904 ut
1581 3817 1672 3904 inde
1689 3817 1892 3906 macilenti

465 3941 562 4024 liant
585 3935 751 4020 infantes
772 3939 814 4016 u
834 3935 984 4072 pruritu
999 3959 1256 4044 torqueantur
1269 3935 1437 4016 enormi.

523 4049 570 4132 In
594 4073 739 4163 genere
763 4073 861 4132 vero
878 4049 1019 4130 vitium
1046 4045 1145 4130 illud
1168 4045 1350 4160 spissioris
1373 4071 1491 4156 atque
1511 4043 1703 4130 crudioris
1725 4043 1894 4160 lympha

469 4161 518 4244 de
549 4190 631 4270 quo
652 4157 729 4262 jam
751 4161 821 4244 suo
845 4162 998 4274 egimus
1018 4155 1185 4242 articulo
1215 4156 1371 4242 videtur
1404 4161 1497 4241 huic
1518 4155 1624 4240 malo
1645 4158 1772 4240 ansam
1789 4187 1895 4352 pra-

466 4271 573 4356 bere.
601 4271 716 4352 Unde
743 4299 958 4385 quoscute
978 4275 1109 4377 tenui,
1132 4267 1286 4377 albida,
1314 4269 1536 4381 laxiorique
1552 4269 1696 4354 videris
1712 4299 1785 4385 pra
1815 4272 1894 4353 iros

467 4387 544 4470 bos
567 4379 760 4498 pediculis
782 4381 982 4468 obnoxios
1006 4384 1084 4469 elie
1104 4385 1183 4468 srne
1207 4387 1349 4468 erroris
1370 4409 1477 4468 metu
1497 4379 1756 4488 judicaverim
1783 4383 1896 4494 quod

469 4499 610 4582 virium
639 4500 732 4578 ciam
751 4495 882 4609 potitis
900 4495 950 4576 ad
977 4496 1125 4608 puellas
1205 4501 1372 4603 mineat,
1402 4491 1518 4606 quim
1547 4494 1794 4610 adprimus,
1825 4497 1895 4580 has

470 4605 599 4693 multo
621 4605 708 4722 plus
726 4611 844 4690 etiam
866 4605 1143 4802 pedicularila
1172 4611 1282 4694 iesse
1302 4637 1409 4724 aptas
1425 4606 1647 4692 observatio
1670 4611 1895 4694 confirmat.

472 4719 639 4810 Scilicet
652 4719 861 4834 epidermis
891 4717 1036 4832 ympbi
1048 4721 1170 4807 scatet
1188 4719 1377 4828 mucosa,
1398 4715 1474 4831 qui
1492 4717 1598 4804 nulla
1615 4719 1689 4806 alia
1712 4721 1896 4808 conditio

369 4881 385 4892 ·
473 4863 612 4924 eorum
635 4835 721 4918 ovis
739 4829 999 4918 excludendis
1018 4837 1142 4948 magis
1158 4835 1275 4920 iavet.
