<?xml version="1.0" encoding="UTF-8"?>
<!DOCTYPE html PUBLIC "-//W3C//DTD XHTML 1.0 Transitional//EN"
    "http://www.w3.org/TR/xhtml1/DTD/xhtml1-transitional.dtd">
<html xmlns="http://www.w3.org/1999/xhtml" xml:lang="en" lang="en">
 <head>
  <title>
</title>
<meta http-equiv="Content-Type" content="text/html;charset=utf-8" />
  <meta name='ocr-system' content='tesseract 3.04.00' />
  <meta name='ocr-capabilities' content='ocr_page ocr_carea ocr_par ocr_line ocrx_word'/>
</head>
<body>
  <div class='ocr_page' id='page_1' title='image "./tractatusdemorb00cavegoog_0365.png"; bbox 0 0 4188 5916; ppageno 0'>
   <div class='ocr_carea' id='block_1_1' title="bbox 406 335 1454 500">
    <p class='ocr_par' dir='ltr' id='par_1_1' title="bbox 406 335 1454 500">
     <span class='ocr_line' id='line_1_1' title="bbox 406 335 1454 500; baseline -0.009 -20"><span class='ocrx_word' id='word_1_1' title='bbox 406 419 556 500; x_wconf 76' lang='lat'>‚342</span> <span class='ocrx_word' id='word_1_2' title='bbox 902 371 1018 472; x_wconf 78' lang='lat' dir='ltr'>oa</span> <span class='ocrx_word' id='word_1_3' title='bbox 1088 335 1454 472; x_wconf 73' lang='lat' dir='ltr'>ironars</span> 
     </span>
    </p>
   </div>
   <div class='ocr_carea' id='block_1_2' title="bbox 475 537 2081 2582">
    <p class='ocr_par' dir='ltr' id='par_1_2' title="bbox 475 537 2081 2582">
     <span class='ocr_line' id='line_1_2' title="bbox 478 537 1908 666; baseline -0.004 -26"><span class='ocrx_word' id='word_1_4' title='bbox 478 557 636 662; x_wconf 86' lang='lat' dir='ltr'>durior,</span> <span class='ocrx_word' id='word_1_5' title='bbox 665 558 708 638; x_wconf 79' lang='lat' dir='ltr'>bt</span> <span class='ocrx_word' id='word_1_6' title='bbox 726 545 946 666; x_wconf 89' lang='lat' dir='ltr'>periculum</span> <span class='ocrx_word' id='word_1_7' title='bbox 968 547 1251 664; x_wconf 89' lang='lat' dir='ltr'>suppurationis</span> <span class='ocrx_word' id='word_1_8' title='bbox 1275 537 1485 634; x_wconf 90' lang='lat' dir='ltr'>inducatur</span> <span class='ocrx_word' id='word_1_9' title='bbox 1503 543 1667 653; x_wconf 90' lang='lat' dir='ltr'>saltem,</span> <span class='ocrx_word' id='word_1_10' title='bbox 1694 547 1804 658; x_wconf 89' lang='lat' dir='ltr'>quod</span> <span class='ocrx_word' id='word_1_11' title='bbox 1824 575 1908 636; x_wconf 86' lang='lat' dir='ltr'>non</span> 
     </span>
     <span class='ocr_line' id='line_1_3' title="bbox 478 659 2079 774; baseline -0.003 -22"><span class='ocrx_word' id='word_1_12' title='bbox 478 665 602 754; x_wconf 90' lang='lat' dir='ltr'>semel</span> <span class='ocrx_word' id='word_1_13' title='bbox 629 665 724 749; x_wconf 90' lang='lat' dir='ltr'>vidi.</span> <span class='ocrx_word' id='word_1_14' title='bbox 758 665 814 746; x_wconf 90' lang='lat' dir='ltr'>At</span> <span class='ocrx_word' id='word_1_15' title='bbox 844 660 965 746; x_wconf 91' lang='lat' dir='ltr'>dolor</span> <span class='ocrx_word' id='word_1_16' title='bbox 996 665 1231 774; x_wconf 87' lang='lat' dir='ltr'>&amp;pruritus</span> <span class='ocrx_word' id='word_1_17' title='bbox 1257 689 1340 746; x_wconf 91' lang='lat' dir='ltr'>non</span> <span class='ocrx_word' id='word_1_18' title='bbox 1371 659 1627 744; x_wconf 83' lang='lat' dir='ltr'>mediocriter</span> <span class='ocrx_word' id='word_1_19' title='bbox 1653 663 1907 764; x_wconf 87' lang='lat' dir='ltr'>increscunt;</span> <span class='ocrx_word' id='word_1_20' title='bbox 2078 665 2079 688; x_wconf 58' lang='lat'>¹</span> 
     </span>
     <span class='ocr_line' id='line_1_4' title="bbox 479 770 1909 887; baseline -0.003 -20"><span class='ocrx_word' id='word_1_21' title='bbox 479 783 792 886; x_wconf 88' lang='lat' dir='ltr'>detestanturque</span> <span class='ocrx_word' id='word_1_22' title='bbox 824 770 934 858; x_wconf 89' lang='lat' dir='ltr'>brevi</span> <span class='ocrx_word' id='word_1_23' title='bbox 964 799 1194 887; x_wconf 83' lang='lat' dir='ltr'>aegrotantes</span> <span class='ocrx_word' id='word_1_24' title='bbox 1229 773 1340 884; x_wconf 88' lang='lat' dir='ltr'>quod</span> <span class='ocrx_word' id='word_1_25' title='bbox 1377 771 1561 856; x_wconf 89' lang='lat' dir='ltr'>omnibus</span> <span class='ocrx_word' id='word_1_26' title='bbox 1591 774 1697 856; x_wconf 89' lang='lat' dir='ltr'>votis</span> <span class='ocrx_word' id='word_1_27' title='bbox 1729 777 1909 864; x_wconf 86' lang='lat' dir='ltr'>ardenter</span> 
     </span>
     <span class='ocr_line' id='line_1_5' title="bbox 480 881 1908 1008; baseline -0.002 -29"><span class='ocrx_word' id='word_1_28' title='bbox 480 887 734 1008; x_wconf 84' lang='lat' dir='ltr'>exoptabant.</span> <span class='ocrx_word' id='word_1_29' title='bbox 753 887 800 970; x_wconf 95' lang='lat' dir='ltr'>Id</span> <span class='ocrx_word' id='word_1_30' title='bbox 815 884 950 970; x_wconf 87' lang='lat' dir='ltr'>saltem</span> <span class='ocrx_word' id='word_1_31' title='bbox 965 890 1007 970; x_wconf 92' lang='lat' dir='ltr'>in</span> <span class='ocrx_word' id='word_1_32' title='bbox 1023 884 1268 1000; x_wconf 89' lang='lat' dir='ltr'>gravioribus</span> <span class='ocrx_word' id='word_1_33' title='bbox 1283 885 1450 992; x_wconf 88' lang='lat' dir='ltr'>accidit,</span> <span class='ocrx_word' id='word_1_34' title='bbox 1465 916 1556 970; x_wconf 89' lang='lat' dir='ltr'>nam</span> <span class='ocrx_word' id='word_1_35' title='bbox 1573 881 1811 996; x_wconf 83' lang='lat' dir='ltr'>levioribus,</span> <span class='ocrx_word' id='word_1_36' title='bbox 1831 916 1908 976; x_wconf 86' lang='lat' dir='ltr'>nec</span> 
     </span>
     <span class='ocr_line' id='line_1_6' title="bbox 478 996 1906 1114; baseline -0.003 -23"><span class='ocrx_word' id='word_1_37' title='bbox 478 1005 730 1092; x_wconf 86' lang='lat' dir='ltr'>inflammatis</span> <span class='ocrx_word' id='word_1_38' title='bbox 756 1003 892 1114; x_wconf 89' lang='lat' dir='ltr'>topica</span> <span class='ocrx_word' id='word_1_39' title='bbox 906 998 1048 1084; x_wconf 77' lang='lat' dir='ltr'>melius</span> <span class='ocrx_word' id='word_1_40' title='bbox 1062 999 1196 1109; x_wconf 89' lang='lat' dir='ltr'>quoad</span> <span class='ocrx_word' id='word_1_41' title='bbox 1211 997 1381 1084; x_wconf 86' lang='lat' dir='ltr'>subitum</span> <span class='ocrx_word' id='word_1_42' title='bbox 1396 999 1581 1084; x_wconf 64' lang='lat' dir='ltr'>effebum</span> <span class='ocrx_word' id='word_1_43' title='bbox 1596 996 1842 1086; x_wconf 87' lang='lat' dir='ltr'>succedunt:</span> <span class='ocrx_word' id='word_1_44' title='bbox 1864 1008 1906 1088; x_wconf 85' lang='lat' dir='ltr'>in</span> 
     </span>
     <span class='ocr_line' id='line_1_7' title="bbox 509 1109 1909 1226; baseline -0.003 -20"><span class='ocrx_word' id='word_1_45' title='bbox 509 1118 693 1206; x_wconf 90' lang='lat' dir='ltr'>eriodicis</span> <span class='ocrx_word' id='word_1_46' title='bbox 708 1115 854 1219; x_wconf 89' lang='lat' dir='ltr'>etiam,</span> <span class='ocrx_word' id='word_1_47' title='bbox 872 1120 967 1196; x_wconf 84' lang='lat' dir='ltr'>cbm</span> <span class='ocrx_word' id='word_1_48' title='bbox 981 1111 1060 1220; x_wconf 85' lang='lat' dir='ltr'>jam</span> <span class='ocrx_word' id='word_1_49' title='bbox 1070 1111 1319 1196; x_wconf 87' lang='lat' dir='ltr'>efflorescere</span> <span class='ocrx_word' id='word_1_50' title='bbox 1330 1109 1590 1226; x_wconf 89' lang='lat' dir='ltr'>incipiebant,</span> <span class='ocrx_word' id='word_1_51' title='bbox 1605 1110 1688 1196; x_wconf 91' lang='lat' dir='ltr'>vidi</span> <span class='ocrx_word' id='word_1_52' title='bbox 1700 1113 1909 1202; x_wconf 82' lang='lat' dir='ltr'>hominem</span> 
     </span>
     <span class='ocr_line' id='line_1_8' title="bbox 477 1151 2080 1347; baseline -0.001 -32"><span class='ocrx_word' id='word_1_53' title='bbox 477 1151 552 1347; x_wconf 63' lang='lat' dir='ltr'>lup</span> <span class='ocrx_word' id='word_1_54' title='bbox 581 1227 699 1314; x_wconf 86' lang='lat' dir='ltr'>rellos</span> <span class='ocrx_word' id='word_1_55' title='bbox 717 1254 786 1339; x_wconf 90' lang='lat' dir='ltr'>per</span> <span class='ocrx_word' id='word_1_56' title='bbox 802 1225 987 1310; x_wconf 88' lang='lat' dir='ltr'>saturnini</span> <span class='ocrx_word' id='word_1_57' title='bbox 1010 1225 1195 1310; x_wconf 59' lang='lat' dir='ltr'>effessum</span> <span class='ocrx_word' id='word_1_58' title='bbox 1220 1225 1400 1338; x_wconf 88' lang='lat' dir='ltr'>herpetes</span> <span class='ocrx_word' id='word_1_59' title='bbox 1418 1222 1551 1340; x_wconf 85' lang='lat' dir='ltr'>longis</span> <span class='ocrx_word' id='word_1_60' title='bbox 1572 1243 1693 1335; x_wconf 79' lang='lat' dir='ltr'>atque</span> <span class='ocrx_word' id='word_1_61' title='bbox 1705 1228 1907 1314; x_wconf 74' lang='lat' dir='ltr'>atrocibus</span> <span class='ocrx_word' id='word_1_62' title='bbox 2079 1313 2080 1334; x_wconf 21' lang='grc' dir='ltr'><strong><em>Ν</em></strong></span> 
     </span>
     <span class='ocr_line' id='line_1_9' title="bbox 475 1263 1374 1451; baseline -0.008 -22"><span class='ocrx_word' id='word_1_63' title='bbox 475 1263 594 1429; x_wconf 81' lang='lat' dir='ltr'>malis</span> <span class='ocrx_word' id='word_1_64' title='bbox 618 1337 830 1426; x_wconf 86' lang='lat' dir='ltr'>ventriculi</span> <span class='ocrx_word' id='word_1_65' title='bbox 853 1365 971 1451; x_wconf 88' lang='lat' dir='ltr'>atque</span> <span class='ocrx_word' id='word_1_66' title='bbox 995 1340 1145 1451; x_wconf 89' lang='lat' dir='ltr'>hepatis</span> <span class='ocrx_word' id='word_1_67' title='bbox 1169 1337 1374 1423; x_wconf 86' lang='lat' dir='ltr'>redimere.</span> 
     </span>
     <span class='ocr_line' id='line_1_10' title="bbox 532 1448 1910 1567; baseline -0.004 -26"><span class='ocrx_word' id='word_1_68' title='bbox 532 1452 731 1541; x_wconf 88' lang='lat' dir='ltr'>Nullusne</span> <span class='ocrx_word' id='word_1_69' title='bbox 747 1480 845 1565; x_wconf 91' lang='lat' dir='ltr'>ergo</span> <span class='ocrx_word' id='word_1_70' title='bbox 866 1455 1011 1567; x_wconf 90' lang='lat' dir='ltr'>topicis</span> <span class='ocrx_word' id='word_1_71' title='bbox 1029 1450 1146 1536; x_wconf 91' lang='lat' dir='ltr'>locus</span> <span class='ocrx_word' id='word_1_72' title='bbox 1166 1451 1278 1536; x_wconf 89' lang='lat' dir='ltr'>datur</span> <span class='ocrx_word' id='word_1_73' title='bbox 1297 1454 1338 1534; x_wconf 91' lang='lat' dir='ltr'>in</span> <span class='ocrx_word' id='word_1_74' title='bbox 1359 1448 1614 1565; x_wconf 76' lang='lat' dir='ltr'>herpetibusi</span> <span class='ocrx_word' id='word_1_75' title='bbox 1636 1452 1759 1538; x_wconf 66' lang='lat' dir='ltr'>Certe</span> <span class='ocrx_word' id='word_1_76' title='bbox 1785 1449 1910 1564; x_wconf 73' lang='lat' dir='ltr'>longe</span> 
     </span>
     <span class='ocr_line' id='line_1_11' title="bbox 479 1562 1911 1677; baseline -0.003 -23"><span class='ocrx_word' id='word_1_77' title='bbox 479 1568 599 1654; x_wconf 84' lang='lat' dir='ltr'>allam</span> <span class='ocrx_word' id='word_1_78' title='bbox 626 1562 927 1653; x_wconf 78' lang='lat' dir='ltr'>conclusionem</span> <span class='ocrx_word' id='word_1_79' title='bbox 954 1563 1047 1649; x_wconf 70' lang='lat' dir='ltr'>inde</span> <span class='ocrx_word' id='word_1_80' title='bbox 1076 1563 1300 1670; x_wconf 84' lang='lat' dir='ltr'>eduxerim,</span> <span class='ocrx_word' id='word_1_81' title='bbox 1329 1563 1395 1646; x_wconf 87' lang='lat' dir='ltr'>sed</span> <span class='ocrx_word' id='word_1_82' title='bbox 1425 1563 1635 1677; x_wconf 86' lang='lat' dir='ltr'>prudenter</span> <span class='ocrx_word' id='word_1_83' title='bbox 1657 1573 1700 1650; x_wconf 76' lang='lat' dir='ltr'>dr</span> <span class='ocrx_word' id='word_1_84' title='bbox 1722 1563 1839 1651; x_wconf 69' lang='lat' dir='ltr'>caute</span> <span class='ocrx_word' id='word_1_85' title='bbox 1864 1593 1911 1650; x_wconf 86' lang='lat' dir='ltr'>ea</span> 
     </span>
     <span class='ocr_line' id='line_1_12' title="bbox 481 1674 1910 1788; baseline -0.003 -22"><span class='ocrx_word' id='word_1_86' title='bbox 481 1679 704 1766; x_wconf 86' lang='lat' dir='ltr'>adhibenda</span> <span class='ocrx_word' id='word_1_87' title='bbox 715 1678 816 1784; x_wconf 91' lang='lat' dir='ltr'>sunt,</span> <span class='ocrx_word' id='word_1_88' title='bbox 829 1680 984 1788; x_wconf 87' lang='lat' dir='ltr'>quoties</span> <span class='ocrx_word' id='word_1_89' title='bbox 998 1701 1218 1762; x_wconf 86' lang='lat' dir='ltr'>extremum</span> <span class='ocrx_word' id='word_1_90' title='bbox 1233 1674 1381 1760; x_wconf 89' lang='lat' dir='ltr'>malum</span> <span class='ocrx_word' id='word_1_91' title='bbox 1392 1701 1567 1760; x_wconf 86' lang='lat' dir='ltr'>extrema</span> <span class='ocrx_word' id='word_1_92' title='bbox 1576 1677 1712 1764; x_wconf 85' lang='lat' dir='ltr'>suadet</span> <span class='ocrx_word' id='word_1_93' title='bbox 1724 1677 1910 1764; x_wconf 82' lang='lat' dir='ltr'>remedia.</span> 
     </span>
     <span class='ocr_line' id='line_1_13' title="bbox 539 1788 1910 1906; baseline -0.001 -28"><span class='ocrx_word' id='word_1_94' title='bbox 539 1795 609 1878; x_wconf 90' lang='lat' dir='ltr'>Sic</span> <span class='ocrx_word' id='word_1_95' title='bbox 639 1789 898 1906; x_wconf 82' lang='lat' dir='ltr'>turpissimum</span> <span class='ocrx_word' id='word_1_96' title='bbox 924 1793 977 1874; x_wconf 91' lang='lat' dir='ltr'>est</span> <span class='ocrx_word' id='word_1_97' title='bbox 1002 1788 1150 1873; x_wconf 83' lang='lat' dir='ltr'>malum</span> <span class='ocrx_word' id='word_1_98' title='bbox 1176 1789 1286 1900; x_wconf 92' lang='lat' dir='ltr'>quod</span> <span class='ocrx_word' id='word_1_99' title='bbox 1315 1789 1460 1873; x_wconf 84' lang='lat' dir='ltr'>faciem</span> <span class='ocrx_word' id='word_1_100' title='bbox 1488 1789 1722 1876; x_wconf 88' lang='lat' dir='ltr'>muliebrem</span> <span class='ocrx_word' id='word_1_101' title='bbox 1748 1791 1910 1876; x_wconf 87' lang='lat' dir='ltr'>invadit.</span> 
     </span>
     <span class='ocr_line' id='line_1_14' title="bbox 482 1897 1912 2017; baseline -0.004 -23"><span class='ocrx_word' id='word_1_102' title='bbox 482 1909 575 1994; x_wconf 89' lang='lat' dir='ltr'>Nec</span> <span class='ocrx_word' id='word_1_103' title='bbox 598 1902 696 1988; x_wconf 91' lang='lat' dir='ltr'>illud</span> <span class='ocrx_word' id='word_1_104' title='bbox 718 1928 826 1987; x_wconf 91' lang='lat' dir='ltr'>caret</span> <span class='ocrx_word' id='word_1_105' title='bbox 845 1899 1024 2017; x_wconf 90' lang='lat' dir='ltr'>periculo</span> <span class='ocrx_word' id='word_1_106' title='bbox 1048 1901 1158 2011; x_wconf 91' lang='lat' dir='ltr'>quod</span> <span class='ocrx_word' id='word_1_107' title='bbox 1180 1897 1375 2016; x_wconf 80' lang='lat' dir='ltr'>palpebris</span> <span class='ocrx_word' id='word_1_108' title='bbox 1401 1908 1444 1985; x_wconf 77' lang='lat' dir='ltr'>dt</span> <span class='ocrx_word' id='word_1_109' title='bbox 1467 1903 1510 2006; x_wconf 74' lang='lat' dir='ltr'>iq</span> <span class='ocrx_word' id='word_1_110' title='bbox 1530 1903 1676 1990; x_wconf 57' lang='lat' dir='ltr'>vicinis</span> <span class='ocrx_word' id='word_1_111' title='bbox 1699 1903 1912 1992; x_wconf 89' lang='lat' dir='ltr'>oculorum</span> 
     </span>
     <span class='ocr_line' id='line_1_15' title="bbox 483 2012 2081 2128; baseline -0.001 -24"><span class='ocrx_word' id='word_1_112' title='bbox 483 2019 618 2104; x_wconf 87' lang='lat' dir='ltr'>sedem</span> <span class='ocrx_word' id='word_1_113' title='bbox 636 2017 734 2100; x_wconf 84' lang='lat' dir='ltr'>fixit.</span> <span class='ocrx_word' id='word_1_114' title='bbox 762 2013 872 2098; x_wconf 88' lang='lat' dir='ltr'>Hinc</span> <span class='ocrx_word' id='word_1_115' title='bbox 893 2040 937 2098; x_wconf 94' lang='lat' dir='ltr'>ur</span> <span class='ocrx_word' id='word_1_116' title='bbox 957 2013 1203 2128; x_wconf 87' lang='lat' dir='ltr'>gravioribus</span> <span class='ocrx_word' id='word_1_117' title='bbox 1219 2042 1290 2128; x_wconf 89' lang='lat' dir='ltr'>per</span> <span class='ocrx_word' id='word_1_118' title='bbox 1307 2012 1459 2100; x_wconf 89' lang='lat' dir='ltr'>leviora</span> <span class='ocrx_word' id='word_1_119' title='bbox 1477 2015 1675 2102; x_wconf 88' lang='lat' dir='ltr'>medicina</span> <span class='ocrx_word' id='word_1_120' title='bbox 1690 2015 1911 2104; x_wconf 83' lang='lat' dir='ltr'>adhibenda</span> <span class='ocrx_word' id='word_1_121' title='bbox 2080 2119 2081 2128; x_wconf 40' lang='lat'>,</span> 
     </span>
     <span class='ocr_line' id='line_1_16' title="bbox 483 2124 1913 2242; baseline -0.001 -27"><span class='ocrx_word' id='word_1_122' title='bbox 483 2131 537 2216; x_wconf 85' lang='lat' dir='ltr'>est</span> <span class='ocrx_word' id='word_1_123' title='bbox 548 2192 561 2235; x_wconf 97' lang='lat'>,</span> <span class='ocrx_word' id='word_1_124' title='bbox 590 2133 644 2214; x_wconf 88' lang='lat' dir='ltr'>ita</span> <span class='ocrx_word' id='word_1_125' title='bbox 674 2157 733 2212; x_wconf 90' lang='lat' dir='ltr'>ars</span> <span class='ocrx_word' id='word_1_126' title='bbox 762 2124 873 2232; x_wconf 83' lang='lat' dir='ltr'>jubet</span> <span class='ocrx_word' id='word_1_127' title='bbox 901 2151 946 2212; x_wconf 88' lang='lat' dir='ltr'>ut</span> <span class='ocrx_word' id='word_1_128' title='bbox 973 2154 1043 2242; x_wconf 90' lang='lat' dir='ltr'>per</span> <span class='ocrx_word' id='word_1_129' title='bbox 1072 2124 1252 2216; x_wconf 76' lang='lat' dir='ltr'>latisslme</span> <span class='ocrx_word' id='word_1_130' title='bbox 1281 2152 1417 2242; x_wconf 87' lang='lat' dir='ltr'>patens</span> <span class='ocrx_word' id='word_1_131' title='bbox 1439 2131 1717 2216; x_wconf 86' lang='lat' dir='ltr'>vesrcatorium</span> <span class='ocrx_word' id='word_1_132' title='bbox 1743 2135 1913 2216; x_wconf 80' lang='lat' dir='ltr'>materia</span> 
     </span>
     <span class='ocr_line' id='line_1_17' title="bbox 485 2235 1912 2356; baseline 0.001 -30"><span class='ocrx_word' id='word_1_133' title='bbox 485 2272 605 2356; x_wconf 91' lang='lat' dir='ltr'>quam</span> <span class='ocrx_word' id='word_1_134' title='bbox 629 2237 883 2356; x_wconf 89' lang='lat' dir='ltr'>retropellere</span> <span class='ocrx_word' id='word_1_135' title='bbox 910 2235 1020 2346; x_wconf 87' lang='lat' dir='ltr'>jubet</span> <span class='ocrx_word' id='word_1_136' title='bbox 1043 2239 1248 2354; x_wconf 90' lang='lat' dir='ltr'>prudentia</span> <span class='ocrx_word' id='word_1_137' title='bbox 1270 2243 1462 2353; x_wconf 85' lang='lat' dir='ltr'>aperiatur</span> <span class='ocrx_word' id='word_1_138' title='bbox 1482 2245 1631 2348; x_wconf 87' lang='lat' dir='ltr'>exitus,</span> <span class='ocrx_word' id='word_1_139' title='bbox 1656 2273 1739 2354; x_wconf 93' lang='lat' dir='ltr'>quo</span> <span class='ocrx_word' id='word_1_140' title='bbox 1762 2244 1912 2328; x_wconf 86' lang='lat' dir='ltr'>vesrca-</span> 
     </span>
     <span class='ocr_line' id='line_1_18' title="bbox 484 2349 1910 2459; baseline -0.001 -17"><span class='ocrx_word' id='word_1_141' title='bbox 484 2359 592 2442; x_wconf 91' lang='lat' dir='ltr'>torio</span> <span class='ocrx_word' id='word_1_142' title='bbox 615 2350 773 2440; x_wconf 77' lang='lat' dir='ltr'>uberius</span> <span class='ocrx_word' id='word_1_143' title='bbox 798 2353 945 2438; x_wconf 88' lang='lat' dir='ltr'>fluente</span> <span class='ocrx_word' id='word_1_144' title='bbox 957 2413 972 2458; x_wconf 93' lang='lat'>,</span> <span class='ocrx_word' id='word_1_145' title='bbox 997 2349 1076 2459; x_wconf 81' lang='lat' dir='ltr'>jam</span> <span class='ocrx_word' id='word_1_146' title='bbox 1100 2353 1181 2438; x_wconf 84' lang='lat' dir='ltr'>stne</span> <span class='ocrx_word' id='word_1_147' title='bbox 1230 2350 1382 2437; x_wconf 87' lang='lat' dir='ltr'>eticulo</span> <span class='ocrx_word' id='word_1_148' title='bbox 1407 2353 1692 2440; x_wconf 86' lang='lat' dir='ltr'>exsrccantibus</span> <span class='ocrx_word' id='word_1_149' title='bbox 1718 2355 1910 2440; x_wconf 89' lang='lat' dir='ltr'>utendum</span> 
     </span>
     <span class='ocr_line' id='line_1_19' title="bbox 484 2381 1914 2582; baseline -0.001 -27"><span class='ocrx_word' id='word_1_150' title='bbox 484 2478 530 2555; x_wconf 76' lang='lat' dir='ltr'>bt</span> <span class='ocrx_word' id='word_1_151' title='bbox 552 2459 850 2553; x_wconf 77' lang='lat' dir='ltr'>resolventibus.</span> <span class='ocrx_word' id='word_1_152' title='bbox 880 2463 998 2548; x_wconf 89' lang='lat' dir='ltr'>Talia</span> <span class='ocrx_word' id='word_1_153' title='bbox 1021 2463 1111 2549; x_wconf 89' lang='lat' dir='ltr'>sunt</span> <span class='ocrx_word' id='word_1_154' title='bbox 1138 2381 1281 2550; x_wconf 74' lang='lat' dir='ltr'>aullbra</span> <span class='ocrx_word' id='word_1_155' title='bbox 1308 2467 1468 2578; x_wconf 85' lang='lat' dir='ltr'>styptica</span> <span class='ocrx_word' id='word_1_156' title='bbox 1492 2467 1597 2582; x_wconf 87' lang='lat' dir='ltr'>apud</span> <span class='ocrx_word' id='word_1_157' title='bbox 1619 2471 1804 2578; x_wconf 85' lang='lat' dir='ltr'>antiquos</span> <span class='ocrx_word' id='word_1_158' title='bbox 1827 2493 1914 2554; x_wconf 86' lang='lat' dir='ltr'>ran-</span> 
     </span>
    </p>
   </div>
   <div class='ocr_carea' id='block_1_3' title="bbox 482 2575 1912 2824">
    <p class='ocr_par' dir='ltr' id='par_1_3' title="bbox 482 2575 1912 2824">
     <span class='ocr_line' id='line_1_20' title="bbox 483 2575 1912 2774; baseline 0.001 -108"><span class='ocrx_word' id='word_1_159' title='bbox 483 2579 624 2697; x_wconf 75' lang='lat' dir='ltr'>toperb</span> <span class='ocrx_word' id='word_1_160' title='bbox 656 2579 963 2685; x_wconf 86' lang='lat' dir='ltr'>commendata,</span> <span class='ocrx_word' id='word_1_161' title='bbox 1005 2602 1073 2661; x_wconf 87' lang='lat' dir='ltr'>aut</span> <span class='ocrx_word' id='word_1_162' title='bbox 1101 2577 1335 2684; x_wconf 85' lang='lat' dir='ltr'>vitriolica‚</span> <span class='ocrx_word' id='word_1_163' title='bbox 1375 2575 1582 2774; x_wconf 71' lang='lat' dir='ltr'>sulphurea</span> <span class='ocrx_word' id='word_1_164' title='bbox 1615 2577 1912 2692; x_wconf 91' lang='lat' dir='ltr'>aluminosaque</span> 
     </span>
     <span class='ocr_line' id='line_1_21' title="bbox 482 2687 1911 2824; baseline 0 -46"><span class='ocrx_word' id='word_1_165' title='bbox 482 2693 640 2780; x_wconf 89' lang='lat' dir='ltr'>laudata</span> <span class='ocrx_word' id='word_1_166' title='bbox 662 2689 684 2776; x_wconf 77' lang='grc' dir='ltr'>ὲ</span> <span class='ocrx_word' id='word_1_167' title='bbox 704 2691 891 2777; x_wconf 90' lang='lat' dir='ltr'>Tumero</span> <span class='ocrx_word' id='word_1_168' title='bbox 903 2753 918 2798; x_wconf 92' lang='lat'>,</span> <span class='ocrx_word' id='word_1_169' title='bbox 937 2687 1004 2776; x_wconf 88' lang='lat' dir='ltr'>vel</span> <span class='ocrx_word' id='word_1_170' title='bbox 1022 2689 1182 2784; x_wconf 77' lang='lat' dir='ltr'>demum</span> <span class='ocrx_word' id='word_1_171' title='bbox 1205 2691 1402 2824; x_wconf 77' lang='lat' dir='ltr'>saturnina</span> <span class='ocrx_word' id='word_1_172' title='bbox 1439 2692 1603 2807; x_wconf 91' lang='lat' dir='ltr'>pecioso</span> <span class='ocrx_word' id='word_1_173' title='bbox 1626 2691 1911 2780; x_wconf 89' lang='lat' dir='ltr'>resolventium</span> 
     </span>
    </p>
   </div>
   <div class='ocr_carea' id='block_1_4' title="bbox 484 2800 1915 4952">
    <p class='ocr_par' dir='ltr' id='par_1_4' title="bbox 484 2800 1697 2911">
     <span class='ocr_line' id='line_1_22' title="bbox 484 2800 1697 2911; baseline -0.003 -17"><span class='ocrx_word' id='word_1_174' title='bbox 484 2804 603 2894; x_wconf 91' lang='lat' dir='ltr'>titulo</span> <span class='ocrx_word' id='word_1_175' title='bbox 624 2806 791 2911; x_wconf 88' lang='lat' dir='ltr'>donata,</span> <span class='ocrx_word' id='word_1_176' title='bbox 814 2829 860 2890; x_wconf 92' lang='lat' dir='ltr'>ut</span> <span class='ocrx_word' id='word_1_177' title='bbox 878 2802 956 2910; x_wconf 89' lang='lat' dir='ltr'>jam</span> <span class='ocrx_word' id='word_1_178' title='bbox 979 2801 1148 2910; x_wconf 58' lang='lat' dir='ltr'>dissum,</span> <span class='ocrx_word' id='word_1_179' title='bbox 1171 2800 1194 2888; x_wconf 81' lang='lat' dir='ltr'>d</span> <span class='ocrx_word' id='word_1_180' title='bbox 1212 2805 1436 2890; x_wconf 78' lang='lat' dir='ltr'>neotericis.</span> <span class='ocrx_word' id='word_1_181' title='bbox 1694 2899 1697 2906; x_wconf 57' lang='grc'>,</span> 
     </span>
    </p>

    <p class='ocr_par' dir='ltr' id='par_1_5' title="bbox 484 2914 1915 4272">
     <span class='ocr_line' id='line_1_23' title="bbox 544 2914 1915 3033; baseline 0.003 -31"><span class='ocrx_word' id='word_1_182' title='bbox 544 2918 627 3004; x_wconf 90' lang='lat' dir='ltr'>Sed</span> <span class='ocrx_word' id='word_1_183' title='bbox 644 2914 884 3001; x_wconf 85' lang='lat' dir='ltr'>admonendi</span> <span class='ocrx_word' id='word_1_184' title='bbox 909 2915 998 3000; x_wconf 88' lang='lat' dir='ltr'>sunt</span> <span class='ocrx_word' id='word_1_185' title='bbox 1019 2916 1151 3031; x_wconf 83' lang='lat' dir='ltr'>saepibs</span> <span class='ocrx_word' id='word_1_186' title='bbox 1174 2915 1329 3003; x_wconf 87' lang='lat' dir='ltr'>Medici</span> <span class='ocrx_word' id='word_1_187' title='bbox 1354 2945 1405 3002; x_wconf 87' lang='lat' dir='ltr'>ne</span> <span class='ocrx_word' id='word_1_188' title='bbox 1429 2919 1617 3033; x_wconf 68' lang='lat' dir='ltr'>precipiti</span> <span class='ocrx_word' id='word_1_189' title='bbox 1638 2914 1730 3006; x_wconf 74' lang='lat' dir='ltr'>cura</span> <span class='ocrx_word' id='word_1_190' title='bbox 1752 2919 1805 3006; x_wconf 86' lang='lat' dir='ltr'>ad</span> <span class='ocrx_word' id='word_1_191' title='bbox 1828 2918 1915 3008; x_wconf 86' lang='lat' dir='ltr'>for·</span> 
     </span>
     <span class='ocr_line' id='line_1_24' title="bbox 485 3027 1914 3146; baseline 0.004 -30"><span class='ocrx_word' id='word_1_192' title='bbox 485 3031 588 3116; x_wconf 89' lang='lat' dir='ltr'>tiora</span> <span class='ocrx_word' id='word_1_193' title='bbox 605 3029 848 3145; x_wconf 90' lang='lat' dir='ltr'>confugiant.</span> <span class='ocrx_word' id='word_1_194' title='bbox 876 3029 984 3114; x_wconf 86' lang='lat' dir='ltr'>Nam</span> <span class='ocrx_word' id='word_1_195' title='bbox 998 3054 1144 3114; x_wconf 88' lang='lat' dir='ltr'>metam</span> <span class='ocrx_word' id='word_1_196' title='bbox 1160 3027 1365 3136; x_wconf 86' lang='lat' dir='ltr'>fallerent,</span> <span class='ocrx_word' id='word_1_197' title='bbox 1390 3038 1432 3116; x_wconf 79' lang='lat' dir='ltr'>dt</span> <span class='ocrx_word' id='word_1_198' title='bbox 1454 3057 1664 3146; x_wconf 79' lang='lat' dir='ltr'>corrugata</span> <span class='ocrx_word' id='word_1_199' title='bbox 1685 3033 1787 3120; x_wconf 87' lang='lat' dir='ltr'>cutis</span> <span class='ocrx_word' id='word_1_200' title='bbox 1809 3037 1914 3122; x_wconf 80' lang='lat' dir='ltr'>intlu</span> 
     </span>
     <span class='ocr_line' id='line_1_25' title="bbox 484 3141 1913 3277; baseline 0.002 -48"><span class='ocrx_word' id='word_1_201' title='bbox 484 3145 655 3230; x_wconf 88' lang='lat' dir='ltr'>servaret</span> <span class='ocrx_word' id='word_1_202' title='bbox 677 3143 878 3227; x_wconf 84' lang='lat' dir='ltr'>materiam</span> <span class='ocrx_word' id='word_1_203' title='bbox 903 3143 981 3248; x_wconf 88' lang='lat' dir='ltr'>jam</span> <span class='ocrx_word' id='word_1_204' title='bbox 1005 3168 1244 3250; x_wconf 85' lang='lat' dir='ltr'>exeuntem,</span> <span class='ocrx_word' id='word_1_205' title='bbox 1277 3143 1412 3228; x_wconf 92' lang='lat' dir='ltr'>durior</span> <span class='ocrx_word' id='word_1_206' title='bbox 1439 3171 1492 3277; x_wconf 58' lang='lat' dir='ltr'>ug</span> <span class='ocrx_word' id='word_1_207' title='bbox 1518 3143 1618 3230; x_wconf 66' lang='lat' dir='ltr'>faba</span> <span class='ocrx_word' id='word_1_208' title='bbox 1643 3141 1713 3229; x_wconf 87' lang='lat' dir='ltr'>illa</span> <span class='ocrx_word' id='word_1_209' title='bbox 1739 3153 1782 3230; x_wconf 77' lang='grc' dir='ltr'>δι</span> <span class='ocrx_word' id='word_1_210' title='bbox 1809 3149 1913 3259; x_wconf 82' lang='lat' dir='ltr'>quast</span> 
     </span>
     <span class='ocr_line' id='line_1_26' title="bbox 484 3172 1913 3371; baseline 0.001 -30"><span class='ocrx_word' id='word_1_211' title='bbox 484 3261 528 3342; x_wconf 91' lang='lat' dir='ltr'>in</span> <span class='ocrx_word' id='word_1_212' title='bbox 540 3258 695 3339; x_wconf 89' lang='lat' dir='ltr'>corium</span> <span class='ocrx_word' id='word_1_213' title='bbox 709 3256 935 3360; x_wconf 88' lang='lat' dir='ltr'>immutata,</span> <span class='ocrx_word' id='word_1_214' title='bbox 956 3253 1066 3340; x_wconf 72' lang='lat' dir='ltr'>tarde</span> <span class='ocrx_word' id='word_1_215' title='bbox 1084 3253 1351 3340; x_wconf 89' lang='lat' dir='ltr'>oscillationes</span> <span class='ocrx_word' id='word_1_216' title='bbox 1364 3172 1551 3366; x_wconf 33' lang='lat' dir='ltr'>valorum·</span> <span class='ocrx_word' id='word_1_217' title='bbox 1564 3257 1812 3364; x_wconf 86' lang='lat' dir='ltr'>admitterer,</span> <span class='ocrx_word' id='word_1_218' title='bbox 1830 3289 1913 3371; x_wconf 79' lang='lat' dir='ltr'>qua</span> 
     </span>
     <span class='ocr_line' id='line_1_27' title="bbox 484 3363 1913 3484; baseline 0.002 -30"><span class='ocrx_word' id='word_1_219' title='bbox 484 3369 536 3454; x_wconf 89' lang='lat' dir='ltr'>ad</span> <span class='ocrx_word' id='word_1_220' title='bbox 553 3363 837 3456; x_wconf 88' lang='lat' dir='ltr'>resolutionem</span> <span class='ocrx_word' id='word_1_221' title='bbox 854 3371 1010 3483; x_wconf 84' lang='lat' dir='ltr'>prorsbs</span> <span class='ocrx_word' id='word_1_222' title='bbox 1028 3365 1244 3451; x_wconf 72' lang='lat' dir='ltr'>necessaria</span> <span class='ocrx_word' id='word_1_223' title='bbox 1261 3368 1361 3454; x_wconf 90' lang='lat' dir='ltr'>sunt.</span> <span class='ocrx_word' id='word_1_224' title='bbox 1381 3368 1429 3453; x_wconf 95' lang='lat' dir='ltr'>Id</span> <span class='ocrx_word' id='word_1_225' title='bbox 1443 3368 1512 3453; x_wconf 85' lang='lat' dir='ltr'>srbi</span> <span class='ocrx_word' id='word_1_226' title='bbox 1529 3368 1644 3454; x_wconf 91' lang='lat' dir='ltr'>multi</span> <span class='ocrx_word' id='word_1_227' title='bbox 1662 3369 1913 3484; x_wconf 81' lang='lat' dir='ltr'>praescribunt</span> 
     </span>
     <span class='ocr_line' id='line_1_28' title="bbox 486 3477 1913 3595; baseline 0 -27"><span class='ocrx_word' id='word_1_228' title='bbox 486 3509 532 3568; x_wconf 89' lang='lat' dir='ltr'>ut</span> <span class='ocrx_word' id='word_1_229' title='bbox 556 3483 742 3592; x_wconf 80' lang='lat' dir='ltr'>quantum</span> <span class='ocrx_word' id='word_1_230' title='bbox 764 3481 849 3564; x_wconf 85' lang='lat' dir='ltr'>fieri</span> <span class='ocrx_word' id='word_1_231' title='bbox 867 3480 984 3594; x_wconf 87' lang='lat' dir='ltr'>pollit</span> <span class='ocrx_word' id='word_1_232' title='bbox 1000 3481 1042 3562; x_wconf 91' lang='lat' dir='ltr'>in</span> <span class='ocrx_word' id='word_1_233' title='bbox 1062 3477 1208 3566; x_wconf 63' lang='lat' dir='ltr'>vicinis</span> <span class='ocrx_word' id='word_1_234' title='bbox 1231 3508 1449 3595; x_wconf 87' lang='lat' dir='ltr'>apponatur</span> <span class='ocrx_word' id='word_1_235' title='bbox 1471 3484 1771 3589; x_wconf 86' lang='lat' dir='ltr'>vesrcatorium,</span> <span class='ocrx_word' id='word_1_236' title='bbox 1797 3483 1913 3568; x_wconf 71' lang='lat' dir='ltr'>aliid</span> 
     </span>
     <span class='ocr_line' id='line_1_29' title="bbox 487 3591 1912 3709; baseline 0 -29"><span class='ocrx_word' id='word_1_237' title='bbox 487 3595 659 3701; x_wconf 72' lang='lat' dir='ltr'>directo,</span> <span class='ocrx_word' id='word_1_238' title='bbox 690 3591 905 3678; x_wconf 77' lang='lat' dir='ltr'>secundum</span> <span class='ocrx_word' id='word_1_239' title='bbox 933 3591 1191 3709; x_wconf 89' lang='lat' dir='ltr'>Hippocratis</span> <span class='ocrx_word' id='word_1_240' title='bbox 1217 3594 1465 3682; x_wconf 90' lang='lat' dir='ltr'>methodum.</span> <span class='ocrx_word' id='word_1_241' title='bbox 1497 3595 1603 3678; x_wconf 86' lang='lat' dir='ltr'>Mihi</span> <span class='ocrx_word' id='word_1_242' title='bbox 1620 3597 1720 3680; x_wconf 84' lang='lat' dir='ltr'>verb</span> <span class='ocrx_word' id='word_1_243' title='bbox 1732 3595 1912 3682; x_wconf 87' lang='lat' dir='ltr'>sufficere</span> 
     </span>
     <span class='ocr_line' id='line_1_30' title="bbox 484 3705 1913 3822; baseline 0 -30"><span class='ocrx_word' id='word_1_244' title='bbox 484 3705 640 3792; x_wconf 88' lang='lat' dir='ltr'>viderur</span> <span class='ocrx_word' id='word_1_245' title='bbox 672 3732 718 3789; x_wconf 91' lang='lat' dir='ltr'>ut</span> <span class='ocrx_word' id='word_1_246' title='bbox 750 3709 869 3820; x_wconf 88' lang='lat' dir='ltr'>partis</span> <span class='ocrx_word' id='word_1_247' title='bbox 899 3708 1053 3790; x_wconf 79' lang='lat' dir='ltr'>irritata</span> <span class='ocrx_word' id='word_1_248' title='bbox 1080 3733 1151 3821; x_wconf 91' lang='lat' dir='ltr'>per</span> <span class='ocrx_word' id='word_1_249' title='bbox 1176 3707 1451 3792; x_wconf 89' lang='lat' dir='ltr'>vesrcatorium</span> <span class='ocrx_word' id='word_1_250' title='bbox 1476 3711 1666 3822; x_wconf 88' lang='lat' dir='ltr'>contagio</span> <span class='ocrx_word' id='word_1_251' title='bbox 1693 3711 1913 3822; x_wconf 84' lang='lat' dir='ltr'>pertingere</span> 
     </span>
     <span class='ocr_line' id='line_1_31' title="bbox 485 3815 1913 4046; baseline 0 -28"><span class='ocrx_word' id='word_1_252' title='bbox 485 3849 576 4020; x_wconf 69' lang='grc' dir='ltr'>ἓὲἑὶ</span> <span class='ocrx_word' id='word_1_253' title='bbox 593 3817 710 4017; x_wconf 63' lang='lat' dir='ltr'>llll</span> <span class='ocrx_word' id='word_1_254' title='bbox 726 3815 1913 4046; x_wconf 53' lang='lat' dir='ltr'>llrllssrl{lbsribmarllrifllldllssslldt</span> 
     </span>
     <span class='ocr_line' id='line_1_32' title="bbox 484 4041 1910 4160; baseline 0 -30"><span class='ocrx_word' id='word_1_255' title='bbox 484 4043 688 4154; x_wconf 84' lang='lat' dir='ltr'>laborare,</span> <span class='ocrx_word' id='word_1_256' title='bbox 708 4041 818 4156; x_wconf 93' lang='lat' dir='ltr'>quod</span> <span class='ocrx_word' id='word_1_257' title='bbox 830 4043 858 4126; x_wconf 88' lang='lat' dir='ltr'>st</span> <span class='ocrx_word' id='word_1_258' title='bbox 869 4042 918 4127; x_wconf 89' lang='lat' dir='ltr'>ad</span> <span class='ocrx_word' id='word_1_259' title='bbox 929 4041 1052 4153; x_wconf 89' lang='lat' dir='ltr'>usque</span> <span class='ocrx_word' id='word_1_260' title='bbox 1063 4041 1201 4126; x_wconf 90' lang='lat' dir='ltr'>locum</span> <span class='ocrx_word' id='word_1_261' title='bbox 1217 4045 1442 4160; x_wconf 88' lang='lat' dir='ltr'>herpetibus</span> <span class='ocrx_word' id='word_1_262' title='bbox 1456 4043 1676 4146; x_wconf 82' lang='lat' dir='ltr'>ulceratum</span> <span class='ocrx_word' id='word_1_263' title='bbox 1692 4049 1910 4160; x_wconf 87' lang='lat' dir='ltr'>pertingat,</span> 
     </span>
     <span class='ocr_line' id='line_1_33' title="bbox 487 4153 1424 4272; baseline -0.002 -30"><span class='ocrx_word' id='word_1_264' title='bbox 487 4155 595 4242; x_wconf 70' lang='lat' dir='ltr'>certe</span> <span class='ocrx_word' id='word_1_265' title='bbox 615 4153 762 4242; x_wconf 85' lang='lat' dir='ltr'>malum</span> <span class='ocrx_word' id='word_1_266' title='bbox 784 4154 1017 4272; x_wconf 85' lang='lat' dir='ltr'>adaugebit,</span> <span class='ocrx_word' id='word_1_267' title='bbox 1041 4155 1186 4242; x_wconf 83' lang='lat' dir='ltr'>nedbm</span> <span class='ocrx_word' id='word_1_268' title='bbox 1207 4159 1424 4242; x_wconf 87' lang='lat' dir='ltr'>imminuat.</span> 
     </span>
    </p>

    <p class='ocr_par' dir='ltr' id='par_1_6' title="bbox 487 4266 1915 4952">
     <span class='ocr_line' id='line_1_34' title="bbox 543 4266 1911 4386; baseline 0.003 -34"><span class='ocrx_word' id='word_1_269' title='bbox 543 4266 656 4353; x_wconf 83' lang='lat' dir='ltr'>Alter</span> <span class='ocrx_word' id='word_1_270' title='bbox 676 4268 785 4354; x_wconf 88' lang='lat' dir='ltr'>casus</span> <span class='ocrx_word' id='word_1_271' title='bbox 806 4272 847 4352; x_wconf 89' lang='lat' dir='ltr'>in</span> <span class='ocrx_word' id='word_1_272' title='bbox 867 4298 947 4382; x_wconf 93' lang='lat' dir='ltr'>quo</span> <span class='ocrx_word' id='word_1_273' title='bbox 966 4272 1100 4383; x_wconf 87' lang='lat' dir='ltr'>topica</span> <span class='ocrx_word' id='word_1_274' title='bbox 1119 4268 1310 4381; x_wconf 88' lang='lat' dir='ltr'>prosunt,</span> <span class='ocrx_word' id='word_1_275' title='bbox 1334 4271 1401 4356; x_wconf 90' lang='lat' dir='ltr'>sed</span> <span class='ocrx_word' id='word_1_276' title='bbox 1429 4299 1512 4355; x_wconf 89' lang='lat' dir='ltr'>non</span> <span class='ocrx_word' id='word_1_277' title='bbox 1538 4267 1708 4378; x_wconf 84' lang='lat' dir='ltr'>ejusdem</span> <span class='ocrx_word' id='word_1_278' title='bbox 1735 4273 1911 4386; x_wconf 89' lang='lat' dir='ltr'>generis,</span> 
     </span>
     <span class='ocr_line' id='line_1_35' title="bbox 487 4380 1915 4498; baseline 0.001 -32"><span class='ocrx_word' id='word_1_279' title='bbox 487 4383 678 4496; x_wconf 84' lang='lat' dir='ltr'>reperitur</span> <span class='ocrx_word' id='word_1_280' title='bbox 703 4381 1030 4494; x_wconf 89' lang='lat' dir='ltr'>quotiescumque</span> <span class='ocrx_word' id='word_1_281' title='bbox 1050 4380 1280 4466; x_wconf 84' lang='lat' dir='ltr'>insanabiles</span> <span class='ocrx_word' id='word_1_282' title='bbox 1297 4411 1366 4498; x_wconf 90' lang='lat' dir='ltr'>per</span> <span class='ocrx_word' id='word_1_283' title='bbox 1386 4385 1425 4470; x_wconf 90' lang='lat' dir='ltr'>se</span> <span class='ocrx_word' id='word_1_284' title='bbox 1444 4389 1627 4498; x_wconf 85' lang='lat' dir='ltr'>herpetes</span> <span class='ocrx_word' id='word_1_285' title='bbox 1644 4389 1809 4468; x_wconf 85' lang='lat' dir='ltr'>nimium</span> <span class='ocrx_word' id='word_1_286' title='bbox 1829 4413 1915 4497; x_wconf 92' lang='lat' dir='ltr'>pru·</span> 
     </span>
     <span class='ocr_line' id='line_1_36' title="bbox 488 4491 1915 4626; baseline 0 -48"><span class='ocrx_word' id='word_1_287' title='bbox 488 4496 607 4578; x_wconf 89' lang='lat' dir='ltr'>ritum</span> <span class='ocrx_word' id='word_1_288' title='bbox 632 4523 723 4578; x_wconf 91' lang='lat' dir='ltr'>cum</span> <span class='ocrx_word' id='word_1_289' title='bbox 748 4491 823 4577; x_wconf 91' lang='lat' dir='ltr'>seri</span> <span class='ocrx_word' id='word_1_290' title='bbox 848 4497 1000 4626; x_wconf 83' lang='lat' dir='ltr'>copiast</span> <span class='ocrx_word' id='word_1_291' title='bbox 1025 4496 1174 4580; x_wconf 88' lang='lat' dir='ltr'>effluxu</span> <span class='ocrx_word' id='word_1_292' title='bbox 1203 4499 1409 4584; x_wconf 84' lang='lat' dir='ltr'>concitant</span> <span class='ocrx_word' id='word_1_293' title='bbox 1422 4558 1436 4604; x_wconf 93' lang='lat'>,</span> <span class='ocrx_word' id='word_1_294' title='bbox 1459 4522 1504 4582; x_wconf 92' lang='lat' dir='ltr'>ut</span> <span class='ocrx_word' id='word_1_295' title='bbox 1527 4499 1574 4581; x_wconf 86' lang='lat' dir='ltr'>fit</span> <span class='ocrx_word' id='word_1_296' title='bbox 1593 4496 1691 4611; x_wconf 70' lang='lat' dir='ltr'>saepb</span> <span class='ocrx_word' id='word_1_297' title='bbox 1713 4499 1754 4580; x_wconf 90' lang='lat' dir='ltr'>in</span> <span class='ocrx_word' id='word_1_298' title='bbox 1779 4499 1915 4584; x_wconf 88' lang='lat' dir='ltr'>senum</span> 
     </span>
     <span class='ocr_line' id='line_1_37' title="bbox 487 4602 1914 4722; baseline 0 -30"><span class='ocrx_word' id='word_1_299' title='bbox 487 4602 677 4692; x_wconf 88' lang='lat' dir='ltr'>cruribus.</span> <span class='ocrx_word' id='word_1_300' title='bbox 707 4605 827 4690; x_wconf 91' lang='lat' dir='ltr'>Tunc</span> <span class='ocrx_word' id='word_1_301' title='bbox 850 4633 958 4690; x_wconf 88' lang='lat' dir='ltr'>emm</span> <span class='ocrx_word' id='word_1_302' title='bbox 974 4609 1151 4721; x_wconf 88' lang='lat' dir='ltr'>prodest,</span> <span class='ocrx_word' id='word_1_303' title='bbox 1171 4605 1406 4694; x_wconf 88' lang='lat' dir='ltr'>mollissimis</span> <span class='ocrx_word' id='word_1_304' title='bbox 1423 4612 1655 4722; x_wconf 90' lang='lat' dir='ltr'>unguentis,</span> <span class='ocrx_word' id='word_1_305' title='bbox 1677 4606 1808 4720; x_wconf 89' lang='lat' dir='ltr'>qualia</span> <span class='ocrx_word' id='word_1_306' title='bbox 1828 4608 1914 4692; x_wconf 88' lang='lat' dir='ltr'>sunt</span> 
     </span>
     <span class='ocr_line' id='line_1_38' title="bbox 488 4713 1914 4836; baseline 0 -30"><span class='ocrx_word' id='word_1_307' title='bbox 488 4713 845 4830; x_wconf 90' lang='lat' dir='ltr'>Nurimbergense,</span> <span class='ocrx_word' id='word_1_308' title='bbox 874 4744 1121 4832; x_wconf 87' lang='lat' dir='ltr'>unguentum</span> <span class='ocrx_word' id='word_1_309' title='bbox 1149 4718 1326 4826; x_wconf 85' lang='lat' dir='ltr'>fuscum,</span> <span class='ocrx_word' id='word_1_310' title='bbox 1350 4748 1421 4807; x_wconf 88' lang='lat' dir='ltr'>aut</span> <span class='ocrx_word' id='word_1_311' title='bbox 1446 4723 1566 4805; x_wconf 91' lang='lat' dir='ltr'>etiam</span> <span class='ocrx_word' id='word_1_312' title='bbox 1593 4719 1813 4836; x_wconf 88' lang='lat' dir='ltr'>diapalma,</span> <span class='ocrx_word' id='word_1_313' title='bbox 1840 4721 1914 4806; x_wconf 88' lang='lat' dir='ltr'>ser·</span> 
     </span>
     <span class='ocr_line' id='line_1_39' title="bbox 487 4826 1915 4952; baseline -0.002 -27"><span class='ocrx_word' id='word_1_314' title='bbox 487 4857 628 4925; x_wconf 84' lang='lat' dir='ltr'>vorem</span> <span class='ocrx_word' id='word_1_315' title='bbox 657 4826 771 4921; x_wconf 84' lang='lat' dir='ltr'>snuul</span> <span class='ocrx_word' id='word_1_316' title='bbox 802 4855 1019 4952; x_wconf 77' lang='lat' dir='ltr'>temperare</span> <span class='ocrx_word' id='word_1_317' title='bbox 1052 4839 1095 4918; x_wconf 76' lang='lat' dir='ltr'>dt</span> <span class='ocrx_word' id='word_1_318' title='bbox 1128 4829 1203 4922; x_wconf 85' lang='lat' dir='ltr'>seri</span> <span class='ocrx_word' id='word_1_319' title='bbox 1233 4834 1424 4922; x_wconf 82' lang='lat' dir='ltr'>effluxum</span> <span class='ocrx_word' id='word_1_320' title='bbox 1452 4831 1668 4944; x_wconf 80' lang='lat' dir='ltr'>cohibere,</span> <span class='ocrx_word' id='word_1_321' title='bbox 1701 4859 1752 4920; x_wconf 86' lang='lat' dir='ltr'>ne</span> <span class='ocrx_word' id='word_1_322' title='bbox 1784 4859 1915 4952; x_wconf 76' lang='lat' dir='ltr'>parter</span> 
     </span>
    </p>
   </div>
   <div class='ocr_carea' id='block_1_5' title="bbox 0 0 2106 5908">
    <p class='ocr_par' dir='ltr' id='par_1_7' title="bbox 0 0 2106 5908">
     <span class='ocr_line' id='line_1_40' title="bbox 0 0 2106 5908; baseline 0 0"><span class='ocrx_word' id='word_1_323' title='bbox 0 0 2106 5908; x_wconf 95' lang='lat' dir='ltr'> </span> 
     </span>
    </p>
   </div>
  </div>
 </body>
</html>
