4186 5908
535 453 547 470 *
639 413 1137 510 CUT'hNEIS.
1535 447 1621 537 '249

110 651 111 656 a
177 581 403 674 ventriculo
422 581 568 669 affatim
584 583 812 698 ingerantur
821 645 836 694 ‚
860 583 1037 698 quidum
1054 581 1171 670 facile
1190 585 1396 674 stumacho
1414 583 1621 682 absorben-

176 729 272 809 tur,
309 727 450 786 omnes
483 700 690 784 interiores
713 727 832 786 venas
864 696 1059 806 subeunt,
1088 697 1268 810 adebque
1293 729 1363 816 pqr
1392 704 1510 786 urinae
1534 711 1619 795 vias

177 816 356 900 seruntur
377 810 581 898 facillime.
608 811 730 898 Tales
751 814 861 920 sunt,
890 841 1016 900 verno
1036 813 1230 928 precipue
1252 841 1455 930 tempore,
1487 818 1619 904 herbae

177 926 386 1014 molliores
402 925 670 1041 mucilagineo
691 928 815 1014 succo
833 926 1127 1042 turgescentes,
1152 955 1284 1038 eoque
1308 928 1442 1035 dulci,
1468 937 1510 1015 br
1563 963 1621 1020 uo

178 1047 353 1128 intimius
366 1041 575 1128 misceatur
587 1039 821 1127 humoribus
835 1039 1088 1148 animalibus,
1112 1038 1346 1156 saponace0.
1369 1042 1513 1130 Talem
1534 962 1621 1132 lire·

180 1187 273 1241 cum
298 1159 471 1273 prestant
501 1157 704 1270 gramina,
735 1155 930 1263 sonchus‚
956 1180 1208 1262 taraxacum‚
1236 1158 1416 1241 cichoria
1426 1153 1619 1270 juniora,

179 1280 222 1356 bt
248 1297 389 1356 omnes
412 1268 575 1378 hujusce
598 1271 752 1383 generis
777 1267 917 1385 plantae
939 1297 1105 1378 quarum
1124 1271 1247 1354 virtus
1269 1269 1425 1355 videtur
1448 1274 1550 1356 uniri
1576 1281 1620 1358 et

181 1388 379 1483 contineri
397 1388 439 1468 in
457 1385 546 1469 sero
568 1381 677 1468 lastis
698 1413 911 1468 vaccarum
929 1411 1031 1497 puro
1054 1390 1097 1467 et
1115 1386 1267 1468 recenti
1313 1387 1461 1468 tamine
1482 1389 1623 1472 viven-

177 1502 293 1584 tium.
328 1500 479 1583 AEstate
506 1498 685 1582 fervente
716 1497 825 1583 idem
884 1498 1028 1581 raestant
1060 1492 1251 1580 auxilium
1282 1415 1392 1582 succi
1423 1498 1622 1586 srusluunt

179 1615 406 1698 hotaeorum
425 1609 528 1697 bene
548 1637 817 1720 marmorum,
840 1527 880 1692 sl
892 1608 1027 1721 aliquo
1043 1609 1200 1696 excessu
1215 1641 1299 1695 non
1318 1609 1501 1696 laborent
1518 1613 1624 1702 acidi

181 1729 425 1844 omphacini.
453 1723 565 1810 Hinc
593 1728 661 1836 qui
695 1724 791 1840 saepb
822 1721 893 1808 sub
926 1725 1080 1835 hyemis
1108 1725 1229 1807 finem
1253 1726 1418 1840 erupere
1444 1724 1625 1818 lichenee

181 1868 386 1952 vernoque
409 1837 546 1924 calore
572 1839 647 1923 soti
673 1837 837 1949 aliquod
863 1837 993 1954 adepti
1019 1838 1174 1922 fuerant
1201 1837 1421 1953 fastigium,
1450 1837 1520 1923 ubi
1543 1845 1628 1954 pria

181 1959 292 2038 miun
323 1951 512 2039 frusiibus
545 1950 623 2038 illis
651 1954 792 2036 horaeis
818 1953 875 2036 usr
905 1952 994 2036 sunt
1020 1953 1232 2060 homines,
1262 1950 1527 2060 delitescunt,
1555 1953 1624 2039 seu

182 2072 315 2186 potiris
336 2066 603 2175 evanescunt,
625 2072 779 2151 rursum
799 2065 973 2152 redituri.

237 2179 364 2266 Multi
389 2182 429 2266 se
453 2181 621 2267 credunt
644 2183 822 2269 humoris
844 2177 948 2264 illitis
970 2177 1169 2296 presentis
1192 2183 1323 2293 urgeri
1342 2184 1444 2268 intus
1457 2244 1472 2291 ,
1500 2179 1628 2267 mald-

184 2324 262 2407 que
287 2296 423 2380 secum
450 2298 515 2410 agi
540 2293 796 2402 arbitrantur,
822 2291 892 2377 ubi
912 2291 1090 2380 lichenes
1113 2297 1180 2404 qui
1209 2288 1390 2380 solebant
1413 2300 1626 2408 quotannis

184 2439 295 2496 erunt
324 2437 420 2515 ere,
448 2413 544 2493 stato
574 2435 757 2522 tempore
784 2435 868 2490 non
897 2437 919 2490 a
948 2434 1094 2522 parent.
1130 2407 1283 2492 Verum
1310 2411 1436 2494 inerat
1464 2410 1626 2522 quidem

186 2528 268 2610 cuti
283 2439 446 2607 illorum
463 2523 642 2638 impressa
658 2520 859 2635 dispositio
880 2435 1218 2606 adefformandos
1238 2519 1442 2630 lichenes,
1465 2526 1628 2608 materia

187 2669 271 2726 non
291 2636 453 2738 aderate
475 2636 586 2748 quod
601 2636 652 2725 eb
668 2637 812 2718 certius
827 2631 961 2719 dicere
1006 2635 1132 2719 ossum
1153 2635 1262 2748 quod
1278 2633 1408 2748 plures
1423 2639 1627 2745 noverim,

188 2754 428 2949 ceteroquin
447 2751 584 2858 sanos,
605 2750 673 2860 qui
688 2745 802 2831 illici)
820 2667 1003 2832 lichenis

999 2781 1044 2833 us
1060 2774 1280 2852 tentantur,
1302 2746 1520 2859 stliquotes
1534 2753 1629 2832 hau-

189 2869 308 2954 serint
351 2865 585 2982 pirituosos,
609 2863 734 2947 sortes
747 2923 762 2970 ,
790 2868 832 2946 bt
857 2865 1031 2981 piperata
1057 2889 1174 2974 atque
1198 2865 1303 2947 acria
1326 2860 1473 2960 cibaria
1495 2863 1631 2980 sumps

186 2985 317 3070 serint.
1542 2981 1545 2986 ’

151 3087 157 3100 ’
247 3093 327 3179 Sed
340 3096 582 3209 praecipuum
595 3121 688 3176 curn
704 3089 815 3176 diaete
829 3079 1044 3206 vegetabili
1059 3116 1177 3202 atque
1191 3087 1366 3177 diluente
1383 3090 1432 3175 ad
1451 3090 1630 3188 lichenes

188 3208 392 3296 tollendos
421 3207 642 3292 remedium
669 3201 692 3289 *a
718 3203 867 3290 balneis
902 3209 1026 3320 repeti
1062 3204 1182 3291 debet
1219 3232 1270 3289 ex
1299 3201 1401 3316 aquai
1434 3213 1631 3339 puriffima

188 3319 675 3442 paratisstepidiusculis,
702 3349 786 3430 quae
805 3349 888 3404 non
908 3319 1035 3406 modb
1057 3348 1192 3404 cutem
1214 3319 1401 3406 mundam
1423 3323 1600 3412 efficiant
1612 3371 1634 3438 ,ν

187 3440 255 3527 sed
266 3439 387 3522 etiam
398 3436 683 3553 epidermidem
694 3432 846 3542 laxam,
861 3436 946 3518 imb
959 3431 1304 3551 perspirationem,
1321 3460 1367 3518 ut
1380 3437 1633 3550 uberiorem,

190 3555 242 3640 fic
261 3555 382 3638 etiam
397 3549 677 3635 humidiorem.
705 3545 855 3634 Veritm
874 3551 929 3634 ita
946 3578 1039 3632 cunt
1062 3551 1218 3662 aegrotis
1239 3545 1317 3632 illis
1334 3553 1530 3662 agendum
1551 3557 1648 3663 est‚.

192 3694 235 3753 ut
259 3696 346 3750 non
370 3663 410 3748 se
435 3663 600 3749 credant
621 3663 798 3770 sanatos,
824 3663 1092 3778 stpaucorum
1116 3659 1350 3746 balneorum
1367 3666 1438 3751 usu
1453 3664 1633 3754 lichenes

193 3780 451 3924 disparuerint
476 3807 489 3876 3
522 3782 615 3859 ciam
649 3777 756 3859 enim
781 3773 842 3858 illi
865 3773 952 3887 plius
978 3774 1001 3859 *a
1021 3778 1120 3861 vitio
1144 3779 1244 3860 cutis
1270 3778 1385 3893 ipsius
1410 3782 1633 3896 pendeant,

181 3927 311 4008 quam
334 3888 383 3974 ab
406 3887 482 3974 alie
504 3887 754 4000 quicumque
775 3887 913 3997 cause,
931 3889 1116 3974 mutanda
1132 3893 1184 3976 est
1200 3917 1320 4003 atque
1336 3890 1534 3979 alteranda
1553 3895 1634 4010 ipsa

194 4012 372 4096 intimior
398 4007 500 4090 cutis
528 4005 712 4088 strusiura
725 4065 740 4110 ‚
769 4002 878 4114 quod
909 4005 975 4089 vix
1003 4002 1026 4085 s
1046 4005 1234 4089 etandum
1263 4009 1343 4110 est,
1372 4009 1441 4089 nili
1469 4005 1634 4124 repetiti

192 4121 394 4207 laxatione
411 4114 515 4203 fibrae
541 4119 645 4229 quast
661 4113 919 4227 molliantur,
944 4124 986 4201 bt
1009 4035 1189 4206 sinentur
1211 4115 1385 4226 cellula,
1406 4119 1634 4234 undamque

194 4233 415 4338 imbibant,
445 4241 487 4317 δε
508 4263 538 4314 ae
568 4234 598 4315 ri
619 4235 715 4316 siant
759 4231 835 4314 uasi
857 4231 1199 4344 semi-hydropici.
1334 4249 1340 4256 ·

250 4353 308 4437 At
328 4344 398 4432 ubi
419 4263 610 4442 remediis
624 4349 700 4428 istis
721 4261 912 4429 dbstiterit
929 4342 1101 4449 malum,
1122 4340 1445 4456 pervicaciusque
1456 4350 1540 4433 vim
1553 4345 1636 4433 elu-

196 4464 289 4550 serit
301 4460 537 4547 diluentium
551 4467 592 4545 ὅ(
607 4455 866 4564 balneorum,
884 4456 934 4542 ad
949 4455 1152 4540 alterantia
1165 4454 1330 4540 fortiora
1343 4457 1637 4546 deveniendum
1761 4493 1765 4504 ’

196 4581 274 4680 est;
299 4575 367 4662 illa
385 4573 538 4660 scilicet
555 4571 728 4660 remedia
743 4600 827 4682 quae
847 4576 940 4679 clim
955 4597 1075 4654 unam
1093 4600 1168 4686 prae
1183 4568 1259 4655 alte
1271 4569 1534 4662 secretionem
1546 4603 1638 4660 non

197 4719 373 4808 augent,
398 4689 537 4774 omnes
560 4715 694 4774 tamen
721 4685 958 4791 intendunt,
990 4713 1157 4798 eamque
1177 4687 1378 4803 principiis
1405 4689 1637 4805 sanguinem

198 4801 523 4892 constituentibus
545 4831 614 4920 pet
636 4797 857 4887 moleculas
877 4797 1177 4886 salino-oleosas
1195 4799 1374 4886 indolem
1397 4803 1547 4888 addunt
1561 4798 1637 4912 qui

198 4919 278 5036 ipse
300 4918 464 5006 nitidior
483 4915 552 5004 fiat
578 4925 786 5005 &natura
808 4915 1009 5005 consonus
1033 4919 1171 5032 magis.
1206 4915 1284 5003 His
1306 4915 1487 5112 adqimus
1507 4908 1640 5030 duplis*

1393 5057 1410 5114 t
