4186 5908
647 405 1153 506 cornutis·
1519 463 1604 542 2„

170 567 313 657 descat.
341 571 424 660 Sed
446 571 556 686 quod
574 570 602 657 b
616 575 858 688 myrulorum
880 601 946 661 aut
967 581 1182 664 ostreorum
1199 579 1264 668 esu
1285 583 1417 701 sapius
1433 593 1604 702 accidit,

167 685 209 768 id
248 689 368 772 etiam
415 685 444 770 b·
469 687 674 798 mitissimis
724 689 1003 774 alimentorum
1049 696 1091 775 in
1139 695 1368 804 quibusdam
1410 709 1603 797 exoritur.

168 795 282 898 Idem
307 801 391 885 vidi
420 807 460 882 dt
486 798 534 883 ab
559 798 855 886 absorbentibus
880 806 1014 887 terreis
1039 834 1123 888 non
1147 808 1227 892 stne
1252 814 1405 925 stupore
1431 840 1603 902 enatum.

171 910 301 1018 Quod
326 911 435 996 idem
463 909 486 994 b
515 915 598 994 vini
630 913 835 1029 Hispanici
866 914 937 998 usu
967 914 1088 1026 aliqui
1108 924 1303 1033 patiantur
1331 955 1414 1008 non
1443 933 1603 1022 mirum.

170 1023 322 1108 Verbm
349 1023 446 1108 licet
476 1024 590 1108 causa
618 1054 701 1109 non
736 1027 816 1110 sem
846 1055 888 1111 er
919 1027 1019 1112 adeo
1048 1031 1208 1117 evidens
1233 1036 1297 1141 stt,
1325 1037 1527 1124 fatendum
1552 1049 1605 1128 est

170 1133 447 1221 observatione
471 1139 647 1220 constare
671 1137 779 1249 qubd
817 1137 943 1223 smiles
968 1141 1115 1255 papulae
1135 1143 1242 1230 leves
1267 1173 1383 1258 atque
1403 1155 1471 1235 vix
1495 1154 1606 1239 dura·

170 1245 296 1354 biles,
324 1249 407 1333 sere
434 1250 586 1364 semper
613 1247 635 1333 ὲ
664 1250 780 1335 causi
806 1254 907 1336 intra
924 1252 1189 1339 ventriculum
1219 1257 1365 1345 latente
1394 1267 1604 1378 pendeant.

170 1359 224 1456 Et
255 1360 353 1446 licet
389 1358 554 1446 obscura
590 1363 635 1446 stt
664 1363 847 1446 fimilium
879 1365 1080 1450 causarum
1109 1373 1250 1482 agendi
1281 1403 1443 1484 norma,
1473 1397 1606 1466 tamen

169 1477 261 1557 cbm
273 1536 289 1581 ,
319 1475 529 1576 Sanslorio
560 1502 643 1559 rem
679 1475 994 1585 demonstrante,
1024 1481 1163 1564 intima
1181 1484 1226 1565 stt
1253 1493 1292 1568 bt
1313 1491 1413 1570 arsia
1436 1501 1606 1575 concor-

170 1577 234 1668 dia
264 1589 365 1669 inter
395 1589 589 1674 coitionis
619 1588 752 1672 officia
781 1598 823 1672 bt
852 1589 1141 1704 perspirationis
1170 1600 1349 1705 exitum,
1382 1599 1439 1684 nil
1461 1608 1607 1691 mirum

169 1698 198 1780 st
220 1702 382 1782 exeunti
410 1697 547 1783 obices
573 1701 695 1814 ponat
720 1700 931 1786 ventriculi
953 1701 1122 1816 spasmus
1148 1709 1426 1822 inexpeslatus.
1551 1793 1553 1800 ,

226 1809 415 1895 Praetered
443 1814 539 1895 verb
568 1841 706 1896 omnes
743 1813 864 1897 causae
899 1845 984 1924 quae
1021 1819 1063 1898 in
1100 1821 1195 1930 pers
1213 1825 1421 1908 irationem
1456 1857 1605 1945 magno

171 1925 321 2038 impetu
338 1948 551 2012 exeuntem
575 1950 716 2038 agunt,
741 1926 898 2040 possunt
919 1923 1060 2010 similes
1083 1852 1243 2044 papulas
1266 1937 1514 2048 producere,
1535 1947 1609 2028 stc-

172 2064 250 2146 que
285 2063 373 2118 eam
409 2038 624 2152 impedire,
662 2063 706 2120 ut
737 2041 778 2121 in
841 2043 943 2122 rimo
974 2045 1164 2153 temporis
1197 2051 1344 2157 punslo
1373 2053 1415 2131 in
1445 2053 1607 2166 papulas

171 2146 309 2255 abeat,
340 2147 470 2264 postei
495 2151 591 2234 verb
621 2071 839 2264 repercussi
865 2149 1031 2235 morbos
1061 2150 1216 2238 alteribs
1243 2163 1402 2272 'generis
1431 2167 1608 2277 proferat

173 2262 405 2348 catharrales
426 2326 441 2369 ‚
468 2262 620 2346 scilicet
639 2264 767 2346 tussim
793 2289 911 2374 atque
933 2263 1130 2378 pertusltm
1151 2268 1192 2349 in
1214 2271 1454 2382 infantibus,
1477 2276 1607 2366 febres

171 2376 210 2457 in
231 2401 342 2460 attare
367 2374 522 2482 juniore
541 2377 736 2460 ferventes
752 2439 766 2482 ‚
791 2379 1092 2461 intermittentes
1111 2380 1208 2462 veto
1227 2384 1269 2462 in
1288 2382 1441 2472 senibus
1459 2419 1472 2489 ;
1494 2391 1602 2476 unde

170 2485 268 2572 illud
296 2515 379 2571 non
405 2489 504 2572 adeo
532 2517 658 2572 ratum
685 2486 912 2602 papularum
937 2493 979 2572 in
1004 2489 1201 2605 principio
1225 2494 1457 2582 morborum
1478 2511 1634 2586 erum*

171 2605 349 2715 pentium
374 2601 595 2715 symptoma
623 2600 671 2684 ab
699 2600 773 2685 alie
801 2600 917 2686 caussa
943 2630 1026 2684 non
1054 2603 1225 2717 pendet,
1251 2634 1318 2691 aut
1339 2613 1512 2725 pendere
1537 2644 1606 2729 po·

171 2717 250 2816 rest.
277 2715 370 2798 Nec
391 2719 518 2799 minbs
544 2712 636 2796 inde
659 2713 819 2797 sentitur
840 2725 983 2824 q'uanta
1001 2717 1047 2799 srt
1064 2713 1223 2830 papulas
1243 2719 1344 2806 inter
1370 2731 1412 2808 bt
1434 2728 1606 2842 eryfipe-
1644 2789 1660 2820 .

153 2823 225 2910 las
249 2827 415 2912 affinitas
443 2854 561 2939 atque
581 2853 724 2909 natura
750 2822 991 2934 conjuntiio.
1517 2855 1519 2860 ’
1619 2869 1622 2876 ·

227 2939 431 3024 Dissrmilis
460 2937 629 3024 multitm
660 2943 760 3023 ratio
790 2943 869 3048 est,
899 2947 940 3024 bt
972 2941 1085 3026 causa
1123 2969 1173 3026 ex
1205 2941 1409 3032 altioribus
1440 2955 1606 3066 repetita

199 3053 370 3167 sincipiis
405 3058 445 3136 in
477 3049 549 3139 illo
575 3051 805 3169 papularum
836 3081 981 3169 genere
1013 3056 1123 3168 quod
1154 3055 1369 3171 malignum
1398 3089 1606 3153 vocamus.

170 3083 388 3280 implicem
410 3165 565 3251 illarum
584 3167 756 3281 speciem
774 3167 1052 3282 distinguimus.
1081 3168 1211 3256 Prima
1227 3170 1490 3286 ‘malignarum
1515 3178 1605 3292 spe-

172 3279 251 3363 cies
275 3283 329 3363 est
352 3309 446 3394 qua
460 3284 603 3364 minori
628 3279 788 3388 quidem
814 3279 1119 3396 symptomatum
1145 3309 1327 3397 apparatu
1351 3287 1483 3400 stipata
1504 3316 1626 3374 exo-·

171 3394 292 3500 titur,
313 3390 458 3476 sedvel
475 3389 722 3476 immobilior
766 3395 900 3502 erstat,
920 3392 987 3480 vel
1007 3396 1232 3478 obstinatius
1252 3397 1617 3508 renascitur3'alte-v

172 3531 252 3588 ram
277 3508 361 3589 hoc
387 3503 505 3589 titulo
535 3505 628 3588 ideb
654 3421 927 3619 proliquimur
940 3569 955 3613 ‚
985 3505 1093 3616 qubd
1120 3508 1446 3621 &symptomata
1471 3507 1605 3598 exerat

170 3619 484 3704 vehementia&
508 3619 736 3702 medentum
762 3619 953 3701 summam
980 3616 1048 3701 sibi
1074 3645 1207 3701 cutam
1232 3621 1462 3734 expostulet.

205 3730 410 3814 ¹Priorum
439 3731 553 3815 causa
586 3734 628 3812 in
658 3729 806 3814 viscide
821 3722 1051 3815 mumorum
1086 3733 1340 3845 stagnantium
1375 3741 1418 3818 ὃ(
1453 3741 1605 3822 acrium

172 3843 266 3926 crasi
286 3844 513 3957 reponenda
538 3844 601 3927 esl.
626 3841 792 3926 Scilicet
813 3873 900 3975 pars
919 3846 1133 3927 humorum
1154 3843 1462 3959 perspirabilium
1486 3849 1608 3934 altera

171 3955 298 4039 setosa
331 3959 413 4063 est,
443 3955 605 4040 mucosa
636 3953 756 4039 altera
792 3963 834 4040 &a
860 3957 1036 4041 crassior.
1069 3955 1113 4040 H
1147 3959 1226 4039 cst
1257 3957 1306 4039 ad
1337 3984 1470 4042 cutem
1498 3960 1603 4048 male

172 4095 325 4153 morata
352 4075 392 4151 ὅ(
421 4069 570 4181 spiffior
598 4069 840 4176 constiterit,
864 4069 953 4154 vasa
982 4066 1102 4156 cellul
1143 4095 1220 4176 que
1249 4071 1375 4182 potest
1401 4074 1444 4152 in
1468 4097 1603 4158 tumo-

172 4209 254 4264 rem
275 4179 483 4287 attollere,
507 4189 548 4265 &
599 4179 729 4297 apulas
753 4182 950 4288 efficere,¹
967 4213 1050 4293 quae
1072 4181 1101 4261 st
1126 4179 1249 4263 densae
1273 4205 1391 4290 atque
1416 4186 1604 4272 conferta

172 4294 412 4406 prodierint,
434 4294 554 4379 crasse
572 4297 627 4378 cit
647 4298 824 4401 corium,
850 4320 895 4379 ut
918 4297 959 4376 in
986 4289 1218 4377 animalibus
1241 4289 1450 4408 pluribus,
1482 4299 1604 4410 sitque

172 4405 345 4512 durum,
374 4413 416 4489 bt
448 4408 516 4494 nist
545 4405 746 4490 cessaverit
775 4407 915 4510 causa,
948 4407 1049 4488 verti
1081 4400 1229 4488 malum
1258 4410 1299 4489 in
1330 4410 1466 4520 impeti
1495 4414 1603 4498 inem

172 4513 301 4604 metus
321 4520 384 4603 cst.
405 4519 574 4638 Spissum
596 4522 703 4602 enim
725 4513 825 4600 illud
847 4515 1056 4600 mucosum
1071 4517 1196 4631 perse
1219 4519 1435 4625 rancescit,
1463 4439 1602 4633 steret,

175 4661 334 4715 corrum
363 4633 468 4737 itur,
489 4633 572 4716 imb
600 4637 641 4716 ὅ(
671 4631 842 4744 degener
872 4629 1017 4713 saelum
1046 4630 1172 4746 potest
1198 4633 1240 4712 in
1267 4629 1433 4745 pustulas
1463 4642 1504 4718 bt
1530 4666 1604 4749 pus

173 4748 286 4844 verti.
307 4661 443 4828 Plures
467 4745 557 4827 sunt
573 4741 704 4829 morbi
721 4743 771 4827 de
789 4739 929 4853 quibus
949 4739 1044 4827 alibi
1062 4739 1258 4856 agendum
1283 4746 1356 4828 erit
1370 4749 1445 4859 qui
1467 4745 1606 4832 srmilia

173 4855 388 4946 exhibeant
415 4859 710 4976 phoenomena,
740 4855 808 4948 sed
830 4857 917 4942 rarb
941 4853 1003 4942 illi
1022 4858 1123 4946 inter
1146 4854 1416 4971 depuratorios
1439 4857 1605 4952 morbos
