4188 5916
482 397 565 496 362
928 378 972 464 D
1000 375 1036 460 E
1101 373 1155 458 M
1183 372 1226 458 Ο
1252 371 1297 458 R
1324 369 1357 454 B
1388 371 1410 455 1
1437 371 1467 456 S

485 554 555 660 qui
572 541 703 661 politi
721 547 806 660 post
824 545 949 660 prima
966 539 1164 653 dignitatis
1181 540 1439 652 imperatoria
1455 560 1659 649 tempora,
1680 527 1918 650 corporibus

484 662 580 746 luxu
596 657 861 744 diffluentibus
876 655 977 738 adeb
991 649 1214 758 invaluere,
1235 654 1421 768 novitatir
1435 654 1553 735 etiam
1572 645 1774 761 specimen
1787 675 1864 762 piat
1881 644 1918 729 se

484 776 666 859 fetentes.
693 769 814 854 Certe
838 761 1016 852 Lucretii
1037 773 1078 869 (a
1148 791 1245 848 oetae
1264 760 1511 880 temporibus
1534 761 1718 956 elephas,
1738 762 1819 844 sive
1835 756 1918 844 ele-

486 886 690 999 phantiasis
717 881 831 996 leprae
855 879 1004 994 species
1023 881 1077 962 ita
1135 905 1275 991 igypto
1295 882 1453 992 propria
1474 874 1592 960 crede
1620 899 1729 980 atur,
1753 901 1799 958 ut
1824 902 1916 1070 pra·

486 996 594 1082 te'ieh
616 995 805 1105 nusquam
825 993 946 1076 visam
966 993 1220 1105 pronuntiate
1241 1004 1359 1104 poeta
1382 988 1642 1104 philosophus
1661 1017 1744 1102 non
1768 988 1822 1072 du
1850 992 1917 1072 ita-

484 1114 600 1194 aerit.
634 1105 781 1192 Melius
815 1105 954 1190 Celsus
981 1103 1045 1209 (b)
1076 1097 1368 1216 elephantiasim
1397 1107 1580 1217 ignotum
1609 1097 1710 1216 pene
1739 1104 1782 1184 in
1806 1100 1916 1184 ltalia

488 1219 674 1306 morbum
687 1218 852 1324 fatetur,
870 1215 953 1302 aliis
969 1219 1009 1298 in
1023 1213 1250 1332 regionibus
1264 1215 1616 1326 frequentissimum
1624 1275 1640 1322 ,
1660 1212 1768 1298 idem
1787 1241 1916 1299 tamen

488 1334 540 1418 de
555 1331 672 1416 leuce
690 1339 733 1415 br
752 1329 945 1443 uitiligine
963 1327 1134 1412 distinsid
1151 1355 1296 1454 egerat.

544 1446 638 1529 Nec
655 1441 831 1528 Galerius
846 1443 947 1555 ipse,
961 1437 1148 1546 licet'jam
1161 1468 1244 1548 eiua
1255 1438 1501 1557 temporibus
1512 1437 1690 1556 perversa
1701 1439 1916 1524 admodom

488 1558 607 1640 suerit
620 1558 900 1640 Romanorum
913 1554 1056 1669 agendi
1068 1556 1168 1636 ratio
1174 1617 1189 1660 ‚
1204 1551 1379 1664 luxuque
1388 1583 1435 1636 ac
1448 1552 1593 1636 divitiis
1606 1551 1779 1636 funditlis
1790 1552 1917 1638 deleta

489 1675 532 1754 bt
550 1668 727 1784 oppressa
740 1671 899 1777 antiqua
911 1668 1192 1751 Romanorum
1206 1673 1248 1748 ὃ(
1259 1669 1382 1752 virtus
1398 1673 1438 1749 bt
1451 1663 1676 1860 disciplina,
1692 1693 1776 1748 non
1791 1669 1916 1748 minim

488 1809 621 1865 tamen
645 1781 695 1865 de
715 1779 965 1893 elephantiafi
987 1778 1164 1890 loquitur
1181 1805 1368 1890 tanquam
1393 1779 1443 1864 de
1463 1807 1552 1862 mot
1582 1806 1608 1861 o
1631 1783 1791 1891 ptorsiis
1817 1777 1918 1891 apud

489 1891 644 1978 Italiam
658 1890 855 1976 obsoleto.

547 2005 597 2086 In
611 2002 763 2086 Italiam
779 2003 939 2112 quidem
952 2027 1061 2086 atate
1075 2002 1257 2115 Pompeii
1272 2007 1406 2116 magni
1422 2008 1486 2106 (c)
1500 2000 1791 2117 elephantiasim
1808 2005 1861 2087 irr

491 2115 573 2198 sisse
588 2118 723 2198 ausior
747 2117 799 2198 est
821 2111 969 2198 Plinius
991 2115 1072 2220 (d),
1098 2112 1285 2226 brevique
1300 2115 1355 2198 ibi
1371 2119 1586 2200 restituam
1605 2115 1738 2223 fuisse,
1765 2031 1916 2202 sivedb

441 2323 445 2332 ¹
487 2224 682 2322 felicioris
711 2224 806 2310 coeli
831 2225 1104 2332 clementiam,
1127 2229 1206 2310 sive
1234 2225 1287 2308 ob
1314 2226 1432 2312 facile
1459 2227 1711 2313 devitandum
1736 2226 1915 2343 elephan-

422 2330 424 2338 ’
493 2341 689 2422 tiacorum
705 2341 1016 2438 comnietcium3
1030 2342 1124 2421 hinc
1142 2342 1260 2421 etiam
1276 2367 1497 2451 quanquam
1516 2368 1601 2423 aevo
1617 2338 1761 2426 Galeni
1777 2342 1915 2426 Roma

494 2450 596 2534 bene
622 2455 784 2564 cognita
811 2451 916 2535 soret
943 2449 1239 2564 elephantiasis,
1266 2450 1513 2535 Alexandriae
1533 2477 1666 2538 tamen
1686 2452 1741 2537 ob
1759 2482 1914 2567 pravam

492 2565 615 2648 visilis
632 2567 825 2646 rationem
846 2561 1077 2704 inquilinam
1089 2562 1222 2650 asserit
1242 2567 1371 2648 &toti
1383 2567 1563 2678 AEgypto
1582 2593 1837 2650 communem
1844 2568 1915 2675 ‚in

493 2673 620 2784 Mysib
642 2683 684 2766 &
703 2677 915 2759 Germania
939 2705 1020 2758 non
1040 2675 1163 2760 visam
1184 2679 1435 2789 pronuntiat3
1458 2678 1541 2761 imb
1561 2683 1604 2760 &
1627 2678 1726 2792 apud
1747 2677 1916 2789 Scythas

493 2787 602 2874 latiis
632 2815 834 2903 potatores
866 2818 1066 2899 nunquam
1097 2787 1311 2901 penetrasse
1339 2789 1497 2874 edocet.
1533 2787 1764 2875 Universum
1793 2793 1914 2876 torisia

494 2904 674 3013 corporis
696 2930 907 3006 cancrum,
931 2927 976 2984 ut
999 2930 1138 2985 omnes
1165 2901 1318 2986 Medici
1334 2927 1487 2986 veteres
1497 2963 1512 3008 ‚
1532 2927 1619 3014 eam
1641 2928 1787 3010 vocat,
1807 2903 1915 2988 &ab

495 3007 576 3094 atri
591 3009 670 3094 bile
682 3009 840 3124 pessimi
850 3073 864 3117 ,
878 3011 944 3096 sed
962 3013 1100 3097 critice
1113 3012 1161 3098 ad
1172 3013 1418 3127 superficiem
1438 3017 1617 3128 corporis
1631 3013 1820 3128 depositi,
1833 3045 1917 3131 pen·

495 3120 733 3232 dereputat.
758 3119 852 3230 Qui
872 3126 914 3204 in
936 3129 1127 3238 opinione
1150 3153 1288 3210 omnes
1308 3154 1400 3211 eum
1415 3126 1538 3212 secuti
1554 3127 1643 3211 sunt
1657 3155 1813 3214 veteres
1834 3139 1913 3212 tirm

398 3327 401 3336 ⁴
497 3229 751 3333 Gtaeci,tiim
766 3229 929 3317 Arabes.

550 3339 700 3424 Verium
719 3339 837 3426 facile
858 3345 1092 3430 crediderim
1109 3346 1131 3432 ὲ
1148 3348 1306 3434 Galerio
1321 3358 1379 3456 (e)
1398 3349 1688 3466 elephantiasim
1736 3358 1915 3439 enuinam

495 3479 697 3561 nunquam
712 3450 954 3541 observatam
973 3459 1110 3564 sitisse,
1126 3491 1217 3544 nain
1230 3462 1386 3547 videtur
1403 3462 1614 3576 aliquando
1631 3383 1915 3578 elephantiahm

494 3591 589 3646 cum
603 3563 797 3677 uitiligine
818 3569 1038 3655 confudisse
1044 3635 1058 3678 ,
1082 3601 1355 3686 memoratque
1374 3576 1503 3692 plures
1522 3579 1695 3662 historiar
1711 3580 1916 3662 hominum

494 3699 564 3788 per
585 3675 901 3788 simplicissimam
916 3683 1150 3796 methodum
1163 3712 1415 3788 curatorum;
1433 3692 1515 3771 inib
1536 3688 1628 3774 dom
1646 3719 1786 3775 eorum
1803 3692 1918 3804 symp

426 3901 428 3906 Ι
494 3814 645 3871 tomara
672 3796 713 3871 &
741 3795 953 3877 curationis
974 3795 1325 3910 promptitudinem
1354 3799 1376 3883 *a
1401 3805 1496 3884 vino
1525 3805 1566 3883 in
1591 3803 1701 3914 quod
1720 3806 1919 3916 irrepserat

494 3901 628 4012 vipera
647 3929 793 4007 narrat,
815 3905 980 3987 nimiirm
999 3911 1189 4018 patienter
1205 3911 1298 3994 anili
1315 3911 1453 3995 fabula
1479 3910 1604 3998 credit
1614 3979 1630 4022 ‚
1652 3921 1743 4000 clim
1764 3916 1918 4000 aliunde

492 4009 785 4126 elephantiasim
801 4009 849 4098 ab
864 4017 1053 4101 acerrimi
1066 4017 1147 4104 bile
1168 4023 1339 4133 pendere
1354 4052 1556 4135 autumet,
1581 4026 1661 4112 atrii
1677 4026 1746 4113 illl
1759 4035 1802 4114 br
1821 4027 1921 4144 apud

495 4149 634 4207 omnes
649 4125 731 4210 sere
745 4155 820 4238 pro
839 4127 1041 4214 insanabili
1057 4128 1200 4216 habiti.

550 4233 698 4317 Veron
717 4239 819 4349 apud
831 4239 944 4325 illum
963 4251 1002 4326 br
1019 4270 1160 4330 omnes
1181 4249 1346 4330 omnino
1365 4250 1547 4358 Graecos,
1568 4251 1858 4368 etsiipluribus
1873 4253 1922 4338 de

493 4339 743 4456 elephantiasi
758 4350 939 4462 singulari
965 4355 1083 4441 titulo
1109 4361 1314 4444 trasiatum
1336 4363 1410 4474 sit,
1434 4363 1639 4448 nunidem
1665 4369 1718 4450 esi
1731 4365 1922 4482 elephan·

529 4475 544 4544 (
553 4481 592 4548 a)
616 4476 728 4540 Lutrer'.
744 4479 778 4540 de
795 4481 861 4542 Rer.
876 4505 933 4550 oar.
948 4488 994 4550 lib.
1008 4507 1035 4563 5.

527 4549 587 4628 (b)
611 4555 671 4616 Lib.
690 4579 723 4636 3,
744 4581 803 4641 cap.
824 4583 872 4632 ις.

393 4641 396 4650 ’
533 4637 590 4708 (c)
614 4633 674 4698 Lib.
692 4647 746 4710 26,
764 4660 823 4722 tap-
845 4659 874 4717 ς.

416 4781 420 4788 ¹
534 4709 596 4789 (tl)
619 4713 666 4776 De
686 4717 755 4778 Arre
774 4723 882 4782 curandi
902 4723 936 4784 ad
955 4719 1168 4804 Glaucon,1ib.
1190 4757 1218 4794 a.

533 4797 590 4871 (e)
613 4793 661 4856 De
675 4793 777 4923 xSimpl·
795 4800 872 4868 mel.
891 4803 1000 4870 Faculi.
1016 4801 1070 4867 XI.
