4250 5898
636 433 1190 550 carituris.
1379 495 1395 542 -,
1562 475 1640 558 501³
1749 381 1753 394 ⁵

202 585 269 678 vel
288 611 407 697 cuin,
426 587 492 676 vel
506 591 847 788 tine-phiyttoenis
868 594 1081 702 referatur,
1102 594 1195 680 dein
1215 597 1312 682 vero
1336 619 1402 682 aut
1424 597 1473 684 ad
1496 600 1640 718 phleg-

204 731 396 810 monem‚
422 701 488 789 vel
510 704 561 788 ad
583 707 783 814 echatarn
809 708 1124 822 gangrenosam
1152 709 1202 792 de
1228 739 1270 794 re
1291 709 1340 794 ad
1361 717 1564 796 traciarum
1589 719 1640 802 de

203 815 424 906 tumoribus
455 821 674 933 pertinente
705 822 757 904 eo
790 827 916 934 magis
948 819 1228 929 abstinuimus,
1259 823 1368 932 quod
1398 825 1449 909 de
1478 834 1643 916 materie

78 1005 82 1016 .
203 927 433 1042 amplissime
457 929 684 1044 pertraslats
709 931 807 1016 nihil
835 937 931 1020 novi
957 934 1170 1018 dicendum
1198 935 1278 1019 sese
1305 937 1457 1022 offerat.
1488 939 1641 1028 Eadem

200 1041 331 1126 forsan
366 1034 465 1127 ratio
501 1043 550 1128 ad
581 1045 806 1158 presentem
839 1051 1110 1132 trauaionem
1147 1053 1326 1164 pertinet.
1367 1039 1511 1134 Veriim
1548 1061 1641 1140 clim
1676 1036 1683 1050 l

201 1156 377 1264 quaedain
403 1160 673 1269 phoenomena
697 1163 791 1246 huic
819 1160 940 1246 caiisae
967 1160 1179 1276 peculiaria
1204 1165 1302 1268 fini,
1330 1161 1465 1246 saltem
1493 1172 1639 1253 morari

109 1340 113 1349 .
199 1266 308 1352 circli
339 1268 448 1352 illam
481 1271 666 1384 tantisper
698 1273 826 1358 decet.
862 1277 981 1358 Aelio
1009 1277 1116 1358 enini
1148 1273 1336 1359 solarium
1365 1277 1564 1362 radiorum
1597 1285 1640 1368 iii

74 1461 77 1469 i
197 1381 369 1467 nudatos
393 1411 524 1492 artus,
550 1407 763 1497 cutemque
787 1372 856 1501 ipsi
880 1385 1041 1472 insolito
1072 1416 1185 1473 more
1207 1390 1423 1504 expositam
1448 1391 1497 1472 ad
1521 1396 1639 1504 erysi-

196 1494 307 1609 pelas
326 1497 491 1582 refertur
507 1525 520 1598 ς
544 1506 586 1584 &t
604 1523 657 1582 eo
670 1497 832 1611 quidem
849 1497 1061 1610 aliquando
1075 1524 1169 1586 curn
1184 1502 1319 1610 furore
1334 1529 1378 1585 ut
1392 1501 1638 1617 phlyEloeuas
1705 1547 1707 1563 ·

196 1610 320 1695 etiam
337 1641 420 1720 quae
438 1614 481 1692 in
498 1611 653 1696 stimmo
669 1614 842 1697 emicant
857 1611 1083 1728 erysipelate
1100 1615 1320 1728 producat,
1343 1616 1479 1721 πομφοὶ
1499 1620 1639 1722 napol-

195 1743 318 1830 riiryis
333 1723 571 1838 Hippocrati
597 1724 697 1807 olim
719 1724 868 1831 ditias,
897 1751 962 1810 aut
973 1788 987 1833 ,
1017 1731 1181 1811 nomine
1201 1729 1262 1810 liis
1284 1726 1518 1842 phlysloenis
1543 1761 1639 1844 pro-

195 1841 318 1952 prio,
344 1832 545 1920 aGaleno
563 1865 725 1922 vocatas
746 1842 861 1942 pillis
882 1865 949 1924 aut
969 1838 1109 1944 uallis.
1241 1927 1246 1940 ,

254 1953 407 2059 Verum
435 1977 644 2059 antequam
673 1950 722 2036 ad
749 1949 953 2068 erysipelas
981 1950 1068 2038 talis
1097 1956 1252 2067 eruptio
1280 1955 1495 2061 evehatur,
1527 1956 1638 2064 quod

192 2063 297 2180 sape
325 2091 409 2146 uno
434 2061 546 2148 oculi
572 2066 650 2148 iclu
676 2065 746 2171 fit,
776 2091 908 2150 tamen
963 2065 1113 2150 uaedam
1139 2065 1227 2150 sunt
1253 2063 1346 2150 solis
1373 2068 1638 2181 impendentis

192 2181 343 2262 actioni
369 2179 526 2291 propria
554 2178 849 2291 phoenomena,
882 2095 1024 2290 quilius
1048 2177 1205 2264 videtur
1231 2175 1429 2287 aqualiter
1452 2207 1568 2293 agere
1594 2192 1638 2270 δε

192 2295 238 2376 in
265 2291 411 2374 fruetus
435 2293 641 2374 tenerioris
667 2290 876 2376 substantia
904 2287 1259 2376 &inanimalium
1287 2317 1419 2374 cutem
1431 2350 1446 2397 ,
1471 2297 1522 2376 eii
1548 2298 1638 2404 qui-

142 2451 149 2462 ·
195 2404 295 2488 dein
319 2405 442 2514 magis
454 2461 468 2507 ,
492 2404 573 2510 quo
596 2401 664 2484 illa
685 2407 843 2486 tenuior
864 2403 996 2486 fuerit.

257 2511 592 2627 Cuidampuellae
617 2517 833 2598 tenerrime
858 2513 882 2596 ὲ
908 2513 1051 2598 balneo
1075 2516 1235 2599 exeunti
1259 2513 1459 2621 fluuiatili,
1487 2519 1528 2600 in
1553 2545 1639 2628 quo

188 2625 474 2726 illa&li1iteis
496 2621 597 2710 bene
615 2627 715 2709 tesia
736 2626 882 2730 fuerat,
908 2634 949 2710 ὅ(
971 2622 992 2708 l
1013 2623 1097 2710 sole
1113 2625 1292 2733 defensa,
1311 2653 1465 2740 tergum
1488 2628 1639 2729 nudum

192 2740 275 2826 soli
294 2739 560 2826 ardentissimo
581 2741 819 2852 exponitur,
843 2746 884 2823 δι
907 2739 1011 2849 quasi
1036 2736 1083 2821 ab
1104 2737 1189 2851 ipso
1215 2742 1461 2853 opprimitur.
1489 2741 1638 2829 Rubor
1739 2811 1755 2826 ,

189 2859 236 2946 in
260 2855 380 2938 dorso
399 2852 572 2940 intensus
587 2855 789 2960 exoritur,
816 2854 895 2937 sine
913 2849 998 2935 ullo
1019 2849 1162 2936 dolore
1180 2852 1228 2935 ad
1248 2856 1421 2957 tactum,
1445 2856 1639 2940 evanidus

189 2997 358 3074 tamen,
377 2975 418 3051 ὅ(
438 2963 567 3050 subito
583 2993 808 3071 recurrens,
826 2966 852 3048 si
867 2969 1092 3052 trasiaretur
1107 2965 1237 3160 diffiitis
1255 2999 1264 3048 ε
1279 2968 1424 3078 viginti
1444 2970 1527 3080 post
1543 2998 1638 3079 qua-

188 3111 294 3170 tuor
306 3083 423 3164 horas
439 3077 597 3162 dorsum
608 3107 730 3164 omne
741 3082 864 3194 prurit
875 3141 889 3184 ‚
909 3077 1117 3194 epidermis
1138 3110 1158 3161 a
1187 3081 1218 3161 it
1232 3081 1271 3160 in
1286 3077 1431 3184 lenias,
1448 3081 1527 3162 sine
1546 3080 1636 3166 ullo

187 3191 343 3282 dolore
351 3255 366 3298 ,
387 3194 465 3278 sine
481 3189 596 3276 ullisis
613 3194 790 3277 humoris
808 3195 915 3276 exitu
929 3252 944 3297 ,
966 3190 1033 3276 sed
1047 3191 1167 3274 rubor
1185 3195 1227 3274 in
1243 3191 1316 3276 haic
1330 3197 1443 3306 'parte
1460 3220 1639 3280 remanet

186 3307 322 3418 usque
346 3305 394 3389 ad
419 3309 526 3388 hunc
548 3301 769 3500 ipluribus
792 3308 902 3387 annis
924 3303 1059 3410 diem,
1087 3305 1166 3388 sine
1187 3303 1268 3396 ulla
1295 3309 1539 3412 mutatione,
1564 3311 1637 3390 nisi

184 3419 307 3536 quiid
334 3415 355 3502 i
379 3415 538 3502 misceli
566 3415 661 3500 abae
691 3416 940 3532 epidermidis
971 3415 1182 3523 flavescat,
1212 3419 1281 3502 sed
1310 3418 1449 3502 elidem
1480 3421 1632 3532 semper

185 3533 403 3620 flavedinis
421 3531 639 3618 intensitate
660 3559 745 3644 pars
766 3528 850 3616 sole
874 3533 1022 3645 perusia
1044 3530 1312 3643 distinguitur,
1337 3533 1636 3642 quidquid'teii-

183 3647 342 3736 taverit
368 3647 469 3728 cutis
494 3641 649 3726 curiose
675 3642 840 3726 studiosa
865 3639 1110 3726 mulierculass
1304 3719 1308 3726 ,
1454 3725 1460 3738 ,
1725 3666 1728 3676 ·

222 3751 226 3758 ⁶
249 3757 399 3844 Multis
421 3754 505 3840 aliis
530 3755 668 3840 eadem
693 3759 797 3848 assio
821 3782 904 3838 non
925 3752 1110 3836 ruborem
1137 3752 1319 3862 reliquit,
1346 3752 1412 3838 sed
1438 3751 1460 3836 li
1489 3755 1638 3843 rubore
1767 3769 1770 3777 '

186 3873 439 3958 flavedinem
458 3868 678 3972 intensam,
702 3864 857 3976 qualern
880 3865 976 3980 sape
1000 3868 1168 3980 reperire
1189 3869 1301 3949 estin
1325 3866 1534 3974 messorum
1556 3897 1642 3954 ma-

184 3983 315 4070 nibus
338 3991 379 4067 ὅ(
402 3981 595 4086 brachiis,
620 3981 705 4064 imi>
726 3988 768 4064 &
790 3984 830 4062 in
851 3983 1011 4092 pectore
1037 3979 1139 4064 niale
1164 3977 1326 4063 defenso
1350 4013 1362 4077 ς
1390 3977 1517 4062 sedin
1539 3981 1636 4094 plu-

183 4099 308 4184 ribus
324 4101 404 4212 agit
418 4094 617 4185 radiorum
638 4092 729 4178 solis
751 4093 951 4200 efficacia,
973 4093 1067 4178 dlini
1092 4091 1264 4176 maculas
1285 4095 1475 4205 imprimit
1494 4095 1634 4180 slaves-

184 4238 362 4317 eentes,
389 4211 473 4293 iinb
501 4207 653 4314 fuscas,
705 4237 760 4290 uae
788 4210 857 4292 vix
880 4236 1054 4317 unquam
1083 4206 1221 4289 absunt
1250 4213 1271 4286 a
1303 4231 1394 4288 cute
1423 4204 1635 4294 mulierum

184 4328 425 4412 rusticarum
447 4319 522 4432 qui
544 4347 653 4437 parte
677 4237 750 4402 loli
773 4347 1035 4434 exponuntur.
1060 4317 1226 4401 Collum
1246 4345 1378 4402 earum
1396 4314 1521 4430 vulgo
1537 4322 1638 4405 fimi-

184 4439 305 4526 libus
319 4434 492 4524 maculis
514 4434 694 4518 deforme
715 4433 791 4536 est,
842 4431 926 4516 uod
946 4429 1129 4514 omnibus
1152 4427 1285 4514 videre
1303 4429 1423 4534 licet,
1450 4459 1532 4514 non
1553 4435 1637 4520 line

183 4553 443 4640 urbanorum
459 4547 636 4652 futtuo,
658 4461 1056 4656 quotieslailantibus
1072 4542 1283 4626 infantibus
1299 4571 1486 4628 mammas
1505 4544 1635 4632 albes-

184 4689 338 4754 centes
368 4671 409 4746 &
439 4659 459 4741 *a
488 4663 592 4744 flavo
623 4663 788 4744 thorace
818 4655 1005 4773 pendulas
1038 4654 1238 4743 exhibent.
1273 4653 1327 4738 Ut
1358 4683 1456 4768 ergo
1486 4658 1636 4744 stuuus

183 4800 350 4898 partem
371 4771 392 4858 ὲ
411 4770 684 4856 soleaversam
703 4769 874 4856 albidani
898 4769 1071 4877 habent,
1099 4777 1139 4852 &t
1160 4771 1225 4879 qui
1241 4768 1347 4853 foliis
1366 4797 1636 4884 conteguntur

180 4917 403 5014 uunquam
420 4885 682 4972 rubicundum
699 4891 906 4999 acquirunt
927 4881 1134 5006 colorem,
1160 4881 1214 4968 sic
1237 4881 1373 4968 urbani
1397 4885 1465 5043 qpi
1488 4885 1635 4968 faciem
