<?xml version="1.0" encoding="UTF-8"?>
<!DOCTYPE html PUBLIC "-//W3C//DTD XHTML 1.0 Transitional//EN"
    "http://www.w3.org/TR/xhtml1/DTD/xhtml1-transitional.dtd">
<html xmlns="http://www.w3.org/1999/xhtml" xml:lang="en" lang="en">
 <head>
  <title>
</title>
<meta http-equiv="Content-Type" content="text/html;charset=utf-8" />
  <meta name='ocr-system' content='tesseract 3.04.00' />
  <meta name='ocr-capabilities' content='ocr_page ocr_carea ocr_par ocr_line ocrx_word'/>
</head>
<body>
  <div class='ocr_page' id='page_1' title='image "./tractatusdemorb00cavegoog_0434.png"; bbox 0 0 4226 5916; ppageno 0'>
   <div class='ocr_carea' id='block_1_1' title="bbox 646 407 1622 546">
    <p class='ocr_par' dir='ltr' id='par_1_1' title="bbox 646 407 1622 546">
     <span class='ocr_line' id='line_1_1' title="bbox 646 407 1622 546; baseline 0.008 -36"><span class='ocrx_word' id='word_1_1' title='bbox 646 408 1139 546; x_wconf 64' lang='lat' dir='ltr'>CUTANEIa</span> <span class='ocrx_word' id='word_1_2' title='bbox 1496 407 1622 538; x_wconf 51' lang='grc' dir='ltr'>’ῃι</span> 
     </span>
    </p>
   </div>
   <div class='ocr_carea' id='block_1_2' title="bbox 150 581 1733 3381">
    <p class='ocr_par' dir='ltr' id='par_1_2' title="bbox 184 581 1628 1042">
     <span class='ocr_line' id='line_1_2' title="bbox 187 581 1628 710; baseline 0 -36"><span class='ocrx_word' id='word_1_3' title='bbox 187 583 468 674; x_wconf 72' lang='lat' dir='ltr'>alimentorum</span> <span class='ocrx_word' id='word_1_4' title='bbox 496 581 753 674; x_wconf 80' lang='lat' dir='ltr'>absurdarum</span> <span class='ocrx_word' id='word_1_5' title='bbox 776 587 970 705; x_wconf 83' lang='lat' dir='ltr'>farragine</span> <span class='ocrx_word' id='word_1_6' title='bbox 993 612 1158 710; x_wconf 66' lang='lat' dir='ltr'>onerant</span> <span class='ocrx_word' id='word_1_7' title='bbox 1182 617 1195 690; x_wconf 81' lang='lat'><em>3</em></span> <span class='ocrx_word' id='word_1_8' title='bbox 1226 584 1321 676; x_wconf 90' lang='lat' dir='ltr'>hinc</span> <span class='ocrx_word' id='word_1_9' title='bbox 1343 587 1367 674; x_wconf 77' lang='lat' dir='ltr'>i</span> <span class='ocrx_word' id='word_1_10' title='bbox 1390 589 1517 706; x_wconf 85' lang='lat' dir='ltr'>pravis</span> <span class='ocrx_word' id='word_1_11' title='bbox 1543 591 1628 678; x_wconf 84' lang='lat' dir='ltr'>ele-</span> 
     </span>
     <span class='ocr_line' id='line_1_3' title="bbox 185 700 1627 804; baseline 0.007 -20"><span class='ocrx_word' id='word_1_12' title='bbox 185 702 332 787; x_wconf 87' lang='lat' dir='ltr'>mentis</span> <span class='ocrx_word' id='word_1_13' title='bbox 355 704 477 786; x_wconf 88' lang='lat' dir='ltr'>vitam</span> <span class='ocrx_word' id='word_1_14' title='bbox 500 700 705 786; x_wconf 89' lang='lat' dir='ltr'>ordiuntur</span> <span class='ocrx_word' id='word_1_15' title='bbox 725 700 866 788; x_wconf 84' lang='lat' dir='ltr'>miselli</span> <span class='ocrx_word' id='word_1_16' title='bbox 882 736 896 804; x_wconf 80' lang='lat'>3</span> <span class='ocrx_word' id='word_1_17' title='bbox 915 705 944 786; x_wconf 86' lang='lat' dir='ltr'>st</span> <span class='ocrx_word' id='word_1_18' title='bbox 963 705 1060 788; x_wconf 79' lang='lat' dir='ltr'>verb</span> <span class='ocrx_word' id='word_1_19' title='bbox 1083 706 1124 786; x_wconf 92' lang='lat' dir='ltr'>in</span> <span class='ocrx_word' id='word_1_20' title='bbox 1146 700 1249 787; x_wconf 71' lang='lat' dir='ltr'>bene</span> <span class='ocrx_word' id='word_1_21' title='bbox 1266 730 1442 788; x_wconf 89' lang='lat' dir='ltr'>moratos</span> <span class='ocrx_word' id='word_1_22' title='bbox 1462 708 1627 794; x_wconf 86' lang='lat' dir='ltr'>nutricis</span> 
     </span>
     <span class='ocr_line' id='line_1_4' title="bbox 185 811 1627 931; baseline 0.007 -33"><span class='ocrx_word' id='word_1_23' title='bbox 185 817 377 900; x_wconf 85' lang='lat' dir='ltr'>humores</span> <span class='ocrx_word' id='word_1_24' title='bbox 393 811 598 922; x_wconf 89' lang='lat' dir='ltr'>incidunt,</span> <span class='ocrx_word' id='word_1_25' title='bbox 625 844 708 899; x_wconf 91' lang='lat' dir='ltr'>non</span> <span class='ocrx_word' id='word_1_26' title='bbox 723 817 792 900; x_wconf 84' lang='lat' dir='ltr'>nist</span> <span class='ocrx_word' id='word_1_27' title='bbox 806 819 891 931; x_wconf 88' lang='lat' dir='ltr'>post</span> <span class='ocrx_word' id='word_1_28' title='bbox 905 818 1080 901; x_wconf 73' lang='lat' dir='ltr'>exatiam</span> <span class='ocrx_word' id='word_1_29' title='bbox 1098 818 1381 926; x_wconf 88' lang='lat' dir='ltr'>nutritionem,</span> <span class='ocrx_word' id='word_1_30' title='bbox 1396 818 1627 908; x_wconf 76' lang='lat' dir='ltr'>reconditus</span> 
     </span>
     <span class='ocr_line' id='line_1_5' title="bbox 184 929 519 1042; baseline -0.006 -30"><span class='ocrx_word' id='word_1_31' title='bbox 184 929 334 1012; x_wconf 84' lang='lat' dir='ltr'>humor</span> <span class='ocrx_word' id='word_1_32' title='bbox 349 953 519 1042; x_wconf 84' lang='lat' dir='ltr'>apparet.</span> 
     </span>
    </p>

    <p class='ocr_par' dir='ltr' id='par_1_3' title="bbox 185 1037 1731 1692">
     <span class='ocr_line' id='line_1_6' title="bbox 241 1037 1627 1150; baseline 0.006 -26"><span class='ocrx_word' id='word_1_33' title='bbox 241 1039 412 1127; x_wconf 88' lang='lat' dir='ltr'>Novum</span> <span class='ocrx_word' id='word_1_34' title='bbox 448 1037 589 1126; x_wconf 73' lang='lat' dir='ltr'>contra</span> <span class='ocrx_word' id='word_1_35' title='bbox 623 1040 838 1150; x_wconf 86' lang='lat' dir='ltr'>fomitem,</span> <span class='ocrx_word' id='word_1_36' title='bbox 870 1071 1015 1128; x_wconf 87' lang='lat' dir='ltr'>novam</span> <span class='ocrx_word' id='word_1_37' title='bbox 1044 1041 1314 1129; x_wconf 74' lang='lat' dir='ltr'>exclusionem</span> <span class='ocrx_word' id='word_1_38' title='bbox 1335 1042 1495 1128; x_wconf 85' lang='lat' dir='ltr'>humori</span> <span class='ocrx_word' id='word_1_39' title='bbox 1521 1044 1627 1132; x_wconf 77' lang='lat' dir='ltr'>maid</span> 
     </span>
     <span class='ocr_line' id='line_1_7' title="bbox 186 1151 1664 1270; baseline -0.003 -32"><span class='ocrx_word' id='word_1_40' title='bbox 186 1156 310 1238; x_wconf 71' lang='lat' dir='ltr'>codic</span> <span class='ocrx_word' id='word_1_41' title='bbox 347 1151 520 1270; x_wconf 72' lang='lat' dir='ltr'>prebent</span> <span class='ocrx_word' id='word_1_42' title='bbox 559 1154 788 1242; x_wconf 89' lang='lat' dir='ltr'>dentitionis</span> <span class='ocrx_word' id='word_1_43' title='bbox 825 1157 932 1240; x_wconf 85' lang='lat' dir='ltr'>varia</span> <span class='ocrx_word' id='word_1_44' title='bbox 963 1181 1189 1264; x_wconf 88' lang='lat' dir='ltr'>tormenta,</span> <span class='ocrx_word' id='word_1_45' title='bbox 1223 1187 1308 1270; x_wconf 86' lang='lat' dir='ltr'>quae</span> <span class='ocrx_word' id='word_1_46' title='bbox 1345 1153 1446 1238; x_wconf 79' lang='lat' dir='ltr'>adeo</span> <span class='ocrx_word' id='word_1_47' title='bbox 1483 1160 1625 1246; x_wconf 85' lang='lat' dir='ltr'>mitam</span> <span class='ocrx_word' id='word_1_48' title='bbox 1662 1229 1664 1234; x_wconf 82' lang='grc'><strong>,</strong></span> 
     </span>
     <span class='ocr_line' id='line_1_8' title="bbox 186 1265 1625 1381; baseline 0.005 -31"><span class='ocrx_word' id='word_1_49' title='bbox 186 1270 229 1350; x_wconf 92' lang='lat' dir='ltr'>in</span> <span class='ocrx_word' id='word_1_50' title='bbox 260 1265 431 1352; x_wconf 85' lang='lat' dir='ltr'>infantili</span> <span class='ocrx_word' id='word_1_51' title='bbox 463 1266 705 1381; x_wconf 84' lang='lat' dir='ltr'>mucilagine</span> <span class='ocrx_word' id='word_1_52' title='bbox 732 1271 993 1354; x_wconf 87' lang='lat' dir='ltr'>mutationem</span> <span class='ocrx_word' id='word_1_53' title='bbox 1023 1269 1225 1376; x_wconf 89' lang='lat' dir='ltr'>inferunt,</span> <span class='ocrx_word' id='word_1_54' title='bbox 1252 1293 1298 1353; x_wconf 88' lang='lat' dir='ltr'>ut</span> <span class='ocrx_word' id='word_1_55' title='bbox 1327 1297 1422 1352; x_wconf 88' lang='lat' dir='ltr'>acor</span> <span class='ocrx_word' id='word_1_56' title='bbox 1450 1270 1625 1357; x_wconf 81' lang='lat' dir='ltr'>exundet</span> 
     </span>
     <span class='ocr_line' id='line_1_9' title="bbox 187 1377 1624 1497; baseline 0.005 -33"><span class='ocrx_word' id='word_1_57' title='bbox 187 1377 472 1492; x_wconf 71' lang='lat' dir='ltr'>undequaque,</span> <span class='ocrx_word' id='word_1_58' title='bbox 504 1389 546 1463; x_wconf 73' lang='grc' dir='ltr'>ὃ(</span> <span class='ocrx_word' id='word_1_59' title='bbox 573 1383 653 1497; x_wconf 89' lang='lat' dir='ltr'>ipsa</span> <span class='ocrx_word' id='word_1_60' title='bbox 683 1379 772 1467; x_wconf 86' lang='lat' dir='ltr'>bilis</span> <span class='ocrx_word' id='word_1_61' title='bbox 801 1410 852 1466; x_wconf 90' lang='lat' dir='ltr'>eo</span> <span class='ocrx_word' id='word_1_62' title='bbox 876 1408 996 1467; x_wconf 87' lang='lat' dir='ltr'>acore</span> <span class='ocrx_word' id='word_1_63' title='bbox 1014 1382 1148 1468; x_wconf 89' lang='lat' dir='ltr'>vitiata</span> <span class='ocrx_word' id='word_1_64' title='bbox 1172 1381 1341 1468; x_wconf 90' lang='lat' dir='ltr'>viridem</span> <span class='ocrx_word' id='word_1_65' title='bbox 1365 1389 1406 1465; x_wconf 80' lang='lat' dir='ltr'>bt</span> <span class='ocrx_word' id='word_1_66' title='bbox 1429 1382 1624 1495; x_wconf 78' lang='lat' dir='ltr'>prasinum</span> 
     </span>
     <span class='ocr_line' id='line_1_10' title="bbox 187 1490 1731 1628; baseline 0.003 -52"><span class='ocrx_word' id='word_1_67' title='bbox 187 1490 372 1578; x_wconf 91' lang='lat' dir='ltr'>colorem</span> <span class='ocrx_word' id='word_1_68' title='bbox 398 1493 584 1628; x_wconf 76' lang='lat' dir='ltr'>adumar,</span> <span class='ocrx_word' id='word_1_69' title='bbox 608 1493 717 1606; x_wconf 88' lang='lat' dir='ltr'>quod</span> <span class='ocrx_word' id='word_1_70' title='bbox 742 1493 765 1580; x_wconf 77' lang='lat' dir='ltr'>a</span> <span class='ocrx_word' id='word_1_71' title='bbox 790 1495 967 1580; x_wconf 85' lang='lat' dir='ltr'>dentium</span> <span class='ocrx_word' id='word_1_72' title='bbox 992 1493 1221 1581; x_wconf 77' lang='lat' dir='ltr'>exclusione</span> <span class='ocrx_word' id='word_1_73' title='bbox 1249 1495 1429 1608; x_wconf 84' lang='lat' dir='ltr'>pendere·</span> <span class='ocrx_word' id='word_1_74' title='bbox 1444 1490 1511 1579; x_wconf 88' lang='lat' dir='ltr'>vel</span> <span class='ocrx_word' id='word_1_75' title='bbox 1536 1495 1624 1610; x_wconf 83' lang='lat' dir='ltr'>ipsa</span> <span class='ocrx_word' id='word_1_76' title='bbox 1728 1535 1731 1548; x_wconf 63' lang='lat'><strong><em>¹</em></strong></span> 
     </span>
     <span class='ocr_line' id='line_1_11' title="bbox 185 1632 540 1692; baseline 0.008 -5"><span class='ocrx_word' id='word_1_77' title='bbox 185 1632 335 1691; x_wconf 92' lang='lat' dir='ltr'>norunt</span> <span class='ocrx_word' id='word_1_78' title='bbox 355 1633 540 1692; x_wconf 78' lang='lat' dir='ltr'>nutrices.</span> 
     </span>
    </p>

    <p class='ocr_par' dir='ltr' id='par_1_4' title="bbox 182 1719 1623 2481">
     <span class='ocr_line' id='line_1_12' title="bbox 246 1719 1620 1837; baseline 0 -33"><span class='ocrx_word' id='word_1_79' title='bbox 246 1719 349 1829; x_wconf 85' lang='lat' dir='ltr'>Quae</span> <span class='ocrx_word' id='word_1_80' title='bbox 367 1723 458 1804; x_wconf 84' lang='lat' dir='ltr'>cirm</span> <span class='ocrx_word' id='word_1_81' title='bbox 478 1722 533 1806; x_wconf 92' lang='lat' dir='ltr'>ita</span> <span class='ocrx_word' id='word_1_82' title='bbox 551 1721 625 1805; x_wconf 84' lang='lat' dir='ltr'>stnt</span> <span class='ocrx_word' id='word_1_83' title='bbox 635 1787 649 1828; x_wconf 90' lang='lat'><em>‚</em></span> <span class='ocrx_word' id='word_1_84' title='bbox 671 1745 779 1837; x_wconf 86' lang='lat' dir='ltr'>patet</span> <span class='ocrx_word' id='word_1_85' title='bbox 798 1721 1042 1804; x_wconf 86' lang='lat' dir='ltr'>curationem</span> <span class='ocrx_word' id='word_1_86' title='bbox 1070 1721 1171 1836; x_wconf 87' lang='lat' dir='ltr'>ignis</span> <span class='ocrx_word' id='word_1_87' title='bbox 1195 1720 1374 1832; x_wconf 85' lang='lat' dir='ltr'>sylvatici</span> <span class='ocrx_word' id='word_1_88' title='bbox 1396 1749 1620 1830; x_wconf 86' lang='lat' dir='ltr'>nunquam,</span> 
     </span>
     <span class='ocr_line' id='line_1_13' title="bbox 187 1829 1623 1951; baseline 0.005 -38"><span class='ocrx_word' id='word_1_89' title='bbox 187 1830 257 1913; x_wconf 83' lang='lat' dir='ltr'>nist</span> <span class='ocrx_word' id='word_1_90' title='bbox 279 1832 448 1916; x_wconf 83' lang='lat' dir='ltr'>confilio</span> <span class='ocrx_word' id='word_1_91' title='bbox 469 1834 684 1918; x_wconf 78' lang='lat' dir='ltr'>admodum</span> <span class='ocrx_word' id='word_1_92' title='bbox 703 1833 910 1950; x_wconf 88' lang='lat' dir='ltr'>perverso,</span> <span class='ocrx_word' id='word_1_93' title='bbox 931 1833 1040 1948; x_wconf 83' lang='lat' dir='ltr'>polle</span> <span class='ocrx_word' id='word_1_94' title='bbox 1054 1864 1123 1951; x_wconf 88' lang='lat' dir='ltr'>per</span> <span class='ocrx_word' id='word_1_95' title='bbox 1136 1839 1272 1951; x_wconf 86' lang='lat' dir='ltr'>topica</span> <span class='ocrx_word' id='word_1_96' title='bbox 1286 1829 1514 1947; x_wconf 83' lang='lat' dir='ltr'>repellentia</span> <span class='ocrx_word' id='word_1_97' title='bbox 1534 1859 1623 1919; x_wconf 89' lang='lat' dir='ltr'>ten·</span> 
     </span>
     <span class='ocr_line' id='line_1_14' title="bbox 187 1917 1622 2060; baseline 0.003 -33"><span class='ocrx_word' id='word_1_98' title='bbox 187 1947 272 2027; x_wconf 88' lang='lat' dir='ltr'>tari.</span> <span class='ocrx_word' id='word_1_99' title='bbox 308 1945 470 2060; x_wconf 71' lang='lat' dir='ltr'>Quippe</span> <span class='ocrx_word' id='word_1_100' title='bbox 493 1947 586 2030; x_wconf 72' lang='lat' dir='ltr'>inde</span> <span class='ocrx_word' id='word_1_101' title='bbox 608 1951 771 2031; x_wconf 83' lang='lat' dir='ltr'>maximi</span> <span class='ocrx_word' id='word_1_102' title='bbox 793 1949 833 2033; x_wconf 91' lang='lat' dir='ltr'>in</span> <span class='ocrx_word' id='word_1_103' title='bbox 852 1945 1012 2031; x_wconf 68' lang='lat' dir='ltr'>infantia</span> <span class='ocrx_word' id='word_1_104' title='bbox 1030 1951 1225 2034; x_wconf 90' lang='lat' dir='ltr'>momenti</span> <span class='ocrx_word' id='word_1_105' title='bbox 1246 1917 1452 2059; x_wconf 86' lang='lat' dir='ltr'>depuratib</span> <span class='ocrx_word' id='word_1_106' title='bbox 1474 1975 1622 2060; x_wconf 81' lang='lat' dir='ltr'>praepe-</span> 
     </span>
     <span class='ocr_line' id='line_1_15' title="bbox 186 2056 1622 2180; baseline 0.003 -40"><span class='ocrx_word' id='word_1_107' title='bbox 186 2057 292 2140; x_wconf 90' lang='lat' dir='ltr'>ditur</span> <span class='ocrx_word' id='word_1_108' title='bbox 314 2056 479 2146; x_wconf 83' lang='lat' dir='ltr'>&amp;labes</span> <span class='ocrx_word' id='word_1_109' title='bbox 497 2057 713 2146; x_wconf 83' lang='lat' dir='ltr'>visceribus</span> <span class='ocrx_word' id='word_1_110' title='bbox 730 2061 894 2145; x_wconf 87' lang='lat' dir='ltr'>infertur</span> <span class='ocrx_word' id='word_1_111' title='bbox 913 2093 927 2159; x_wconf 78' lang='lat'>3</span> <span class='ocrx_word' id='word_1_112' title='bbox 948 2061 1053 2145; x_wconf 73' lang='lat' dir='ltr'>unde</span> <span class='ocrx_word' id='word_1_113' title='bbox 1076 2091 1184 2180; x_wconf 76' lang='lat' dir='ltr'>mors</span> <span class='ocrx_word' id='word_1_114' title='bbox 1199 2085 1371 2174; x_wconf 80' lang='lat' dir='ltr'>praeceps</span> <span class='ocrx_word' id='word_1_115' title='bbox 1389 2059 1622 2168; x_wconf 85' lang='lat' dir='ltr'>metuenda,</span> 
     </span>
     <span class='ocr_line' id='line_1_16' title="bbox 186 2167 1622 2286; baseline 0.001 -31"><span class='ocrx_word' id='word_1_116' title='bbox 186 2167 252 2255; x_wconf 87' lang='lat' dir='ltr'>vel</span> <span class='ocrx_word' id='word_1_117' title='bbox 269 2199 362 2256; x_wconf 88' lang='lat' dir='ltr'>curn</span> <span class='ocrx_word' id='word_1_118' title='bbox 378 2175 539 2258; x_wconf 84' lang='lat' dir='ltr'>immani</span> <span class='ocrx_word' id='word_1_119' title='bbox 554 2172 837 2279; x_wconf 85' lang='lat' dir='ltr'>suffocatione,</span> <span class='ocrx_word' id='word_1_120' title='bbox 857 2171 924 2257; x_wconf 89' lang='lat' dir='ltr'>vel</span> <span class='ocrx_word' id='word_1_121' title='bbox 936 2173 1046 2284; x_wconf 89' lang='lat' dir='ltr'>quod</span> <span class='ocrx_word' id='word_1_122' title='bbox 1058 2173 1305 2286; x_wconf 86' lang='lat' dir='ltr'>frequentius</span> <span class='ocrx_word' id='word_1_123' title='bbox 1315 2173 1390 2276; x_wconf 88' lang='lat' dir='ltr'>est,</span> <span class='ocrx_word' id='word_1_124' title='bbox 1409 2199 1503 2254; x_wconf 87' lang='lat' dir='ltr'>curn</span> <span class='ocrx_word' id='word_1_125' title='bbox 1522 2171 1622 2285; x_wconf 85' lang='lat' dir='ltr'>spas-</span> 
     </span>
     <span class='ocr_line' id='line_1_17' title="bbox 186 2281 1622 2400; baseline 0.002 -34"><span class='ocrx_word' id='word_1_126' title='bbox 186 2285 262 2366; x_wconf 87' lang='lat' dir='ltr'>mis</span> <span class='ocrx_word' id='word_1_127' title='bbox 281 2291 323 2368; x_wconf 77' lang='lat' dir='ltr'>or.</span> <span class='ocrx_word' id='word_1_128' title='bbox 342 2284 600 2371; x_wconf 75' lang='lat' dir='ltr'>convulsione</span> <span class='ocrx_word' id='word_1_129' title='bbox 616 2317 699 2397; x_wconf 89' lang='lat' dir='ltr'>quae</span> <span class='ocrx_word' id='word_1_130' title='bbox 719 2283 884 2372; x_wconf 86' lang='lat' dir='ltr'>morbos</span> <span class='ocrx_word' id='word_1_131' title='bbox 905 2287 1024 2396; x_wconf 91' lang='lat' dir='ltr'>capiti</span> <span class='ocrx_word' id='word_1_132' title='bbox 1041 2290 1224 2400; x_wconf 86' lang='lat' dir='ltr'>proprios</span> <span class='ocrx_word' id='word_1_133' title='bbox 1242 2285 1284 2368; x_wconf 93' lang='lat' dir='ltr'>in</span> <span class='ocrx_word' id='word_1_134' title='bbox 1304 2281 1518 2368; x_wconf 86' lang='lat' dir='ltr'>infantibus</span> <span class='ocrx_word' id='word_1_135' title='bbox 1538 2285 1622 2370; x_wconf 77' lang='lat' dir='ltr'>fere</span> 
     </span>
     <span class='ocr_line' id='line_1_18' title="bbox 182 2395 620 2481; baseline 0.005 -2"><span class='ocrx_word' id='word_1_136' title='bbox 182 2395 264 2479; x_wconf 90' lang='lat' dir='ltr'>sem</span> <span class='ocrx_word' id='word_1_137' title='bbox 295 2423 337 2480; x_wconf 91' lang='lat' dir='ltr'>er</span> <span class='ocrx_word' id='word_1_138' title='bbox 354 2401 578 2481; x_wconf 85' lang='lat' dir='ltr'>comitatur.</span> <span class='ocrx_word' id='word_1_139' title='bbox 610 2419 620 2440; x_wconf 89' lang='lat'><strong>·</strong></span> 
     </span>
    </p>

    <p class='ocr_par' dir='ltr' id='par_1_5' title="bbox 150 2505 1733 3381">
     <span class='ocr_line' id='line_1_19' title="bbox 284 2505 1622 2625; baseline -0.001 -32"><span class='ocrx_word' id='word_1_140' title='bbox 284 2515 395 2593; x_wconf 82' lang='lat' dir='ltr'>etium</span> <span class='ocrx_word' id='word_1_141' title='bbox 427 2507 524 2592; x_wconf 72' lang='lat' dir='ltr'>licet</span> <span class='ocrx_word' id='word_1_142' title='bbox 550 2509 755 2625; x_wconf 84' lang='lat' dir='ltr'>deputatio</span> <span class='ocrx_word' id='word_1_143' title='bbox 784 2512 868 2598; x_wconf 76' lang='lat' dir='ltr'>haec</span> <span class='ocrx_word' id='word_1_144' title='bbox 894 2507 977 2616; x_wconf 80' lang='lat' dir='ltr'>jure</span> <span class='ocrx_word' id='word_1_145' title='bbox 1000 2512 1224 2619; x_wconf 78' lang='lat' dir='ltr'>meritoque</span> <span class='ocrx_word' id='word_1_146' title='bbox 1249 2505 1347 2592; x_wconf 87' lang='lat' dir='ltr'>felix</span> <span class='ocrx_word' id='word_1_147' title='bbox 1367 2505 1555 2591; x_wconf 86' lang='lat' dir='ltr'>habeatur</span> <span class='ocrx_word' id='word_1_148' title='bbox 1578 2513 1622 2592; x_wconf 74' lang='lat' dir='ltr'>ot</span> 
     </span>
     <span class='ocr_line' id='line_1_20' title="bbox 182 2617 1621 2736; baseline -0.001 -30"><span class='ocrx_word' id='word_1_149' title='bbox 182 2617 302 2706; x_wconf 90' lang='lat' dir='ltr'>bonis</span> <span class='ocrx_word' id='word_1_150' title='bbox 322 2619 505 2736; x_wconf 59' lang='lat' dir='ltr'>auspiciis*</span> <span class='ocrx_word' id='word_1_151' title='bbox 521 2624 542 2705; x_wconf 72' lang='lat' dir='ltr'>a</span> <span class='ocrx_word' id='word_1_152' title='bbox 557 2621 692 2707; x_wconf 74' lang='lat' dir='ltr'>namsi</span> <span class='ocrx_word' id='word_1_153' title='bbox 711 2625 946 2728; x_wconf 90' lang='lat' dir='ltr'>inchoetur,</span> <span class='ocrx_word' id='word_1_154' title='bbox 963 2623 1078 2706; x_wconf 86' lang='lat' dir='ltr'>causa</span> <span class='ocrx_word' id='word_1_155' title='bbox 1093 2647 1227 2724; x_wconf 88' lang='lat' dir='ltr'>tamen</span> <span class='ocrx_word' id='word_1_156' title='bbox 1245 2623 1346 2702; x_wconf 78' lang='lat' dir='ltr'>intirs</span> <span class='ocrx_word' id='word_1_157' title='bbox 1358 2621 1498 2703; x_wconf 87' lang='lat' dir='ltr'>vitiosa</span> <span class='ocrx_word' id='word_1_158' title='bbox 1510 2618 1621 2706; x_wconf 87' lang='lat' dir='ltr'>latet.</span> 
     </span>
     <span class='ocr_line' id='line_1_21' title="bbox 184 2729 1621 2848; baseline 0.001 -31"><span class='ocrx_word' id='word_1_159' title='bbox 184 2733 285 2817; x_wconf 93' lang='lat' dir='ltr'>Non</span> <span class='ocrx_word' id='word_1_160' title='bbox 301 2737 409 2820; x_wconf 87' lang='lat' dir='ltr'>enim</span> <span class='ocrx_word' id='word_1_161' title='bbox 431 2762 481 2817; x_wconf 89' lang='lat' dir='ltr'>ex</span> <span class='ocrx_word' id='word_1_162' title='bbox 502 2735 641 2820; x_wconf 90' lang='lat' dir='ltr'>ordine</span> <span class='ocrx_word' id='word_1_163' title='bbox 665 2763 808 2820; x_wconf 80' lang='lat' dir='ltr'>natura</span> <span class='ocrx_word' id='word_1_164' title='bbox 831 2735 912 2819; x_wconf 91' lang='lat' dir='ltr'>dici</span> <span class='ocrx_word' id='word_1_165' title='bbox 934 2737 1060 2848; x_wconf 86' lang='lat' dir='ltr'>potest</span> <span class='ocrx_word' id='word_1_166' title='bbox 1078 2737 1220 2818; x_wconf 89' lang='lat' dir='ltr'>vitium</span> <span class='ocrx_word' id='word_1_167' title='bbox 1241 2729 1345 2816; x_wconf 90' lang='lat' dir='ltr'>illud</span> <span class='ocrx_word' id='word_1_168' title='bbox 1365 2731 1475 2842; x_wconf 92' lang='lat' dir='ltr'>quod</span> <span class='ocrx_word' id='word_1_169' title='bbox 1495 2736 1621 2818; x_wconf 81' lang='lat' dir='ltr'>cutim</span> 
     </span>
     <span class='ocr_line' id='line_1_22' title="bbox 150 2843 1733 2964; baseline 0.001 -34"><span class='ocrx_word' id='word_1_170' title='bbox 150 2851 156 2858; x_wconf 83' lang='grc'><em>“</em></span> <span class='ocrx_word' id='word_1_171' title='bbox 185 2844 366 2962; x_wconf 86' lang='lat' dir='ltr'>deturpat</span> <span class='ocrx_word' id='word_1_172' title='bbox 386 2854 427 2936; x_wconf 74' lang='grc' dir='ltr'>ὃ(</span> <span class='ocrx_word' id='word_1_173' title='bbox 447 2851 638 2964; x_wconf 90' lang='lat' dir='ltr'>pruritum</span> <span class='ocrx_word' id='word_1_174' title='bbox 656 2848 699 2931; x_wconf 90' lang='lat' dir='ltr'>in</span> <span class='ocrx_word' id='word_1_175' title='bbox 721 2849 869 2932; x_wconf 76' lang='lat' dir='ltr'>miseris</span> <span class='ocrx_word' id='word_1_176' title='bbox 894 2843 1128 2953; x_wconf 87' lang='lat' dir='ltr'>infantibus,</span> <span class='ocrx_word' id='word_1_177' title='bbox 1150 2846 1332 2956; x_wconf 76' lang='lat' dir='ltr'>adeoque</span> <span class='ocrx_word' id='word_1_178' title='bbox 1350 2843 1446 2959; x_wconf 75' lang='lat' dir='ltr'>saepb</span> <span class='ocrx_word' id='word_1_179' title='bbox 1466 2843 1620 2958; x_wconf 87' lang='lat' dir='ltr'>vigilias</span> <span class='ocrx_word' id='word_1_180' title='bbox 1727 2929 1733 2954; x_wconf 37' lang='grc' dir='ltr'><strong>ι</strong></span> 
     </span>
     <span class='ocr_line' id='line_1_23' title="bbox 182 2957 1619 3076; baseline 0 -32"><span class='ocrx_word' id='word_1_181' title='bbox 182 2959 314 3044; x_wconf 90' lang='lat' dir='ltr'>infert.</span> <span class='ocrx_word' id='word_1_182' title='bbox 341 2962 386 3044; x_wconf 87' lang='lat' dir='ltr'>Si</span> <span class='ocrx_word' id='word_1_183' title='bbox 407 2989 503 3076; x_wconf 84' lang='lat' dir='ltr'>ergo</span> <span class='ocrx_word' id='word_1_184' title='bbox 528 2959 677 3046; x_wconf 82' lang='lat' dir='ltr'>malum</span> <span class='ocrx_word' id='word_1_185' title='bbox 696 2957 798 3046; x_wconf 72' lang='lat' dir='ltr'>uitri</span> <span class='ocrx_word' id='word_1_186' title='bbox 816 2958 1065 3057; x_wconf 73' lang='lat' dir='ltr'>tolerabilem</span> <span class='ocrx_word' id='word_1_187' title='bbox 1091 2963 1279 3046; x_wconf 87' lang='lat' dir='ltr'>evehatur</span> <span class='ocrx_word' id='word_1_188' title='bbox 1303 2957 1498 3072; x_wconf 86' lang='lat' dir='ltr'>gradum,</span> <span class='ocrx_word' id='word_1_189' title='bbox 1521 2983 1619 3044; x_wconf 89' lang='lat' dir='ltr'>tunc</span> 
     </span>
     <span class='ocr_line' id='line_1_24' title="bbox 182 3067 1618 3192; baseline 0.001 -39"><span class='ocrx_word' id='word_1_190' title='bbox 182 3075 310 3187; x_wconf 90' lang='lat' dir='ltr'>prima</span> <span class='ocrx_word' id='word_1_191' title='bbox 334 3083 375 3158; x_wconf 78' lang='lat' dir='ltr'>bt</span> <span class='ocrx_word' id='word_1_192' title='bbox 399 3079 591 3192; x_wconf 80' lang='lat' dir='ltr'>pracipua</span> <span class='ocrx_word' id='word_1_193' title='bbox 614 3078 827 3161; x_wconf 87' lang='lat' dir='ltr'>curationis</span> <span class='ocrx_word' id='word_1_194' title='bbox 877 3105 935 3160; x_wconf 89' lang='lat' dir='ltr'>ars</span> <span class='ocrx_word' id='word_1_195' title='bbox 954 3079 996 3160; x_wconf 94' lang='lat' dir='ltr'>in</span> <span class='ocrx_word' id='word_1_196' title='bbox 1019 3101 1071 3158; x_wconf 88' lang='lat' dir='ltr'>co</span> <span class='ocrx_word' id='word_1_197' title='bbox 1095 3077 1271 3180; x_wconf 88' lang='lat' dir='ltr'>constat,</span> <span class='ocrx_word' id='word_1_198' title='bbox 1291 3095 1336 3154; x_wconf 93' lang='lat' dir='ltr'>ut</span> <span class='ocrx_word' id='word_1_199' title='bbox 1360 3069 1468 3156; x_wconf 87' lang='lat' dir='ltr'>alvus</span> <span class='ocrx_word' id='word_1_200' title='bbox 1494 3067 1618 3154; x_wconf 87' lang='lat' dir='ltr'>libera</span> 
     </span>
     <span class='ocr_line' id='line_1_25' title="bbox 184 3108 1618 3381; baseline 0.001 -115"><span class='ocrx_word' id='word_1_201' title='bbox 184 3183 428 3381; x_wconf 59' lang='lat' dir='ltr'>plutinosum</span> <span class='ocrx_word' id='word_1_202' title='bbox 462 3189 722 3303; x_wconf 85' lang='lat' dir='ltr'>spontaneum</span> <span class='ocrx_word' id='word_1_203' title='bbox 754 3108 874 3302; x_wconf 84' lang='lat' dir='ltr'>quod</span> <span class='ocrx_word' id='word_1_204' title='bbox 892 3215 974 3273; x_wconf 88' lang='lat' dir='ltr'>tam</span> <span class='ocrx_word' id='word_1_205' title='bbox 1004 3185 1239 3304; x_wconf 87' lang='lat' dir='ltr'>multiplicia</span> <span class='ocrx_word' id='word_1_206' title='bbox 1272 3181 1375 3268; x_wconf 85' lang='lat' dir='ltr'>mala</span> <span class='ocrx_word' id='word_1_207' title='bbox 1405 3181 1618 3268; x_wconf 84' lang='lat' dir='ltr'>infantibus</span> 
     </span>
    </p>
   </div>
   <div class='ocr_carea' id='block_1_3' title="bbox 131 3295 1621 4063">
    <p class='ocr_par' dir='ltr' id='par_1_6' title="bbox 131 3295 1621 4063">
     <span class='ocr_line' id='line_1_26' title="bbox 215 3295 1618 3492; baseline 0 -111"><span class='ocrx_word' id='word_1_208' title='bbox 215 3304 426 3492; x_wconf 62' lang='lat' dir='ltr'>apnadone</span> <span class='ocrx_word' id='word_1_209' title='bbox 458 3299 558 3384; x_wconf 73' lang='lat' dir='ltr'>intra</span> <span class='ocrx_word' id='word_1_210' title='bbox 587 3305 731 3416; x_wconf 87' lang='lat' dir='ltr'>primas</span> <span class='ocrx_word' id='word_1_211' title='bbox 758 3331 870 3409; x_wconf 87' lang='lat' dir='ltr'>vras,</span> <span class='ocrx_word' id='word_1_212' title='bbox 904 3309 946 3388; x_wconf 73' lang='lat' dir='ltr'>dt</span> <span class='ocrx_word' id='word_1_213' title='bbox 979 3329 1099 3388; x_wconf 87' lang='lat' dir='ltr'>acore</span> <span class='ocrx_word' id='word_1_214' title='bbox 1129 3299 1222 3385; x_wconf 74' lang='lat' dir='ltr'>inde</span> <span class='ocrx_word' id='word_1_215' title='bbox 1254 3301 1295 3382; x_wconf 92' lang='lat' dir='ltr'>in</span> <span class='ocrx_word' id='word_1_216' title='bbox 1327 3295 1467 3380; x_wconf 87' lang='lat' dir='ltr'>ultima</span> <span class='ocrx_word' id='word_1_217' title='bbox 1494 3296 1618 3408; x_wconf 70' lang='lat' dir='ltr'>usque</span> 
     </span>
     <span class='ocr_line' id='line_1_27' title="bbox 131 3411 1618 3523; baseline -0.004 -25"><span class='ocrx_word' id='word_1_218' title='bbox 131 3499 151 3519; x_wconf 45' lang='grc'>,,</span> <span class='ocrx_word' id='word_1_219' title='bbox 172 3439 234 3502; x_wconf 79' lang='lat' dir='ltr'>,va</span> <span class='ocrx_word' id='word_1_220' title='bbox 252 3415 367 3495; x_wconf 86' lang='lat' dir='ltr'>orum</span> <span class='ocrx_word' id='word_1_221' title='bbox 393 3441 460 3499; x_wconf 88' lang='lat' dir='ltr'>rec</span> <span class='ocrx_word' id='word_1_222' title='bbox 513 3411 644 3499; x_wconf 92' lang='lat' dir='ltr'>tacula</span> <span class='ocrx_word' id='word_1_223' title='bbox 667 3417 853 3523; x_wconf 72' lang='lat' dir='ltr'>moseo,</span> <span class='ocrx_word' id='word_1_224' title='bbox 872 3413 1078 3522; x_wconf 87' lang='lat' dir='ltr'>causatur,</span> <span class='ocrx_word' id='word_1_225' title='bbox 1104 3415 1200 3498; x_wconf 79' lang='lat' dir='ltr'>sinat</span> <span class='ocrx_word' id='word_1_226' title='bbox 1224 3413 1398 3496; x_wconf 86' lang='lat' dir='ltr'>effluere.</span> <span class='ocrx_word' id='word_1_227' title='bbox 1420 3411 1618 3494; x_wconf 85' lang='lat' dir='ltr'>Notatum</span> 
     </span>
     <span class='ocr_line' id='line_1_28' title="bbox 186 3521 1621 3639; baseline 0 -31"><span class='ocrx_word' id='word_1_228' title='bbox 186 3527 294 3608; x_wconf 84' lang='lat' dir='ltr'>enim</span> <span class='ocrx_word' id='word_1_229' title='bbox 320 3528 373 3610; x_wconf 89' lang='lat' dir='ltr'>est</span> <span class='ocrx_word' id='word_1_230' title='bbox 425 3529 478 3610; x_wconf 79' lang='lat' dir='ltr'>uo</span> <span class='ocrx_word' id='word_1_231' title='bbox 533 3528 675 3639; x_wconf 81' lang='lat' dir='ltr'>quibus</span> <span class='ocrx_word' id='word_1_232' title='bbox 701 3527 914 3614; x_wconf 85' lang='lat' dir='ltr'>infantibus</span> <span class='ocrx_word' id='word_1_233' title='bbox 944 3527 1054 3614; x_wconf 87' lang='lat' dir='ltr'>alvus</span> <span class='ocrx_word' id='word_1_234' title='bbox 1082 3526 1254 3611; x_wconf 88' lang='lat' dir='ltr'>servatur</span> <span class='ocrx_word' id='word_1_235' title='bbox 1278 3521 1469 3630; x_wconf 88' lang='lat' dir='ltr'>liberior,</span> <span class='ocrx_word' id='word_1_236' title='bbox 1491 3525 1621 3630; x_wconf 56' lang='lat' dir='ltr'>⁸niteat</span> 
     </span>
     <span class='ocr_line' id='line_1_29' title="bbox 184 3557 1620 3755; baseline -0.001 -35"><span class='ocrx_word' id='word_1_237' title='bbox 184 3635 327 3723; x_wconf 80' lang='lat' dir='ltr'>melius</span> <span class='ocrx_word' id='word_1_238' title='bbox 360 3557 491 3725; x_wconf 79' lang='lat' dir='ltr'>vtiltus</span> <span class='ocrx_word' id='word_1_239' title='bbox 504 3702 518 3746; x_wconf 93' lang='lat'>‚</span> <span class='ocrx_word' id='word_1_240' title='bbox 548 3647 591 3724; x_wconf 70' lang='grc' dir='ltr'>ὅ(</span> <span class='ocrx_word' id='word_1_241' title='bbox 619 3641 775 3726; x_wconf 83' lang='lat' dir='ltr'>reliduae</span> <span class='ocrx_word' id='word_1_242' title='bbox 809 3640 907 3755; x_wconf 76' lang='lat' dir='ltr'>saepe</span> <span class='ocrx_word' id='word_1_243' title='bbox 930 3641 972 3724; x_wconf 92' lang='lat' dir='ltr'>in</span> <span class='ocrx_word' id='word_1_244' title='bbox 999 3640 1104 3724; x_wconf 89' lang='lat' dir='ltr'>facie</span> <span class='ocrx_word' id='word_1_245' title='bbox 1130 3635 1294 3724; x_wconf 80' lang='lat' dir='ltr'>maculat</span> <span class='ocrx_word' id='word_1_246' title='bbox 1320 3665 1391 3752; x_wconf 94' lang='lat' dir='ltr'>per</span> <span class='ocrx_word' id='word_1_247' title='bbox 1412 3634 1620 3722; x_wconf 82' lang='lat' dir='ltr'>salutarent¹</span> 
     </span>
     <span class='ocr_line' id='line_1_30' title="bbox 182 3745 1620 3866; baseline 0 -34"><span class='ocrx_word' id='word_1_248' title='bbox 182 3745 411 3836; x_wconf 71' lang='lat' dir='ltr'>&#39;diarrhaeam</span> <span class='ocrx_word' id='word_1_249' title='bbox 437 3753 672 3838; x_wconf 85' lang='lat' dir='ltr'>auferantur.</span> <span class='ocrx_word' id='word_1_250' title='bbox 706 3754 764 3837; x_wconf 89' lang='lat' dir='ltr'>Ea</span> <span class='ocrx_word' id='word_1_251' title='bbox 781 3756 895 3860; x_wconf 83' lang='lat' dir='ltr'>enim</span> <span class='ocrx_word' id='word_1_252' title='bbox 921 3757 974 3836; x_wconf 90' lang='lat' dir='ltr'>est</span> <span class='ocrx_word' id='word_1_253' title='bbox 1000 3755 1132 3866; x_wconf 86' lang='lat' dir='ltr'>primae</span> <span class='ocrx_word' id='word_1_254' title='bbox 1157 3755 1277 3837; x_wconf 84' lang='lat' dir='ltr'>aetatis</span> <span class='ocrx_word' id='word_1_255' title='bbox 1305 3752 1545 3865; x_wconf 86' lang='lat' dir='ltr'>proprietas,</span> <span class='ocrx_word' id='word_1_256' title='bbox 1575 3773 1620 3856; x_wconf 83' lang='lat' dir='ltr'>ut</span> 
     </span>
     <span class='ocr_line' id='line_1_31' title="bbox 184 3859 1619 4063; baseline 0.001 -120"><span class='ocrx_word' id='word_1_257' title='bbox 184 3859 408 3950; x_wconf 79' lang='lat' dir='ltr'>nullatenus</span> <span class='ocrx_word' id='word_1_258' title='bbox 429 3864 632 3950; x_wconf 89' lang='lat' dir='ltr'>fidendum</span> <span class='ocrx_word' id='word_1_259' title='bbox 652 3869 718 3973; x_wconf 87' lang='lat' dir='ltr'>stt,</span> <span class='ocrx_word' id='word_1_260' title='bbox 740 3891 808 3950; x_wconf 88' lang='lat' dir='ltr'>aut</span> <span class='ocrx_word' id='word_1_261' title='bbox 821 3863 1115 4063; x_wconf 80' lang='lat' dir='ltr'>perspitationi,</span> <span class='ocrx_word' id='word_1_262' title='bbox 1139 3891 1206 3950; x_wconf 82' lang='lat' dir='ltr'>aut</span> <span class='ocrx_word' id='word_1_263' title='bbox 1220 3863 1443 3950; x_wconf 89' lang='lat' dir='ltr'>excretioni</span> <span class='ocrx_word' id='word_1_264' title='bbox 1456 3890 1526 3993; x_wconf 86' lang='lat' dir='ltr'>per</span> <span class='ocrx_word' id='word_1_265' title='bbox 1540 3864 1619 3944; x_wconf 90' lang='lat' dir='ltr'>uri-</span> 
     </span>
    </p>
   </div>
   <div class='ocr_carea' id='block_1_4' title="bbox 183 3975 1673 5096">
    <p class='ocr_par' dir='ltr' id='par_1_7' title="bbox 183 3975 1673 5096">
     <span class='ocr_line' id='line_1_32' title="bbox 184 3975 1619 4096; baseline -0.001 -39"><span class='ocrx_word' id='word_1_266' title='bbox 184 4002 281 4082; x_wconf 85' lang='lat' dir='ltr'>nas,</span> <span class='ocrx_word' id='word_1_267' title='bbox 309 3976 377 4062; x_wconf 86' lang='lat' dir='ltr'>sed</span> <span class='ocrx_word' id='word_1_268' title='bbox 404 3975 514 4064; x_wconf 86' lang='lat' dir='ltr'>alvus</span> <span class='ocrx_word' id='word_1_269' title='bbox 540 4004 721 4066; x_wconf 87' lang='lat' dir='ltr'>centrum</span> <span class='ocrx_word' id='word_1_270' title='bbox 745 4009 820 4096; x_wconf 82' lang='lat' dir='ltr'>prae</span> <span class='ocrx_word' id='word_1_271' title='bbox 849 4004 913 4065; x_wconf 89' lang='lat' dir='ltr'>eat</span> <span class='ocrx_word' id='word_1_272' title='bbox 936 3977 963 4062; x_wconf 78' lang='grc' dir='ltr'>ὲ.</span> <span class='ocrx_word' id='word_1_273' title='bbox 983 4007 1063 4090; x_wconf 92' lang='lat' dir='ltr'>quo</span> <span class='ocrx_word' id='word_1_274' title='bbox 1093 3987 1135 4063; x_wconf 78' lang='grc' dir='ltr'>δι</span> <span class='ocrx_word' id='word_1_275' title='bbox 1161 3981 1204 4080; x_wconf 85' lang='lat' dir='ltr'>in</span> <span class='ocrx_word' id='word_1_276' title='bbox 1228 3976 1340 4088; x_wconf 91' lang='lat' dir='ltr'>quod</span> <span class='ocrx_word' id='word_1_277' title='bbox 1365 4001 1499 4057; x_wconf 87' lang='lat' dir='ltr'>omma</span> <span class='ocrx_word' id='word_1_278' title='bbox 1525 3990 1619 4057; x_wconf 89' lang='lat' dir='ltr'>cor-</span> 
     </span>
     <span class='ocr_line' id='line_1_33' title="bbox 183 4083 1619 4206; baseline 0 -35"><span class='ocrx_word' id='word_1_279' title='bbox 183 4089 292 4202; x_wconf 87' lang='lat' dir='ltr'>poris</span> <span class='ocrx_word' id='word_1_280' title='bbox 306 4116 559 4188; x_wconf 87' lang='lat' dir='ltr'>excrementa</span> <span class='ocrx_word' id='word_1_281' title='bbox 578 4093 793 4177; x_wconf 87' lang='lat' dir='ltr'>confluant.</span> <span class='ocrx_word' id='word_1_282' title='bbox 819 4091 1001 4178; x_wconf 90' lang='lat' dir='ltr'>Proderit</span> <span class='ocrx_word' id='word_1_283' title='bbox 1020 4120 1117 4206; x_wconf 85' lang='lat' dir='ltr'>ergo</span> <span class='ocrx_word' id='word_1_284' title='bbox 1136 4093 1177 4174; x_wconf 92' lang='lat' dir='ltr'>in</span> <span class='ocrx_word' id='word_1_285' title='bbox 1196 4093 1209 4174; x_wconf 93' lang='lat' dir='ltr'>i</span> <span class='ocrx_word' id='word_1_286' title='bbox 1240 4093 1298 4172; x_wconf 88' lang='lat' dir='ltr'>nis</span> <span class='ocrx_word' id='word_1_287' title='bbox 1314 4083 1490 4197; x_wconf 89' lang='lat' dir='ltr'>sylvatici</span> <span class='ocrx_word' id='word_1_288' title='bbox 1510 4115 1619 4172; x_wconf 80' lang='lat' dir='ltr'>cura-</span> 
     </span>
     <span class='ocr_line' id='line_1_34' title="bbox 184 4121 1619 4321; baseline 0 -39"><span class='ocrx_word' id='word_1_289' title='bbox 184 4202 323 4308; x_wconf 88' lang='lat' dir='ltr'>tione,</span> <span class='ocrx_word' id='word_1_290' title='bbox 339 4207 462 4289; x_wconf 88' lang='lat' dir='ltr'>vitare</span> <span class='ocrx_word' id='word_1_291' title='bbox 476 4211 664 4317; x_wconf 79' lang='lat' dir='ltr'>quantinn</span> <span class='ocrx_word' id='word_1_292' title='bbox 684 4207 768 4290; x_wconf 86' lang='lat' dir='ltr'>lieri</span> <span class='ocrx_word' id='word_1_293' title='bbox 786 4208 933 4321; x_wconf 90' lang='lat' dir='ltr'>poterit</span> <span class='ocrx_word' id='word_1_294' title='bbox 951 4203 1183 4320; x_wconf 87' lang='lat' dir='ltr'>superfluam</span> <span class='ocrx_word' id='word_1_295' title='bbox 1201 4121 1480 4284; x_wconf 73' lang='lat' dir='ltr'>alimentorum</span> <span class='ocrx_word' id='word_1_296' title='bbox 1498 4197 1619 4318; x_wconf 73' lang='lat' dir='ltr'>farra·</span> 
     </span>
     <span class='ocr_line' id='line_1_35' title="bbox 185 4310 1655 4434; baseline -0.001 -36"><span class='ocrx_word' id='word_1_297' title='bbox 185 4315 319 4426; x_wconf 83' lang='lat' dir='ltr'>gioent</span> <span class='ocrx_word' id='word_1_298' title='bbox 329 4377 343 4422; x_wconf 92' lang='lat'>,</span> <span class='ocrx_word' id='word_1_299' title='bbox 365 4345 584 4430; x_wconf 86' lang='lat' dir='ltr'>eorumque</span> <span class='ocrx_word' id='word_1_300' title='bbox 599 4315 889 4434; x_wconf 84' lang='lat' dir='ltr'>glutinosorum</span> <span class='ocrx_word' id='word_1_301' title='bbox 902 4381 916 4426; x_wconf 91' lang='lat'>‚</span> <span class='ocrx_word' id='word_1_302' title='bbox 929 4337 1005 4402; x_wconf 83' lang='lat' dir='ltr'>&#39;aut</span> <span class='ocrx_word' id='word_1_303' title='bbox 1022 4315 1118 4400; x_wconf 83' lang='lat' dir='ltr'>dura</span> <span class='ocrx_word' id='word_1_304' title='bbox 1131 4317 1246 4398; x_wconf 89' lang='lat' dir='ltr'>nimis</span> <span class='ocrx_word' id='word_1_305' title='bbox 1262 4311 1412 4398; x_wconf 82' lang='lat' dir='ltr'>viscera</span> <span class='ocrx_word' id='word_1_306' title='bbox 1427 4310 1481 4394; x_wconf 90' lang='lat' dir='ltr'>ita</span> <span class='ocrx_word' id='word_1_307' title='bbox 1499 4337 1619 4430; x_wconf 64' lang='lat' dir='ltr'>erpe-l</span> <span class='ocrx_word' id='word_1_308' title='bbox 1653 4375 1655 4384; x_wconf 80' lang='lat'><em>.</em></span> 
     </span>
     <span class='ocr_line' id='line_1_36' title="bbox 185 4415 1669 4563; baseline 0 -53"><span class='ocrx_word' id='word_1_309' title='bbox 185 4431 355 4512; x_wconf 79' lang='lat' dir='ltr'>rentium</span> <span class='ocrx_word' id='word_1_310' title='bbox 390 4457 435 4516; x_wconf 90' lang='lat' dir='ltr'>ut</span> <span class='ocrx_word' id='word_1_311' title='bbox 464 4429 513 4516; x_wconf 89' lang='lat' dir='ltr'>ab</span> <span class='ocrx_word' id='word_1_312' title='bbox 544 4436 592 4518; x_wconf 82' lang='lat' dir='ltr'>iis</span> <span class='ocrx_word' id='word_1_313' title='bbox 629 4429 726 4515; x_wconf 81' lang='lat' dir='ltr'>felix</span> <span class='ocrx_word' id='word_1_314' title='bbox 759 4431 901 4563; x_wconf 70' lang='lat' dir='ltr'>sperari</span> <span class='ocrx_word' id='word_1_315' title='bbox 936 4429 1054 4544; x_wconf 73' lang='lat' dir='ltr'>polilt</span> <span class='ocrx_word' id='word_1_316' title='bbox 1087 4428 1319 4514; x_wconf 71' lang='lat' dir='ltr'>concobiio.</span> <span class='ocrx_word' id='word_1_317' title='bbox 1360 4423 1404 4508; x_wconf 88' lang='lat' dir='ltr'>Si</span> <span class='ocrx_word' id='word_1_318' title='bbox 1440 4415 1620 4512; x_wconf 78' lang='lat' dir='ltr'>nondit&#39;m</span> <span class='ocrx_word' id='word_1_319' title='bbox 1662 4501 1669 4510; x_wconf 92' lang='lat'>.</span> 
     </span>
     <span class='ocr_line' id='line_1_37' title="bbox 186 4537 1673 4660; baseline 0.003 -38"><span class='ocrx_word' id='word_1_320' title='bbox 186 4537 417 4650; x_wconf 71' lang='lat' dir='ltr'>ablabiatis,</span> <span class='ocrx_word' id='word_1_321' title='bbox 446 4547 559 4656; x_wconf 88' lang='lat' dir='ltr'>quod</span> <span class='ocrx_word' id='word_1_322' title='bbox 587 4573 743 4651; x_wconf 89' lang='lat' dir='ltr'>rarum,</span> <span class='ocrx_word' id='word_1_323' title='bbox 770 4544 873 4660; x_wconf 78' lang='lat' dir='ltr'>ignis</span> <span class='ocrx_word' id='word_1_324' title='bbox 905 4539 1085 4655; x_wconf 83' lang='lat' dir='ltr'>sylvester</span> <span class='ocrx_word' id='word_1_325' title='bbox 1118 4567 1327 4655; x_wconf 88' lang='lat' dir='ltr'>erumpat,</span> <span class='ocrx_word' id='word_1_326' title='bbox 1353 4539 1472 4652; x_wconf 86' lang='lat' dir='ltr'>copia</span> <span class='ocrx_word' id='word_1_327' title='bbox 1498 4537 1622 4658; x_wconf 80' lang='lat' dir='ltr'>hausti</span> <span class='ocrx_word' id='word_1_328' title='bbox 1671 4621 1673 4626; x_wconf 85' lang='grc'><em>,</em></span> 
     </span>
     <span class='ocr_line' id='line_1_38' title="bbox 185 4647 1620 4767; baseline -0.001 -31"><span class='ocrx_word' id='word_1_329' title='bbox 185 4647 296 4738; x_wconf 76' lang='lat' dir='ltr'>lauis</span> <span class='ocrx_word' id='word_1_330' title='bbox 315 4659 583 4743; x_wconf 91' lang='lat' dir='ltr'>imminuenda</span> <span class='ocrx_word' id='word_1_331' title='bbox 602 4662 677 4743; x_wconf 88' lang='lat' dir='ltr'>erit</span> <span class='ocrx_word' id='word_1_332' title='bbox 688 4719 714 4766; x_wconf 33' lang='lat'>,¹</span> <span class='ocrx_word' id='word_1_333' title='bbox 732 4663 775 4741; x_wconf 80' lang='lat' dir='ltr'>dt</span> <span class='ocrx_word' id='word_1_334' title='bbox 794 4657 908 4740; x_wconf 86' lang='lat' dir='ltr'>nimis</span> <span class='ocrx_word' id='word_1_335' title='bbox 923 4653 1043 4741; x_wconf 73' lang='lat' dir='ltr'>oralia</span> <span class='ocrx_word' id='word_1_336' title='bbox 1064 4651 1146 4761; x_wconf 85' lang='lat' dir='ltr'>ejus</span> <span class='ocrx_word' id='word_1_337' title='bbox 1160 4651 1326 4767; x_wconf 84' lang='lat' dir='ltr'>qualitas</span> <span class='ocrx_word' id='word_1_338' title='bbox 1339 4647 1620 4736; x_wconf 83' lang='lat' dir='ltr'>emulfionibus</span> 
     </span>
     <span class='ocr_line' id='line_1_39' title="bbox 187 4759 1622 4883; baseline -0.002 -34"><span class='ocrx_word' id='word_1_339' title='bbox 187 4763 372 4876; x_wconf 82' lang='lat' dir='ltr'>levibus,</span> <span class='ocrx_word' id='word_1_340' title='bbox 402 4768 508 4883; x_wconf 72' lang='lat' dir='ltr'>aqud·</span> <span class='ocrx_word' id='word_1_341' title='bbox 530 4769 671 4856; x_wconf 81' lang='lat' dir='ltr'>leviori</span> <span class='ocrx_word' id='word_1_342' title='bbox 692 4770 715 4856; x_wconf 76' lang='grc' dir='ltr'>ὲ</span> <span class='ocrx_word' id='word_1_343' title='bbox 738 4769 908 4855; x_wconf 74' lang='lat' dir='ltr'>decoiio</span> <span class='ocrx_word' id='word_1_344' title='bbox 940 4770 1158 4882; x_wconf 85' lang='lat' dir='ltr'>graminis,</span> <span class='ocrx_word' id='word_1_345' title='bbox 1184 4764 1296 4852; x_wconf 76' lang='lat' dir='ltr'>diaed</span> <span class='ocrx_word' id='word_1_346' title='bbox 1314 4766 1481 4858; x_wconf 77' lang='lat' dir='ltr'>=nutricis</span> <span class='ocrx_word' id='word_1_347' title='bbox 1511 4759 1622 4848; x_wconf 85' lang='lat' dir='ltr'>tenui</span> 
     </span>
     <span class='ocr_line' id='line_1_40' title="bbox 190 4873 1623 5082; baseline -0.004 -118"><span class='ocrx_word' id='word_1_348' title='bbox 190 4881 440 4996; x_wconf 85' lang='lat' dir='ltr'>corrigenda.</span> <span class='ocrx_word' id='word_1_349' title='bbox 479 4885 524 4970; x_wconf 87' lang='lat' dir='ltr'>Si</span> <span class='ocrx_word' id='word_1_350' title='bbox 555 4885 717 4997; x_wconf 85' lang='lat' dir='ltr'>qualitas</span> <span class='ocrx_word' id='word_1_351' title='bbox 752 4881 872 4970; x_wconf 85' lang='lat' dir='ltr'>lateat</span> <span class='ocrx_word' id='word_1_352' title='bbox 907 4887 1039 4995; x_wconf 82' lang='lat' dir='ltr'>acris,</span> <span class='ocrx_word' id='word_1_353' title='bbox 1073 4879 1135 4970; x_wconf 82' lang='lat' dir='ltr'>lae</span> <span class='ocrx_word' id='word_1_354' title='bbox 1172 4879 1279 4970; x_wconf 81' lang='lat' dir='ltr'>iliud</span> <span class='ocrx_word' id='word_1_355' title='bbox 1302 4873 1623 5082; x_wconf 51' lang='lat' dir='ltr'>peppulcmtibus</span> 
     </span>
     <span class='ocr_line' id='line_1_41' title="bbox 1414 5020 1441 5096; baseline 0 0"><span class='ocrx_word' id='word_1_356' title='bbox 1414 5020 1441 5096; x_wconf 74' lang='lat' dir='ltr'>ll</span> 
     </span>
    </p>
   </div>
   <div class='ocr_carea' id='block_1_5' title="bbox 0 0 2118 5909">
    <p class='ocr_par' dir='ltr' id='par_1_8' title="bbox 0 0 2118 5909">
     <span class='ocr_line' id='line_1_42' title="bbox 0 0 2118 5909; baseline 0 0"><span class='ocrx_word' id='word_1_357' title='bbox 0 0 2118 5909; x_wconf 95' lang='lat' dir='ltr'> </span> 
     </span>
    </p>
   </div>
  </div>
 </body>
</html>
