4186 5908
651 406 1179 517 euuaua1a·
1548 451 1629 526 ,ῃ

190 562 293 657 ride
301 565 405 656 lllud
420 567 522 656 lntrl
534 565 624 654 vasa
638 567 687 654 ab
702 569 930 688 erysipelate
943 574 1104 660 securos
1123 599 1353 690 aegrotantes
1372 583 1627 692 pronuntiare

192 709 278 778 uon
296 682 529 798 possumus,
559 712 634 768 nec
649 689 800 768 tantuna
819 683 990 772 aliorum
1007 686 1240 773 morborum
1255 691 1363 774 vices
1383 688 1518 806 explet
1538 721 1626 804 ery-

191 791 359 912 sipelas,
379 793 587 892 sedetiam
605 793 654 880 ab
673 793 752 880 illis
774 802 979 914 excipitur.
1219 805 1229 816 ⁴
1624 799 1628 806 ’

202 909 206 918 ’
246 905 459 992 Acredinis
489 937 574 1018 qua
608 905 920 1022 erystpelatosam
954 915 1203 1027 eruptionem
1236 943 1341 998 nunc
1375 918 1483 1023 hbe,
1520 947 1628 1016 nunc
1750 959 1752 962 ·

192 1011 314 1128 illuc,
342 1050 448 1104 nunc
474 1023 615 1134 vagia,
644 1047 751 1106 nunc
779 1028 897 1110 certis
926 1025 1168 1142 temporibus
1196 1028 1324 1112 efficit
1352 1055 1530 1113 naturam
1558 1056 1626 1118 aut

193 1128 471 1224 observatione
487 1132 652 1220 desinire
664 1198 678 1240 ‚
703 1162 770 1219 aut
788 1142 1064 1252 experimentis
1090 1140 1275 1254 excipere
1298 1139 1537 1254 impossibile
1559 1147 1624 1230 est.

190 1243 345 1338 Nerium
372 1248 448 1332 hos
475 1243 557 1354 ejus
584 1248 745 1334 offellus
772 1249 1040 1364 deprehendet
1068 1250 1309 1364 observator.

247 1359 306 1442 Ut
329 1357 459 1446 serosa
486 1363 621 1446 omnia
646 1362 916 1476 perspirationi
938 1362 1102 1450 rebellia
1128 1362 1405 1473 excrementa,
1430 1397 1521 1452 acre
1542 1370 1625 1454 hoc
1738 1447 1744 1471 s

192 1469 511 1587 erysrpelatosum
537 1501 647 1558 nares
673 1475 798 1560 afficit
811 1537 826 1582 ‚
857 1475 1025 1584 oculos,
1059 1475 1266 1592 oesophagi
1293 1478 1512 1594 supremam
1536 1510 1624 1595 par-

193 1608 275 1668 tem
282 1647 297 1691 ,
314 1587 633 1693 sternutamenta,
645 1588 761 1674 tusses
777 1616 911 1697 actes,
932 1589 990 1674 nil
1001 1590 1153 1674 screatu
1166 1589 1329 1703 dignum
1346 1620 1623 1702 excernentes,
1760 1671 1763 1678 .

193 1701 385 1790 concitat.
418 1697 528 1783 Tum
545 1725 712 1808 nervos,
733 1703 938 1816 partesque
961 1699 1114 1788 sensrles
1136 1699 1623 1792 membranaceonervosas

192 1814 303 1924 angit
321 1808 560 1897 cruciatibus
570 1875 585 1919 ,
609 1809 820 1924 aliquando
843 1818 885 1898 in
905 1841 1081 1901 tumores
1101 1813 1248 1900 attollit
1263 1815 1441 1902 clasticos
1450 1880 1465 1924 ‚
1487 1817 1622 1904 subito

191 1949 465 2039 erumpentes,
492 1925 708 2012 desinentes
726 1930 869 2035 statim,
887 1928 1140 2045 suppurantes
1165 1957 1378 2040 nunquam.
1402 1930 1551 2039 itaut,
1578 1945 1634 2018 re'

191 2036 384 2151 perpensl
411 2041 659 2145 accuratius,
686 2043 787 2126 inter
813 2041 946 2126 causas
975 2039 1192 2155 eryfipelati
1221 2041 1436 2128 efficiendo
1459 2042 1623 2131 idoneas

190 2155 364 2264 quatuor
388 2155 540 2236 tantiam
569 2149 703 2237 classes
730 2153 1013 2240 recenseamus.
1615 2225 1618 2234 .

190 2330 194 2338 .
243 2263 425 2348 Primum
451 2264 652 2349 causarum
677 2277 801 2379 g'enus
828 2270 1068 2352 constituunt
1092 2270 1281 2354 humores
1304 2271 1485 2354 catharro
1506 2271 1623 2356 effor-

188 2375 340 2462 mando
362 2376 512 2465 idonei.
539 2377 706 2464 Scilicet
730 2383 907 2490 quamvis
928 2380 1041 2466 aliter
1059 2377 1125 2466 alii
1141 2407 1281 2498 putent
1290 2443 1306 2488 ,
1328 2383 1453 2495 prima
1473 2385 1623 2468 cathar-

189 2518 330 2576 rorum
368 2488 485 2590 causa
518 2487 617 2578 latet
648 2494 690 2575 in
733 2489 896 2594 officinal
933 2497 1127 2579 coeionis
1160 2527 1174 2595 ς
1209 2524 1300 2600 nam
1333 2498 1466 2580 coslio
1502 2498 1623 2581 cruda

185 2601 514 2722 perspirationern
538 2602 629 2688 ante
654 2607 789 2688 omnia
812 2603 918 2689 ladit
929 2667 943 2713 ,
972 2607 1079 2692 unde
1108 2612 1202 2692 clam
1228 2609 1374 2690 humor
1397 2607 1449 2691 ad
1473 2613 1625 2693 exitum

190 2718 346 2825 tardus,
367 2723 410 2802 dt
426 2717 553 2814 cralhs
568 2715 739 2832 partibus
755 2717 806 2800 ad
822 2718 1059 2833 superandos
1074 2719 1362 2834 perspirationis
1380 2720 1623 2806 tenuissimos

190 2828 315 2916 calles
341 2858 426 2940 non
449 2855 631 2930 tenuatur
651 2830 763 2936 satis,
792 2832 915 2916 haret
942 2829 1044 2937 ille,
1071 2859 1147 2916 nec
1178 2829 1297 2916 facile
1325 2829 1377 2914 ad
1400 2835 1517 2914 urinae
1540 2833 1623 2918 vias

191 2943 326 3028 fertur,
351 2943 600 3044 Acredinem,
613 2970 712 3058 ergo
727 2940 827 3028 loco
851 2947 1046 3030 coslionis
1061 2945 1216 3046 induit;
1236 2945 1488 3056 qua-acredo.
1503 2945 1623 3062 haret

190 3055 246 3142 ad
259 3083 416 3166 cutem,
439 3063 482 3142 dt
495 3053 551 3141 ibi
562 3055 765 3172 erysipelas
783 3061 962 3154 concitat
969 3121 984 3165 ‚
1009 3085 1076 3144 aut
1098 3062 1141 3142 in
1160 3054 1620 3160 membranlSchneide·

192 3166 299 3256 rianrl
310 3232 326 3276 ‚
356 3173 488 3254 autin
518 3168 771 3286 pulmonibus
799 3173 1020 3256 catharrum
1039 3170 1196 3256 format.
1229 3169 1345 3254 Unde
1367 3167 1653 3282 necessarium⁴

192 3285 245 3368 est
265 3283 422 3368 sontem
442 3281 580 3387 talium
606 3281 877 3398 eryfipelatum
894 3282 1069 3370 avellere
1098 3285 1261 3369 conanti
1284 3309 1331 3368 ut
1363 3283 1452 3368 ante
1482 3287 1620 3376 omnia

187 3393 458 3482 hrnslionibus
484 3393 695 3482 ventricuh
724 3403 767 3481 dt
793 3424 1033 3511 organorum
1061 3397 1403 3508 consequentium
1422 3393 1619 3511 invigilet.

188 3511 282 3596 Nec
307 3511 431 3622 magis
451 3509 607 3596 aesosa
621 3505 892 3624 eryfipelanrm
914 3508 1189 3596 catharralium
1208 3507 1282 3592 alia
1303 3507 1485 3601 causaest
1501 3505 1619 3619 qulm

190 3653 276 3734 pra
311 3619 638 3716 hconcodione
666 3621 826 3737 pendet.
869 3619 976 3708 'Eam
1013 3622 1187 3738 speciem
1223 3625 1484 3734 praenuneant
1519 3633 1619 3706 mon¹

188 3737 364 3822 statutam
394 3736 587 3820 stomachi
615 3738 816 3842 arrxietas,
846 3735 1017 3844 nausea,
1056 3733 1267 3822 ventriculi
1302 3735 1493 3818 &totilas
1526 3763 1619 3817 cor·

186 3853 299 3966 poris
323 3845 502 3963 ‚pondus
520 3879 568 3934 ac
600 3845 761 3934 dolores
791 3847 963 3962 ossifragi
983 3880 996 3951 ς
1022 3877 1117 3935 mox
1147 3845 1361 3964 implentur
1383 3875 1435 3930 ac
1460 3871 1621 3960 turgent
1724 3845 1727 3852 ’

191 3991 328 4068 nares,
354 3963 460 4045 &in
478 3958 555 4046 hale
607 3957 720 4047 raevid
748 3961 1054 4077 symptomatum
1071 3959 1188 4048 turbs
1199 4023 1214 4069 ,
1246 3989 1365 4072 quam
1391 3957 1496 4042 reete
1525 3989 1619 4043 cum

186 4076 313 4163 causas
339 3990 647 4160 accidentalibus
671 4074 853 4186 notisque
872 4077 1087 4192 regionum
1112 4099 1230 4187 atque
1253 4073 1524 4186 tempestatum
1547 4072 1634 4157 ῐτίσ·

184 4187 293 4304 gidis
317 4186 576 4300 simulatque
596 4188 767 4274 humidis
795 4191 900 4274 vitiis
927 4188 1167 4296 contuleris,
1190 4210 1277 4270 tota
1299 4184 1469 4269 consistit
1496 4183 1618 4272 causat

185 4297 427 4416 erysipelatis
442 4299 670 4388 reamarralis
690 4301 895 4416 diagnosrs.
955 4405 957 4410 ι
1550 4369 1553 4376 .

245 4415 477 4518 Secundum
500 4413 708 4500 causarum
730 4439 857 4527 genus
881 4413 1007 4517 effigit
1024 4411 1173 4506 acredo
1197 4409 1266 4508 illa
1288 4410 1415 4506 setosa
1438 4414 1618 4526 rheuma

184 4527 341 4636 tisans‚·
352 4555 435 4638 quae
450 4531 517 4614 aix
535 4530 616 4612 hnc
634 4525 721 4612 ullo
741 4553 899 4610 tumore
913 4526 1111 4610 cruciatus
1126 4526 1434 4634 enormesaffert
1443 4587 1458 4633 ‚
1475 4527 1520 4608 in
1534 4526 1617 4608 hoc

185 4673 286 4726 oum
308 4640 513 4728 catlrarrali
536 4640 740 4727 causarum
758 4648 1185 4755 generoe'ongruens‚
1210 4640 1321 4751 quod
1340 4643 1424 4724 hac
1444 4643 1486 4724 in
1506 4637 1616 4722 illam

130 4809 134 4816 ·
185 4755 309 4852 facile
337 4781 522 4840 mutetur.
551 4755 699 4840 Differt
723 4781 856 4840 tamen
879 4779 924 4838 ut
944 4752 1099 4853 videtur
1126 4781 1196 4870 per
1221 4751 1401 4857 subtilius
1425 4753 1635 4838 acredinis-

180 4897 340 4994 staua
355 4867 1030 4983 qnoduarduceveuemenuu&
1044 4863 1618 5003 aconuanffiindolapartiun
