4246 5900
565 349 1289 502 turnonocnio'
1600 373 1637 542 g

206 603 338 684 caret,
353 579 421 664 nisi
436 607 519 690 qua
540 581 726 664 cicatrice
745 573 956 660 obducitur
975 609 984 656 :
1003 605 1078 659 nec
1098 579 1125 662 si
1145 609 1280 664 manus
1308 606 1375 664 aut
1389 585 1509 696 pedes
1522 593 1622 702 aqui

205 690 381 798 laveris,
409 700 449 775 ὃ(
472 691 603 776 linteis
623 689 774 774 terseris
805 686 968 792 duribs,
999 685 1052 770 ob
1080 691 1181 774 hanc
1212 690 1365 776 causam
1390 703 1528 784 vernix
1554 705 1626 792 illa

203 801 307 888 loco
322 803 454 911 cedit,
471 802 568 888 licet
581 801 672 887 inde
686 798 807 915 paulb
817 797 1031 896 'obscurior
1052 803 1119 886 liat
1135 799 1215 888 illa.

201 979 205 988 .
261 916 430 1000 Videtur
457 917 601 1002 humor
627 913 696 998 ille
720 909 931 1020 asubjeot
954 937 1046 996 cute
1077 911 1292 1026 exstillare,
1324 951 1553 1037 novumque
1575 931 1624 1016 ad

204 1027 397 1112 occursus
415 1033 546 1114 varios
565 1055 781 1142 corporum
798 1020 1021 1108 laedentium
1037 1027 1180 1112 offerre
1196 1037 1495 1122 munimentum.
1515 1041 1624 1128 Inter

203 1139 497 1253 epidermidem
526 1141 624 1224 verb
652 1145 693 1222 δι
724 1139 844 1220 cutim
866 1135 1023 1250 proprie
1046 1137 1188 1224 distairi
1207 1145 1400 1230 invenitur
1430 1153 1549 1238 etiam
1580 1159 1623 1240 in

201 1250 355 1336 adultis
377 1251 578 1335 substantia
597 1245 723 1334 sensus
741 1273 988 1359 nequaquam
1014 1247 1181 1358 fallens,
1205 1253 1332 1340 sedin
1356 1266 1483 1372 pueris
1507 1292 1624 1378 atque

199 1364 378 1448 saeminis
394 1359 519 1446 multo
544 1361 753 1446 dstmffior
776 1358 893 1472 quim
910 1364 952 1444 iii
976 1360 1145 1469 adultis,
1169 1391 1234 1448 aut
1255 1369 1399 1482 rugosi
1419 1374 1623 1466 senescen-

200 1479 310 1558 tium
335 1501 425 1558 cute
446 1509 455 1558 i
477 1477 579 1560 hanc
602 1475 629 1558 si
651 1472 776 1558 oculo
799 1476 935 1586 parbm
955 1497 1105 1558 attento
1128 1476 1366 1589 inspexeris,
1382 1483 1525 1572 habeas
1547 1522 1622 1605 pro

199 1613 319 1671 textu
345 1615 396 1670 ex
420 1589 599 1670 concreti
621 1589 729 1670 muci
754 1585 963 1670 tenuissimi
993 1583 1106 1670 lemis
1137 1596 1372 1702 compasso,
1397 1604 1437 1678 ὅ(
1466 1604 1532 1708 qui
1555 1603 1624 1688 sibi

205 1703 275 1784 vix
292 1701 431 1812 organi
446 1698 485 1782 di
514 1701 674 1782 nitatem
688 1697 889 1782 vindicare
901 1695 1047 1810 pollet,
1065 1700 1134 1780 nisi
1151 1699 1286 1786 forma
1303 1733 1344 1788 re
1400 1707 1488 1794 laris
1509 1738 1626 1822 atque

208 1813 398 1894 strueurae
417 1837 470 1894 co
528 1814 629 1894 antia
645 1836 787 1908 natura
807 1807 998 1893 indicaret
1016 1811 1222 1894 artificium
1240 1815 1348 1929 singu
1366 1849 1453 1903 are:
1470 1826 1524 1906 ita
1541 1854 1626 1911 rem

205 1921 386 2007 viderant
406 1926 578 2034 antiqui;
606 1923 689 2005 atsi
709 1922 895 2004 curiosius
911 1919 1015 2005 illius
1035 1919 1247 2008 lustraveris
1265 1929 1508 2041 linituram,
1528 1962 1626 2022 runc

206 2039 305 2118 mira
317 2033 401 2118 sese
419 2032 584 2142 objiciet
603 2031 732 2120 oculis
753 2035 947 2116 machina.
963 2033 1116 2118 Textus
1132 2033 1201 2120 ille
1218 2037 1397 2150 scilicet,
1417 2049 1572 2131 reticuli
1583 2056 1627 2136 in

209 2147 381 2230 sormam
403 2147 593 2261 expansus
612 2145 873 2256 undequaque
913 2173 1115 2258 mucoque
1141 2146 1363 2259 obductus,
1394 2181 1433 2240 at
1453 2160 1534 2272 ipse
1558 2165 1627 2245 fir-

208 2264 347 2344 mioris
365 2284 547 2365 textura,
565 2259 653 2344 vasa
673 2258 891 2342 circumdat
912 2266 954 2342 ὅ(
979 2261 1159 2344 continet
1172 2263 1398 2371 innumera,
1414 2297 1497 2352 non
1511 2271 1627 2360 uiiius

211 2371 358 2456 ordinis
383 2398 451 2454 aut
466 2374 582 2457 unius
603 2367 907 2484 magnitudinis,
926 2369 993 2454 sed
1014 2373 1115 2456 inter
1136 2372 1176 2456 se
1196 2379 1238 2457 dt
1264 2375 1393 2463 fornii
1424 2387 1466 2463 ὅ(
1495 2383 1626 2472 usibus

211 2483 358 2568 summe
378 2481 540 2573 diversa.

260 2593 433 2680 Plurima
450 2595 539 2680 sunt
557 2593 775 2708 glomerata
795 2597 896 2681 inter
914 2595 953 2681 se
961 2657 975 2702 ,
1003 2599 1083 2682 cuti
1101 2589 1454 2713 perpendicularis,
1468 2607 1569 2690 inter
1586 2609 1628 2693 se

211 2705 397 2822 parallela
423 2739 437 2810 3
463 2707 603 2792 adsunt
645 2709 764 2791 etiam
788 2709 853 2789 hic
882 2705 1005 2820 figuti
1040 2707 1158 2791 facile
1181 2711 1440 2796 discernenda
1478 2717 1629 2828 papulae
1672 2755 1676 2762 ·

210 2825 348 2906 tenues
358 2883 374 2928 ,
395 2822 573 2926 hiantes,
592 2821 724 2932 apices
739 2820 897 2923 nervei,
909 2815 1087 2930 penicilli
1102 2821 1309 2904 tenuissimi
1322 2826 1361 2906 in
1382 2821 1448 2907 sila
1466 2831 1629 2913 mucosa

211 2931 452 3039 desinentes,
468 2935 571 3016 acini
588 2933 701 3016 variat
719 2933 934 3036 omnum,
958 2935 1000 3014 dt
1019 2925 1190 3014 folliculi
1205 2930 1312 3018 leves
1333 2933 1403 3017 sub
1419 2935 1502 3050 ipso
1517 2961 1629 3026 textu

210 3043 418 3158 suppositi3
443 3043 591 3128 interei
610 3044 707 3130 vero
734 3046 839 3128 circa
863 3067 945 3154 rete
967 3037 1066 3126 illud
1087 3039 1375 3130 filamentosum
1395 3073 1535 3162 repunt
1557 3085 1629 3139 va-

209 3154 265 3242 rie
290 3155 530 3272 complicata
551 3155 640 3242 vasa
666 3153 848 3239 arteriosa
861 3216 875 3261 ,
907 3156 1064 3254 venosa.
1092 3155 1207 3238 Nihil
1234 3186 1285 3240 ex
1310 3160 1441 3272 priore
1467 3161 1628 3277 disposi-

208 3271 321 3354 tione
349 3269 530 3356 vasorum
562 3269 770 3354 detrahunt
801 3262 900 3371 illa,
930 3265 997 3350 sed
1019 3271 1262 3375 nutriendis,
1287 3273 1523 3379 movendis,
1549 3277 1629 3360 ful-

207 3382 360 3468 ciendis
390 3381 476 3465 aliis
501 3377 681 3466 enatura
705 3377 887 3464 videntur
910 3405 1158 3493 comparata,
1181 3379 1287 3466 unde
1310 3387 1423 3470 variis
1447 3385 1630 3498 implica-

206 3493 383 3580 tionibus
401 3521 585 3636 aqparent
606 3495 782 3578 errantia.
1253 3593 1256 3600 ι

270 3607 320 3690 In
343 3632 450 3695 tanta
478 3634 608 3691 rerum
633 3603 925 3718 speslandarum
956 3607 1170 3708 tenuitate,
1191 3600 1271 3688 sese
1296 3627 1428 3690 tamen
1444 3607 1627 3723 infignilis

205 3716 591 3832 ¹deprehendismunt
606 3744 818 3801 nervorum
832 3715 1007 3910 quiposae
1024 3721 1313 3823 extremitates,
1330 3749 1435 3804 nunc
1451 3725 1567 3806 strata
1586 3731 1629 3806 &c

207 3833 292 3916 cuti
302 3828 508 3945 parallelo,
518 3827 753 3940 quandoque
763 3855 830 3912 rec
849 3831 972 3936 'natae‚
983 3827 1217 3940 quandoque
1226 3834 1342 3913 etiam
1352 3839 1629 3938 attesiaemunc

206 3943 395 4058 disposite
420 3945 461 4028 iii
481 3940 688 4056 plicaturas
708 3939 872 4049 ovales,
898 3971 1004 4026 nunc
1024 3945 1064 4025 in
1085 3940 1190 4054 spira
1225 3943 1404 4026 ordinem
1424 3944 1623 4032 revoluta.

207 4058 312 4168 Quae
332 4081 421 4140 utut
441 4055 663 4140 tenuiirimae
677 4055 777 4160 sint,
803 4079 841 4138 at
869 4084 919 4138 ue
941 4052 1068 4139 oculis
1093 4056 1159 4138 vix
1187 4052 1520 4168 deprehendenda
1542 4090 1626 4146 non

205 4169 363 4255 armatis
375 4230 390 4275 ,
412 4165 550 4252 locum
565 4165 799 4250 dubitationi
814 4182 856 4250 re
874 4169 1038 4278 ‘nquunt
1050 4230 1064 4273 ,
1079 4192 1223 4249 annon
1246 4163 1354 4272 quod
1366 4169 1628 4258 tenuiffiinurn

208 4281 384 4366 nostrisa
412 4305 520 4393 paret
534 4276 727 4386 sensibus,
748 4279 926 4364 nondum
941 4276 1102 4392 simplex
1117 4279 1183 4381 sit,
1206 4273 1272 4358 sed
1288 4276 1495 4366 fasciculos
1514 4287 1626 4384 coiis-

207 4398 336 4478 tituat.
398 4392 480 4476 erte
503 4393 585 4503 quo
603 4388 847 4476 tenuiorille
867 4394 967 4476 cutis
990 4417 1129 4472 mucus
1145 4392 1350 4502 organicus
1374 4399 1556 4506 apparet,
1575 4403 1626 4483 eo
1652 4467 1654 4476 .

211 4507 330 4588 etiam
343 4503 454 4590 sensu
470 4505 637 4590 donatur
650 4506 839 4588 acutiore.

251 4617 299 4697 In
313 4615 384 4701 illo
428 4614 872 4723 orrbreticularitextu,
893 4639 1010 4724 quem
1024 4615 1152 4730 primb
1168 4615 1209 4696 in
1223 4601 1357 4727 linguai
1370 4643 1534 4732 magnus
1549 4618 1632 4702 des

213 4730 346 4842 cripsir
357 4647 483 4843 bsslpi
513 4733 624 4838 hius,
643 4731 860 4842 aqcuratibs
874 4727 1070 4840 prosecuti
1082 4729 1170 4810 sunt
1190 4725 1455 4837 Stahellinus,
1476 4737 1517 4812 dt
1533 4729 1633 4810 Hal-

210 4839 342 4955 letus,
361 4870 476 4960 quem
486 4761 566 4932 iuis
583 4837 858 4956 njetiionibus
871 4837 1070 4934 illustravit
1076 4903 1092 4958 ,
1105 4837 1331 4960 suo-dignus
1351 4845 1513 4932 nomine
1529 4843 1633 4952 Kair,

971 5157 977 5173 i
1025 5135 1055 5170 l
