4228 5898
472 426 551 529 136
697 415 798 548 oa
852 411 1163 502 nonnis
1221 411 1647 502 curantis,

471 581 669 697 agendum
693 583 746 666 est
772 583 840 693 qui
869 583 910 666 in
940 576 1106 691 pustulas
1134 579 1319 665 crustosas
1355 586 1397 665 bt
1433 577 1569 666 ulcera
1599 575 1714 663 labiis
1746 573 1908 662 recurri-⁴

474 697 532 782 dis
562 694 723 779 horrida
747 695 918 808 degener
935 693 1006 797 fit,
1033 702 1080 776 ac
1108 685 1282 779 morbos*
1297 701 1339 778 bt
1364 691 1563 776 foedos&
1588 687 1755 775 rebelles
1778 689 1905 794 facit,

473 835 641 920 eamque
659 809 834 894 foetentis
854 803 1163 918 elephantiaseos
1181 804 1353 921 speciem
1368 802 1444 916 quii
1457 801 1742 920 pulcherrimas
1762 799 1906 885 mulie·

472 925 598 1009 resin
622 923 790 1004 monstra
814 917 1008 1002 deformia
1024 917 1204 1002 videmus
1231 920 1440 1003 immutari.

528 1036 581 1119 Iis
602 1033 739 1139 certe,
766 1034 793 1115 si
819 1029 959 1142 quibus
988 1029 1072 1114 aliis
1098 1027 1276 1136 morbis,
1293 1029 1425 1115 severa
1454 1031 1644 1116 convenit
1661 1026 1906 1133 methodus,

474 1155 516 1234 bi
538 1177 637 1234 vana
658 1145 746 1229 sunt
760 1169 981 1259 agyrtarum
1005 1141 1189 1260 promissa
1205 1145 1274 1254 qui
1299 1141 1464 1254 hydram
1485 1145 1588 1225 hanc
1617 1171 1698 1225 uino
1721 1145 1798 1226 isiu
1812 1169 1905 1254 pro-

473 1289 600 1348 terere
629 1260 892 1373 piomittunt:
923 1255 1107 1341 mutanda
1134 1251 1302 1371 lympha
1332 1257 1468 1362 erasis,
1486 1253 1788 1340 subvertendum
1816 1252 1901 1336 sus-

477 1375 605 1485 deque
624 1374 711 1454 vitae
731 1373 934 1484 regimen,
966 1377 1010 1453 bt
1037 1398 1090 1454 ere
1114 1367 1361 1454 admittenda·
1383 1368 1471 1452 sunt
1495 1371 1536 1450 iri
1558 1367 1669 1452 diaed
1694 1364 1905 1470 substantiae

476 1518 559 1598 quae
581 1480 718 1568 dulces
747 1484 915 1587 succos,
942 1479 1055 1566 simul
1077 1489 1119 1566 bt
1139 1481 1357 1567 antiacidos
1375 1478 1705 1595 compleiiaritur.
1724 1482 1816 1564 Nec
1836 1481 1904 1562 lile

474 1597 734 1712 permittenda
752 1593 920 1680 farinosa
948 1593 1082 1706 siliquis
1108 1593 1304 1704 quassante
1325 1591 1551 1708 legumina,
1568 1592 1635 1678 sed
1658 1591 1766 1678 olera
1787 1592 1904 1705 sapo-

475 1739 621 1816 nacea,
649 1707 747 1792 betae
760 1771 775 1815 ,
802 1709 998 1822 spinacia,
1035 1705 1201 1790 brafficae
1214 1771 1227 1814 ,
1260 1709 1469 1814 nasturtio,
1505 1707 1706 1812 cichoria,
1734 1703 1903 1819 piscium

475 1853 599 1939 genus
625 1849 775 1926 omne,
800 1822 883 1902 iinb
904 1828 945 1904 bt
973 1817 1107 1929 aliqua
1126 1820 1285 1905 fuerunt
1304 1849 1387 1929 quae
1410 1846 1529 1903 carne
1548 1843 1700 1904 utentes
1723 1814 1899 1932 viperini

455 1937 524 2022 iad
551 1932 823 2018 omnimodam
846 1931 1087 2016 sanationem
1103 1932 1294 2046 perdublae
1315 1931 1414 2016 sunt.
1434 1931 1487 2016 lis
1507 1934 1603 2046 virro
1620 1935 1679 2015 uti
1697 1926 1899 2044 piaculum

476 2047 724 2134 crediderim.
751 2044 833 2130 Sed
863 2074 971 2156 aquae
997 2043 1202 2130 minerales
1226 2074 1309 2155 qua
1335 2041 1547 2128 alcaliiium
1570 2043 1665 2154 quid
1687 2039 1909 2148 redolent,

475 2189 520 2246 ut
541 2160 736 2246 selteranae
759 2167 802 2243 dt
826 2155 907 2242 aliae
932 2155 1154 2263 hujusmodi
1177 2155 1361 2242 divitibus
1392 2155 1656 2272 propinanda.
1670 2254 1672 2262 Ι
1687 2153 1796 2240 Utile
1815 2155 1899 2240 vidi

475 2270 752 2391 pauperculis,
773 2271 841 2356 sed
863 2268 1124 2358 refraslillimi
1147 2269 1231 2356 dosi
1243 2332 1260 2378 ,
1283 2268 1431 2382 aliquid
1456 2295 1563 2380 aquae
1582 2267 1764 2354 secunda
1777 2265 1898 2354 calcis

456 2470 459 2478 i
478 2390 593 2502 potui
612 2385 809 2470 ordinario
835 2383 1051 2468 effundere.
1070 2384 1180 2469 Inter
1200 2381 1487 2469 medicamenta
1510 2379 1768 2466 celeberrimo
1792 2383 1903 2494 vipe-

469 2530 611 2584 raruni-
627 2498 712 2582 usui
735 2494 952 2612 junguntur
968 2495 1077 2580 succi
1101 2500 1372 2610 potentiorum
1396 2491 1606 2582 herbarum
1630 2497 1903 2610 aperientium,

470 2611 646 2696 alcalina
660 2607 1020 2700 saliaTacheninni
1033 2609 1226 2697 methodo
1246 2634 1389 2725 parata.
1414 2605 1521 2692 Salia
1545 2635 1596 2692 ex
1613 2608 1764 2692 insesiis
1787 2599 1904 2691 vola-

479 2724 591 2831 tilia,
620 2722 919 2808 ammoniacalia
947 2726 1001 2806 ita
1030 2725 1202 2836 praestarit
1227 2748 1272 2808 ut
1297 2749 1344 2807 ea
1367 2718 1653 2810 exhibeas'non
1673 2719 1903 2804 communia

480 2835 635 2942 solum,
660 2836 727 2920 sed
745 2843 787 2920 bt
808 2839 966 2950 propria
980 2836 1186 2922 meditatus
1195 2898 1213 2942 ,
1230 2863 1305 2922 nec
1326 2833 1501 2924 delicata
1519 2829 1727 2922 mulierum
1740 2857 1907 2922 texturae

482 2979 528 3034 ea
553 2946 715 3052 objicias
737 2978 820 3058 quae
839 2947 956 3031 durus
981 2973 1109 3032 arator
1134 2951 1201 3036 vix
1224 2949 1338 3034 ferat.
1420 2989 1423 2998 ¹
1886 3021 1894 3030 .

516 3061 585 3152 ,In
614 3056 756 3144 talibus
778 3085 860 3142 arte
880 3089 979 3174 opus
1004 3061 1057 3144 est
1080 3057 1225 3148 eximii
1248 3057 1385 3145 nevel
1409 3061 1558 3174 optima
1582 3058 1724 3144 cedant
1743 3061 1785 3142 in
1813 3086 1906 3174 per·-

369 3254 377 3276 ,
474 3176 651 3277 niciem,
670 3176 764 3256 ciim
785 3171 916 3286 saepibs
940 3171 1095 3258 accidat
1119 3199 1163 3256 ut
1215 3177 1334 3256 rimus
1362 3172 1627 3262 remediorum
1654 3172 1902 3256 auuosorum

481 3285 641 3370 assedus
665 3289 855 3399 pruritum
891 3288 1069 3369 concitet
1094 3203 1410 3393 intosbtabilem,
1436 3290 1639 3398 cutimqut:¹
1667 3280 1903 3398 constringit

482 3397 694 3484 erethismo
715 3401 783 3508 qui
810 3397 859 3482 ad
887 3400 1022 3481 onmia
1049 3400 1169 3482 etiam
1192 3398 1342 3513 optime
1367 3399 1537 3484 indicata
1556 3397 1817 3484 medicamina
1840 3409 1904 3484 rd-

481 3509 630 3596 bellem
648 3511 796 3595 efficiat
815 3511 981 3596 causam.
1003 3509 1152 3596 Omnis
1167 3516 1273 3596 enini
1290 3512 1441 3600 sanatio
1455 3509 1606 3598 liberos.¹
1620 3536 1772 3598 meatus
1786 3517 1905 3618 atqu'e

481 3627 638 3757 pervios
666 3625 853 3734 requirit,
880 3653 964 3708 non
993 3628 1119 3708 minbs
1147 3629 1265 3736 quani
1291 3625 1517 3710 mirificator
1549 3625 1747 3708 humores.
1777 3621 1904 3732 Hisce

482 3767 526 3822 in
547 3733 695 3822 casibus
723 3734 830 3834 nulla
861 3735 977 3821 nobis
1001 3733 1023 3819 i
1047 3735 1341 3822 mercurialibus
1373 3763 1595 3824 mutuamur
1618 3733 1775 3844 auxilia.
1796 3734 1906 3820 Nam

484 3853 579 3934 clun
596 3848 783 3938 irritando
799 3845 923 3940 solida
940 3847 1185 3963 lymphaque
1200 3847 1453 3936 conciliando
1468 3845 1741 3964 putrilaginem
1755 3837 1901 3960 agant,

484 3961 576 4058 sana
590 3965 720 4078 potibs
734 3987 1016 4077 corrumpunt,
1041 3961 1158 4102 quini
1172 3960 1354 4047 morbosa
1368 3960 1549 4069 solvunt,
1564 3955 1906 4046 concretionibus·

487 4103 563 4182 que
580 4135 584 4140 -
601 4071 743 4162 relidit
775 4077 907 4178 omnia
938 4104 1022 4184 qua
1057 4105 1079 4158 a
1120 4073 1279 4160 sanitate
1309 4075 1454 4168 residua
1493 4099 1602 4164 erant
1627 4071 1905 4188 pessumdant,

484 4211 601 4296 atque
623 4189 903 4291 contaminant.
942 4188 1041 4272 Non
1074 4215 1134 4272 res
1162 4187 1301 4272 eadem
1330 4187 1496 4272 dicenda
1531 4187 1606 4272 erit
1637 4185 1689 4269 de
1725 4182 1904 4296 sulfureis

486 4300 714 4408 compositis
738 4325 805 4386 aut
827 4303 893 4382 sim
923 4297 1063 4383 licibus
1076 4361 1090 4404 ,
1120 4328 1194 4396 nec
1223 4300 1272 4386 de
1294 4299 1450 4396 stibiatis
1473 4295 1795 4392 medicaminibus
1819 4325 1907 4406 quie

485 4410 627 4492 sivein
651 4331 1204 4523 penetrantissimanicalcem
1236 4411 1387 4496 redasia
1416 4414 1513 4519 sirit,
1540 4414 1618 4498 sive
1651 4407 1799 4521 aliquid
1826 4403 1908 4496 sul-

482 4522 584 4610 furei
604 4524 706 4606 intiis
725 4524 979 4618 recondant,
1003 4524 1110 4609 certe
1136 4548 1259 4609 muco
1281 4523 1525 4639 lymphatico
1551 4523 1764 4639 praesidium
1788 4547 1908 4631 atque

482 4629 692 4720 subsidium
715 4634 866 4742 serunt,
893 4634 1052 4750 ipsaque
1070 4636 1172 4724 illudw
1196 4635 1342 4736 liabent
1362 4660 1451 4722 ante
1477 4635 1553 4720 alia
1575 4638 1709 4720 omnia
1730 4633 1910 4720 medica-

490 4769 622 4830 menta
649 4746 756 4857 qubd
786 4751 909 4836 cutim
941 4745 1314 4860 affeslenreanique
1347 4775 1564 4866 penetrent.
1593 4747 1710 4834 Talia
1738 4748 1911 4861 prestant

480 4855 815 4970 medicamenta,
846 4861 1104 4966 antimoiiiunr
1136 4861 1303 4966 crudum
1312 4885 1346 4992 ’ξ’
1353 4887 1361 4962 z,
1379 4861 1494 4974 quod
1518 4887 1564 4964 ut
1597 4859 1645 4960 ab
1674 4864 1786 4954 omui
1817 4855 1912 5002 labeA

1732 4999 1917 5063 extranea
