4228 5898
446 403 525 480 us
716 390 815 494 un
857 385 1149 481 nonsrs
1180 373 1593 518 cornutas,

443 555 611 662 medio,
633 543 681 638 in
707 553 880 672 puerulis
904 555 1079 639 cosiioni
1105 553 1332 671 responsant
1345 616 1360 662 ,
1399 576 1660 670 corrumpunt
1690 545 1883 660 acredine
1890 649 1894 660 1

445 697 531 783 quae
552 674 594 754 in
620 695 755 752 cutem
783 694 896 751 more
909 671 1151 752 excrementi
1170 667 1220 766 de
1249 671 1405 774 unitur,
1437 668 1661 781 corpusque
1685 665 1873 781 depurata

444 809 544 868 tunc
570 784 739 897 primhm
756 782 950 893 incipiunt
968 777 1164 892 -glandulae
1185 699 1408 894 aslurgete,
1436 783 1615 890 vertique
1632 777 1672 860 in
1695 781 1873 862 humoris
1899 801 1903 812 ·

447 898 551 984 istius
572 893 688 978 alieni
710 888 984 1005 receptacula3
1004 889 1050 976 eti
1075 895 1228 976 ratione
1251 917 1324 997 ut,
1340 894 1423 1001 qub
1445 891 1547 976 cutis
1572 895 1708 1006 purior
1725 891 1800 996 stt,
1822 891 1878 974 οὔ

448 1001 574 1122 magis
584 1004 846 1090 intumescant
855 1001 1068 1117 glandulae,
1084 1004 1207 1113 iisque
1219 1003 1577 1088 detumescentibus
1586 1065 1600 1111 ‚
1614 1004 1785 1086 soedetur
1800 1022 1883 1104 cu-*

449 1125 499 1206 tis
515 1117 750 1236 pustularum
763 1116 982 1200 diversitate
1000 1113 1229 1200 monstrosi.
1244 1115 1355 1200 Hinc
1369 1120 1546 1226 quamvis
1557 1115 1647 1224 jure‘
1653 1117 1875 1226 meritoque

449 1231 686 1320 morborum
701 1232 861 1314 istorum
878 1228 1056 1344 plerique
1072 1253 1325 1313 numerentur
1348 1232 1450 1313 inter
1468 1229 1517 1314 de
1544 1233 1740 1314 uratorios
1750 1289 1765 1333 ,
1790 1257 1874 1312 non

451 1374 592 1432 omnes
604 1371 735 1428 tamen
752 1345 859 1427 hunc
874 1339 1034 1426 titulum
1049 1369 1259 1426 merentur.
1282 1344 1338 1426 At
1354 1343 1486 1457 saepibs
1501 1261 1638 1426 slnitas
1661 1339 1731 1425 sub
1751 1337 1875 1425 crusta

450 1454 615 1546 stedine
629 1453 752 1539 lasea
760 1452 860 1564 ,sub
875 1452 1086 1540 achoribus
1098 1456 1471 1566 favisqueinsantum
1483 1460 1664 1570 vigorem
1678 1455 1876 1568 concipit,

450 1569 638 1656 increscit
646 1571 837 1684 appetitus
852 1630 866 1675 ,
883 1565 990 1651 belle
1010 1595 1241 1652 exercentur
1261 1567 1481 1654 funsiiones
1492 1629 1507 1676 ‚
1526 1565 1666 1678 quibus
1689 1564 1759 1649 sub
1775 1566 1878 1652 indi-

453 1687 525 1769 ciis
546 1711 615 1767 eru
643 1685 773 1766 tiones
791 1679 868 1764 illae
880 1679 983 1764 reiis
996 1677 1218 1786 judicantur
1239 1680 1676 1793 depuraroriae.Veri1m
1691 1705 1736 1762 ut
1755 1681 1797 1760 in
1818 1680 1878 1760 in·

318 1816 322 1827 '
450 1713 782 1909 fantulislympha
796 1819 912 1876 tenax
925 1790 1042 1876 facile
1053 1794 1094 1876 in
1109 1796 1249 1877 crustas
1263 1801 1305 1878 δι
1321 1795 1363 1876 in
1373 1790 1495 1876 lemas
1512 1791 1612 1897 abit,
1633 1791 1729 1904 saepe
1745 1793 1879 1875 evenit

451 1907 616 1994 utdltm
645 1937 722 2022 prae
743 1907 908 1990 crassitie
930 1903 1133 1989 obturatur
1160 1903 1182 1990 *a
1206 1907 1338 1994 ¹crustis
1361 1907 1574 1988 humorum
1597 1908 1749 2010 exitus,
1776 1907 1879 1987 intu-

453 2022 631 2107 mescant
660 2021 798 2105 vicinae
827 2044 988 2133 partes,
1010 2019 1094 2102 imb
1120 2027 1172 2102 &=
1187 2020 1331 2104 refluus
1355 2021 1499 2108 humor
1522 2020 1564 2100 in
1592 2017 1740 2101 viscera
1769 2017 1880 2102 dese·

453 2159 558 2218 ratur
578 2163 591 2234 3
612 2131 723 2242 quod
748 2129 968 2246 periculum
993 2133 1039 2215 iis
1073 2131 1280 2244 praesertim
1299 2131 1447 2216 accidit
1470 2160 1570 2242 quos
1589 2129 1782 2214 infantum
1800 2129 1890 2212 foe·'
1940 2147 1945 2154 '

454 2245 554 2330 ditas
575 2246 671 2330 odio
692 2245 843 2348 afficit,
864 2251 905 2328 &
925 2248 993 2353 qui
1005 2243 1172 2326 nitidum
1191 2243 1382 2334 decorem
1397 2243 1591 2330 securitati
1607 2269 1697 2326 ante
1725 2269 1876 2350 onum,
2008 2246 2010 2252 ’

453 2357 752 2474 repellenteque
783 2354 957 2440 adhibita
993 2355 1298 2464 medicatione,
1340 2358 1496 2472 prolem
1539 2385 1638 2440 orco
1677 2273 1878 2440 cldvovent

453 2471 735 2587 imprudenter.
760 2470 804 2554 Si
815 2467 989 2554 saturatis
1003 2467 1251 2554 labefattatio
1265 2533 1279 2577 ,
1294 2472 1322 2552 st
1339 2471 1587 2554 fundionum
1609 2466 1788 2552 debilitas
1802 2530 1817 2575 ,
1850 2469 1879 2552 sl

453 2579 1354 2709 glandularumtumor,irnbaliquarrdboshurn
1393 2581 1880 2694 rotuberantiacumerup·

452 2701 568 2784 tione
593 2695 672 2782 uni
687 2698 859 2894 perstant
872 2756 887 2801 ‚
916 2725 993 2802 ram
1020 2695 1258 2892 delqurat'orii
1278 2613 1408 2780 morli
1439 2724 1587 2780 nomen
1608 2693 1877 2808 eruptionibus

454 2809 535 2896 illis
555 2837 686 2896 conce
714 2810 860 2918 endum
877 2837 959 2891 non
978 2813 1042 2894 est.
1101 2837 1124 2893 e
1143 2813 1190 2893 iis
1211 2808 1304 2892 alibi
1324 2809 1520 2924 agendum
1538 2812 1612 2893 erit
1619 2871 1633 2922 ,
1651 2835 1757 2890 nunc
1776 2797 1875 2918 quid

454 2921 526 3006 illa
561 2921 631 3005 sthi
658 2920 827 3037 postulet
852 2914 1056 3034 deputatio
1084 2925 1219 3035 paucis
1243 2922 1471 3008 videndum.
1791 2921 1798 2930 ’
1868 2917 1876 2951 ³

510 3035 556 3116 Si
585 3060 749 3118 matrem
780 3027 893 3132 simul
921 3058 961 3117 at
988 3061 1038 3124 ue
1065 3060 1215 3148 patrem
1245 3034 1358 3120 sanos
1391 3043 1433 3120 ὅ(
1463 3032 1666 3120 salubriter
1701 3036 1880 3122 viventes

452 3139 627 3253 videris,
656 3148 683 3228 st
715 3149 845 3230 nutrix
877 3061 1074 3260 inculpata
1114 3145 1215 3232 bene
1242 3147 1282 3232 se
1310 3146 1453 3234 habeat
1482 3156 1524 3233 bt
1556 3151 1778 3232 nodareum
1817 3143 1881 3228 lac

451 3258 626 3348 ubertim
650 3257 813 3363 fundat,
842 3261 967 3372 prima
993 3258 1087 3342 mali
1107 3257 1223 3359 labes
1245 3268 1269 3346 a
1298 3287 1486 3376 corrupto
1516 3262 1792 3379 perspiratorio
1808 3285 1884 3372 ‚ex-

454 3397 663 3460 cremento
696 3369 1270 3472 deducenda;&illarursi1s
1300 3374 1451 3490 semper
1482 3372 1504 3458 i
1531 3371 1665 3460 vitiati
1696 3375 1885 3466 cessione

456 3487 669 3603 repetenda
694 3487 779 3568 erit.
808 3484 920 3568 Hinc
944 3483 1041 3599 sape
1070 3484 1203 3580 videas
1229 3485 1395 3574 infantes
1426 3491 1494 3598 qui
1522 3515 1592 3602 per
1620 3512 1751 3571 totum
1785 3489 1902 3598 hye··

455 3600 571 3685 malis
589 3599 746 3712 frigoris
769 3597 976 3682 decursum
996 3601 1127 3685 crustis
1146 3597 1225 3683 illis
1241 3599 1349 3684 foedb
1368 3599 1694 3706 dehonestantur,
1714 3601 1883 3682 aestivum

452 3742 530 3830 per
572 3710 747 3798 calorem
782 3709 897 3794 sanos
936 3712 1219 3826 integrosque3
1260 3718 1346 3797 tiam
1384 3717 1476 3825 quia
1509 3717 1576 3824 qui
1614 3740 1683 3827 per
1720 3714 1885 3798 aestatem

459 3821 619 3912 exhalat
669 3827 814 3908 humor
861 3849 931 3938 per
974 3827 1197 3940 stringentia
1249 3823 1393 3910 bruma
1441 3851 1622 3940 tempora
1662 3824 1884 3931 densatur,

422 3941 425 3948 '
459 3937 646 4054 spiffescit
674 3947 715 4024 bt
741 3937 929 4023 retinetur
948 3935 1078 4052 inthsr
1103 3942 1187 4022 tiam
1210 3941 1303 4050 quia
1331 3942 1474 4052 hyeme
1496 3941 1624 4022 minus
1646 3937 1801 4020 astuosa
1833 3937 1886 4020 est

449 4073 631 4158 namra,
673 4055 804 4135 minor
842 4052 890 4138 fit
930 4051 971 4134 in
1012 4050 1246 4138 evolutione
1298 4051 1476 4157 dentium
1523 4081 1595 4167 pro
1625 4049 1742 4136 tellus
1776 4111 1790 4158 ,
1840 4057 1883 4132 ὅτ

461 4163 585 4270 majus
612 4166 664 4246 est
692 4163 879 4278 plethorae
912 4163 1144 4280 periculum,
1189 4163 1300 4246 Hinc
1332 4193 1430 4278 ergo
1464 4083 1659 4258 fovendus
1693 4166 1745 4248 en
1775 4159 1886 4244 crus·

460 4299 588 4360 tarum
608 4271 765 4357 illarum·
778 4273 912 4362 Clitus
923 4339 938 4382 ,
955 4303 1139 4387 tanquam
1153 4281 1395 4364 excrementi
1415 4275 1601 4361 salutaris.
1621 4273 1809 4358 Laxanda
1834 4277 1886 4358 eil

452 4383 693 4471 emolliente
720 4385 890 4471 decocto
919 4391 1020 4474 cutis
1049 4389 1319 4480 &herbarum
1343 4391 1574 4501 aquosarum
1596 4385 1886 4506 applicatione,

461 4525 514 4584 ne
538 4496 593 4580 ibi
618 4497 799 4612 subrepat
821 4524 974 4582 retento
996 4501 1311 4590 &accumulato
1335 4507 1505 4590 humore
1526 4503 1808 4607 inflammatio,
1836 4523 1887 4584 ne

461 4612 586 4698 crusta
611 4611 652 4690 in
674 4637 808 4694 veram
831 4611 1032 4694 oscharam
1056 4616 1300 4717 indurescat3
1329 4619 1412 4700 imb
1441 4613 1699 4728 mucilagines
1726 4619 1768 4696 ὁ(
1796 4611 1887 4698 olea

457 4721 686 4812 ‘mollissima
711 4720 943 4834 applicanda
970 4722 1070 4807 sunt.
1097 4731 1188 4814 Nec
1210 4730 1327 4812 raedio
1339 4792 1354 4836 ,
1392 4726 1471 4813 nec'
1495 4759 1594 4816 curae
1619 4725 1886 4846 parcendum,

459 4865 512 4928 ue
538 4861 675 4958 prater
700 4835 848 4968 nativas
874 4831 1006 4932 sordes
1034 4841 1214 4952 quetidie
1241 4840 1506 4951 exhalantes,
1531 4867 1598 4934 aut
1628 4838 1710 4928 aliae
1740 4841 1889 4930 extrin-
