4292 5904
507 458 586 552 ῳ
945 445 1054 530 oa
1116 443 1483 530 monins

566 611 623 714 Ar
643 609 684 690 in
702 606 846 692 ultimo
866 613 909 692 dt
926 606 1181 694 decrescente
1201 609 1383 694 vasorum
1401 609 1610 694 volumine
1627 637 1723 722 aggr
1776 606 1860 690 atio
1878 606 1945 694 ilia

510 721 693 808 vasorum
705 724 920 806 maximum
931 720 1183 806 tuberculum
1194 723 1475 838 efficit,saepiits
1488 722 1721 825 rotundum,
1772 721 1948 830 'quandia

511 862 645 919 tamen
663 836 796 948 ligurae
815 839 982 920 omnini>
1005 836 1189 940 diversa,
1216 835 1440 948 quanquim
1461 836 1573 920 aliter
1588 834 1764 918 voluerit
1785 837 1945 917 Adme-

515 950 612 1034 cius.
641 947 752 1030 Hinc
809 973 899 1032 utta·
924 949 1042 1032 roseta
1072 977 1209 1034 namra
1235 953 1403 1034 omnino
1427 948 1604 1034 varicosa
1628 950 1710 1048 est,
1741 955 1784 1030 dt
1806 945 1830 1028 it
1850 947 1945 1032 valis

514 1059 579 1144 san
636 1063 734 1144 ineis
766 978 933 1146 dilatatis
960 1061 1135 1178 pendet,
1168 1092 1339 1172 quorum
1376 1060 1450 1146 alia
1485 1061 1574 1146 satis
1607 1060 1728 1144 crassa
1756 1059 1875 1164 sunt,
1905 1085 1948 1143 ut

515 1201 569 1257 nu
600 1203 626 1257 o
657 1202 867 1288 appareant
901 1174 1025 1260 oculo
1058 1175 1299 1290 conspicua,
1329 1173 1405 1260 alia
1432 1177 1524 1260 vitri
1556 1174 1771 1258 mediocris
1797 1171 1947 1255 auxilio

489 1293 493 1302 '
515 1285 878 1400 deprehendantur,
894 1286 968 1374 alia
981 1289 1142 1374 demum
1156 1293 1325 1376 omnino
1342 1291 1443 1376 vitra
1455 1288 1659 1372 sortiffima
1670 1285 1888 1400 postulant,
1904 1311 1950 1369 ut

517 1399 697 1515 conspici
719 1399 760 1484 se
784 1403 918 1488 smant.
952 1401 1180 1513 Aliquando
1198 1399 1331 1489 tameit
1351 1403 1535 1504 harentia
1557 1398 1626 1483 illa
1644 1399 1840 1513 sanguinis
1865 1425 1949 1482 non

517 1511 619 1597 adeo
643 1513 807 1628 simplex
830 1517 906 1620 est,
937 1543 983 1601 ut
1007 1517 1261 1603 erethismum
1289 1514 1430 1602 ultima
1454 1513 1544 1600 vasa
1575 1542 1659 1597 non
1689 1514 1950 1624 concipiant,

519 1627 645 1736 sitque
660 1629 702 1708 in
716 1625 864 1712 ultimis
878 1627 956 1714 illis
977 1627 1192 1714 tuberculis
1215 1628 1428 1740 aliquandi>
1449 1629 1730 1730 inflammatio,
1755 1623 1953 1820 imm

519 1741 704 1854 puratio‚
736 1739 812 1852 qual
839 1739 988 1828 sublati
995 1804 1008 1847 ,
1040 1741 1115 1826 alia
1144 1741 1350 1828 inlocum
1380 1740 1678 1856 deperditorum
1700 1737 1791 1824 uasa
1887 1739 1926 1755 ''

518 1853 798 1960 succrescunt,
826 1855 880 1938 ita
905 1883 950 1940 ut
973 1855 1207 1970 supputandi
1231 1859 1307 1940 vix'
1324 1857 1411 1938 finis
1439 1856 1519 1938 fiat.

577 1967 670 2048 Nec
691 1966 928 2080 impossibile
952 1972 1095 2078 pariter
1122 1971 1174 2052 est
1200 1973 1296 2080 quin
1327 1967 1488 2054 tandem
1516 1965 1607 2051 vasa
1634 1966 1754 2048 toties
1789 1962 1950 2068 demite,

520 2101 639 2185 atque
670 2073 691 2159 t
719 2078 840 2162 causis
868 2079 1128 2164 exterioribus
1159 2081 1355 2194 contusa,
1385 2107 1588 2168 vertantur
1620 2081 1663 2160 in
1689 2077 1882 2160 scirrhum
1910 2077 1951 2160 tc

522 2190 918 2273 carcinomatodaeam
933 2217 1107 2274 naturam
1125 2193 1308 2299 induant,
1325 2199 1419 2278 cium
1434 2193 1618 2294 harentia
1629 2187 1698 2274 illa
1713 2197 1752 2274 bt
1771 2186 1949 2272 dilatatio

521 2299 705 2390 vasorum
732 2302 934 2408 varicosa‚
965 2303 1032 2388 vel
1055 2300 1140 2386 soli
1171 2307 1460 2420 compressione
1491 2308 1739 2408 vicinorum,
1760 2299 1875 2414 poffit
1901 2305 1945 2382 dt

522 2411 805 2498 obstrufflones
826 2417 1218 2502 &inflammationes
1240 2427 1282 2502 ὃ(
1306 2419 1518 2503 cancrosos
1545 2419 1705 2502 affectus
1729 2414 1949 2516 concitare,

523 2527 591 2610 sed
604 2529 688 2611 haec
706 2526 755 2611 ad
771 2553 889 2641 gutte
904 2528 1023 2614 roseae
1037 2555 1213 2614 naturam
1228 2561 1309 2614 non
1353 2535 1545 2637 ertinent,
1566 2561 1649 2640 qua
1662 2527 1785 2644 perse
1800 2528 1955 2641 prorsus

524 2639 702 2724 varicosa
721 2643 798 2746 est,
814 2641 881 2726 seu
924 2647 1028 2728 otibs
1043 2561 1407 2754 anevrysmatodes,
1427 2648 1481 2728 ita
1494 2670 1539 2727 ut
1551 2643 1714 2757 plexum
1730 2641 1955 2725 arteriarum

525 2750 771 2837 dilataturum
796 2783 866 2868 per
889 2672 949 2862 sit,
975 2783 1042 2842 aut
1064 2755 1202 2842 saltem
1228 2785 1418 2842 venarum
1443 2757 1651 2872 supponat.

581 2863 645 2948 Ex
674 2869 733 2952 bis
763 2863 940 2980 legitime
972 2877 1014 2953 dt
1044 2869 1093 2953 ad
1121 2896 1263 2954 namra
1291 2900 1474 2956 normam
1505 2869 1719 2954 observatis
1752 2863 1958 2954 solvuntur

526 2979 762 3091 omniaque
783 2980 831 3064 ad
853 2984 959 3066 hunc
984 2980 1169 3066 morbum
1191 2987 1386 3098 pertinere
1408 2985 1564 3097 possunt
1587 2979 1848 3096 problemata.
1875 2979 1959 3064 Cur

526 3093 589 3195 iis!
612 3094 849 3206 potissimum
883 3095 1039 3180 accidat
1065 3099 1133 3206 qui
1162 3101 1254 3181 uina
1287 3095 1532 3206 &liquores
1566 3093 1794 3210 spirituosos
1826 3117 1959 3180 amant

525 3207 747 3316 ingerere?
790 3206 875 3290 Cur
900 3207 1071 3292 seminis.
1093 3218 1135 3293 ὃ(
1167 3213 1213 3294 iis
1244 3240 1330 3323 qua
1361 3209 1588 3294 nitidissimo
1616 3210 1719 3293 cutis
1747 3205 1956 3321 splendore

527 3313 798 3428 gloriabantur
828 3318 868 3400 fu
900 3346 941 3404 et
965 3321 1122 3436 lepores
1149 3327 1164 3404 i
1195 3323 1281 3406 Cur
1308 3320 1508 3407 affettibus
1535 3325 1654 3406 animi
1683 3347 1802 3431 atque
1826 3319 1958 3404 studiis

528 3427 723 3514 indefessis
743 3430 840 3563 saepb
861 3350 1129 3549 superveniat,
1145 3432 1300 3519 tardato
1320 3464 1388 3550 per
1408 3433 1671 3519 abdominalia
1695 3435 1847 3519 viscera
1873 3432 1958 3514 san÷

528 3543 657 3654 guinis
679 3543 846 3628 circuitu
865 3545 986 3654 lCur
1008 3547 1167 3632 demum
1188 3572 1306 3662 gutta
1327 3548 1446 3632 roseae
1467 3548 1641 3633 creandae
1662 3547 1872 3632 conferant
1895 3545 1957 3628 su·

529 3680 617 3738 cata
631 3654 859 3763 saturninis,=
876 3685 992 3768 atque
1038 3659 1433 3768 otissrmitmcetussst,
1460 3659 1664 3747 linimenta
1677 3658 1843 3770 quibus,
1862 3657 1960 3741 dnm

459 3787 467 3796 '
522 3765 668 3854 salsum
683 3768 897 3856 candorem
914 3690 1097 3858 simulant
1109 3771 1313 3881 mulieres,
1336 3801 1473 3858 verum
1490 3778 1699 3858 amittunt?
1724 3771 1779 3856 Et
1797 3773 1960 3855 demirm

529 3907 579 3966 ex
599 3882 780 3966 vasorum
803 3883 853 3968 ad
876 3883 1082 3970 cerebrum
1101 3889 1301 3994 euntium,
1321 3896 1361 3971 dt
1377 3885 1468 3972 inde
1545 3916 1563 3969 r
1579 3883 1775 4000 jugulares
1794 3885 1963 3968 redeun-

528 3999 630 4078 tium
656 3994 804 4080 sabricst
828 3994 915 4080 satis
938 3995 1171 4112 intelligitur
1198 4029 1272 4082 cur
1296 3997 1423 4084 vultui
1448 3915 1752 4113 soliecompetat
1779 3993 1963 4084 varicosa

529 4105 596 4192 illa
617 4109 799 4193 vasorum
825 4107 1033 4216 dilatatio,
1058 4139 1135 4196 nec
1159 4109 1273 4195 ullibi
1296 4111 1390 4196 alibi
1414 4112 1653 4198 observetur.

584 4221 728 4307 Narrat
760 4221 921 4334 Bayrius
952 4231 1012 4328 (α)
1050 4223 1091 4309 se
1123 4223 1144 4308 ὲ
1173 4223 1274 4310 veni
1299 4226 1438 4310 frontis
1472 4222 1680 4312 tumesasli
1709 4223 1752 4305 in
1789 4217 1966 4306 muliere

527 4330 655 4416 nobili
688 4331 872 4439 judicasse
896 4335 1095 4421 ’ruborem
1132 4365 1320 4450 genarum
1351 4337 1373 4422 ὲ
1398 4337 1553 4423 difficili
1584 4367 1654 4451 per
1677 4362 1800 4422 venas
1829 4334 1967 4420 redint

530 4445 712 4556 pendere.
736 4447 852 4562 Unde
870 4476 1012 4534 venam
1029 4451 1171 4536 frontis
1190 4450 1311 4569 paulo
1331 4451 1420 4537 ante
1438 4451 1607 4536 suturam
1625 4447 1860 4534 coronalem
1874 4473 1970 4562 per·

527 4557 641 4640 tundi
668 4588 786 4671 atque
813 4567 989 4646 cauterio
1023 4567 1192 4650 constrin
1220 4568 1234 4650 i
1268 4561 1382 4671 juffit.
1415 4561 1480 4650 Ab
1514 4561 1582 4648 illa‘i
1613 4561 1765 4676 pertusi
1799 4562 1967 4674 sanguis

527 4672 678 4784 ingenti
710 4676 860 4789 impetu
891 4675 1095 4791 prosiluit,
1125 4598 1297 4790 indique
1329 4681 1583 4792 hemorragia
1616 4705 1733 4780 nata,
1798 4703 1859 4758 uae
1889 4671 1969 4774 ubi

525 4780 647 4868 semel
670 4789 887 4904 composita
910 4789 1010 4900 fuit,
1030 4789 1145 4878 simul
1165 4791 1317 4886 discussi
1339 4791 1450 4913 strete
1468 4817 1643 4880 tumores
1661 4783 1724 4878 illi
1742 4817 1789 4874 ru
1819 4813 1972 4896 entes,

564 4941 622 5016 (a)
641 4939 727 5004 Prae
749 4941 797 5006 lib·
817 4947 853 5021 Β,
874 4965 932 5030 cap.
950 4967 980 5030 3.
1965 4944 1970 4952 ¹
