4250 5898
670 396 1254 528 CUTANEIS.¹
1567 433 1648 518 5„

214 560 368 648 tionem
390 561 522 650 frustra
545 559 732 656 tendente
754 570 912 684 poliunt
936 565 1004 653 illa
1027 568 1209 654 excavari
1233 573 1275 654 ὃ(
1298 565 1537 654 adolescere.
1565 557 1647 656 Sed

201 677 414 785 ¹quodnam
431 681 477 763 stt
492 682 730 782 ranciditatis
750 681 849 766 illud
867 681 1116 796 lymphatica
1135 707 1259 794 genus
1274 689 1316 766 dr
1331 711 1505 792 quonam
1522 711 1647 798 oppu-

213 792 415 900 gnandum
432 795 477 876 fit
491 795 681 909 specifico
698 793 815 902 latet,
831 797 963 880 causas
975 797 1082 880 enim
1092 797 1292 909 proximas
1306 795 1492 882 hariolari
1508 789 1620 881 datm
1628 859 1644 906 ,

212 931 297 984 non
323 905 455 988 intros
474 909 591 992 icere.
906 940 910 948 ’
954 1001 957 1012 .
1587 975 1592 982 .

182 1081 184 1086 .
266 937 479 1130 Diagnoiii
495 1020 656 1130 quidem
672 1020 826 1128 morbi,
849 1046 893 1106 ut
907 1019 1188 1138 plerorumque
1207 1043 1467 1104 cutaneorum
1483 1015 1645 1104 morbo-

198 1155 325 1235 rum,
342 1129 505 1246 simplex
526 1133 726 1219 &facilis
751 1134 963 1249 Prognolis
982 1161 1025 1218 ur
1040 1135 1151 1216 certo
1172 1129 1384 1238 habeatur,
1400 1135 1499 1216 uarii
1514 1130 1644 1220 morbi

198 1331 202 1336 ,
208 1239 355 1351 gradus
378 1246 566 1332 statuendi
585 1247 686 1332 sunt.
709 1245 846 1362 Vulgo
869 1251 977 1334 enim
1000 1244 1276 1360 pediculorum
1300 1269 1513 1360 proventus
1536 1247 1644 1328 inert-

197 1356 383 1464 .peelatus
395 1356 495 1465 ille,
514 1367 558 1444 iit
575 1361 656 1468 stne
678 1358 759 1444 ulli
778 1362 958 1476 prophasr
972 1359 1145 1450 evidenti
1162 1361 1379 1472 irrumpens
1401 1353 1518 1441 facile
1534 1356 1645 1470 fuga·
1709 1437 1719 1452 ,

207 1490 284 1560 tut.
297 1467 516 1564 Difficilior
529 1475 581 1558 est
597 1475 802 1588 prognosse
812 1473 993 1558 ulcerum
1007 1471 1329 1588 pediculosotum
1344 1501 1428 1581 quae
1443 1497 1645 1581 nunquam

208 1579 347 1666 vidisse
371 1585 469 1668 mihi
497 1590 681 1700 contigit.
719 1585 844 1672 Certo
871 1585 1027 1672 lethalis
1053 1587 1105 1680 est
1130 1585 1349 1699 phthiriasis
1375 1583 1423 1674 ad
1452 1585 1644 1695 insrgnem

206 1697 344 1780 evesia
358 1697 546 1809 gradum,
567 1699 725 1809 qualem
747 1698 973 1786 describunt
992 1725 1131 1786 omnes
1148 1701 1325 1784 auiiores
1343 1721 1517 1802 veteres,
1537 1702 1643 1779 &ex

206 1803 286 1914 qui
308 1832 372 1892 tot
388 1813 463 1900 viri
484 1809 659 1902 celebres
684 1813 926 1900 occubuere.
1243 1811 1246 1816 ’
1297 1897 1306 1914 ,

194 2007 198 2016 ,
268 1919 434 2009 Curatio
463 1929 580 2022 etiam
617 1926 875 2039 phthiriaseos
906 1953 979 2041 pro
1011 1923 1122 2008 vario
1152 1920 1275 2034 gradu
1303 1900 1453 2006 diversa
1484 1923 1570 2006 est:
1602 1926 1646 2006 bt
1721 1983 1730 2010 a

196 2031 372 2141 ,quidem
386 2039 429 2118 in
443 2034 588 2150 topicis
601 2037 928 2129 commendandis
940 2037 1100 2152 plurimi
1117 2035 1410 2140 funtanense,
1423 2039 1509 2118 tiam
1525 2035 1645 2118 etiam

200 2145 250 2228 in
267 2146 391 2230 visibs
412 2154 615 2264 regimine.
646 2154 717 2236 Sic
740 2150 885 2236 Paulus
906 2158 970 2256 (o)
997 2145 1205 2262 pediculos
1225 2173 1338 2261 putat·
1358 2145 1381 2230 ‘a
1402 2148 1553 2234 hedum
1572 2146 1644 2230 usu

204 2255 467 2367 frequentiori
496 2267 687 2375 generati.
710 2264 834 2348 ‘idem
869 2261 989 2348 etiam
1022 2260 1208 2343 asseverat
1234 2261 1371 2340 Aetius
1399 2267 1411 2362 (
1423 2259 1471 2363 b)
1498 2256 1644 2370 aliique

113 2443 114 2448 r
196 2397 258 2564 {r
273 2372 558 2564 anappuioribus
572 2375 746 2504 Medicis
758 2374 843 2570 spire
858 2400 1011 2480 omnes.
1016 2365 1181 2566 sContplit
1189 2371 1289 2452 verb
1303 2371 1480 2566 reginnlpn
1493 2371 1644 2564 siccunr

362 2509 434 2565 um·
506 2514 589 2568 vrm
619 2513 668 2570 ue
704 2513 769 2570 me
813 2514 950 2570 ocrem
987 2513 1100 2566 uum
1166 2511 1281 2566 orum
1315 2509 1389 2564 exc
1450 2509 1533 2566 rom
1566 2509 1644 2566 ee

202 2592 386 2678 infestum
397 2656 413 2700 ,
436 2515 617 2712 aidebqui
636 2598 815 2683 curanda
834 2597 1035 2710 phthiriasi
1055 2621 1188 2710 aptum
1208 2619 1357 2707 putant.
1386 2593 1508 2680 Certe
1524 2596 1551 2676 sr
1562 2655 1576 2700 ,
1600 2623 1645 2678 ut

200 2709 305 2792 mihi
321 2707 478 2796 videtur
502 2738 563 2794 tes
574 2771 591 2816 ,
614 2715 669 2796 ita
695 2717 738 2794 bt
761 2708 847 2796 aliis
869 2711 1128 2796 demonstrata
1150 2709 1230 2812 est,
1257 2705 1423 2790 infantes
1449 2704 1643 2821 pediculis

200 2817 429 2906 laborantes
456 2822 538 2906 fere
564 2851 704 2910 omnes
732 2823 810 2908 esse
836 2825 1087 2909 cacheiiicos
1111 2852 1125 2922 3
1153 2822 1181 2902 st
1212 2821 1329 2903 etiam
1361 2819 1473 2904 fovet
1501 2827 1543 2904 δι
1573 2817 1643 2903 alit
1791 2849 1792 2853 ‘

199 2931 416 3046 pediculos
446 2935 577 3022 senilis
608 2945 652 3022 dt
682 2935 986 3022 immedicabilis
1011 2936 1228 3038 cachexia,
1263 2931 1439 3046 proderit
1466 2929 1573 3016 certe
1600 2939 1643 3016 &

84 3101 93 3114 a
198 3069 352 3157 corpus
385 3047 475 3132 ants
509 3052 645 3152 omnia
675 3045 948 3136 corroboraffe
982 3057 1022 3134 bt
1060 3049 1287 3132 affluentem
1323 3047 1644 3130 cachemcorum
1766 3071 1770 3077 ’

197 3159 422 3256 humorum
439 3165 599 3276 copiam
619 3192 689 3278 per
735 3166 911 3276 urgantia
928 3161 1163 3266 eliminasse,
1187 3153 1509 3270 quandoquidem
1528 3157 1644 3242 sudo-'

192 3269 332 3370 riseris
354 3271 471 3368 nulla
497 3273 595 3360 fides
623 3193 856 3362 adhibenda„
892 3273 1052 3388 Quibus
1085 3271 1245 3384 quidem
1275 3273 1316 3354 in
1344 3270 1644 3356 medicamentis

193 3382 245 3482 id
261 3387 380 3468 ctiam
395 3415 497 3474 curae
515 3386 741 3474 habendum
762 3391 844 3496 est,
869 3415 919 3474 ne
942 3415 1008 3474 aut
1029 3391 1131 3472 vires
1154 3381 1386 3490 debilitent,
1410 3412 1477 3468 aur
1496 3385 1642 3468 intesti-

192 3525 349 3594 norum
369 3524 509 3581 tonum
525 3501 643 3601 infrin
672 3529 759 3607 ant,
778 3507 833 3586 ita
855 3527 899 3586 ut
917 3499 1066 3612 aliquid
1087 3495 1181 3582 inde
1201 3499 1334 3580 coiiio
1356 3499 1523 3610 patiatur
1545 3499 1640 3580 novi

192 3607 328 3715 mali,
348 3609 416 3694 sed
434 3620 573 3696 contra
597 3534 1004 3728 robur'inspirandum
1024 3618 1068 3694 dt
1083 3608 1267 3694 alacritas
1292 3607 1562 3714 resarcienda,
1586 3609 1641 3692 ita

192 3745 251 3809 ut
272 3729 314 3804 br
337 3725 470 3806 coilio
491 3721 593 3822 berse
614 3751 846 3838 peragatur,
866 3732 909 3809 ὅ(
927 3751 972 3808 ut
988 3749 1167 3808 veterum
1184 3748 1298 3806 more
1315 3718 1481 3832 loquar,
1501 3747 1641 3806 excre-

192 3860 386 3930 mentum
406 3833 506 3918 illud
528 3838 649 3920 teniae
673 3829 873 3924 coctionis·
881 3899 897 3943 ,
921 3832 1181 3953 perspiratio‚
1205 3837 1445 3920 instauretur.

192 4029 202 4050 ,
262 3944 380 4032 Unde
406 3952 447 4032 in
472 3947 660 4034 similibus
692 3949 867 4065 casibus,
892 3947 1210 4056 mercurialibus,
1238 3947 1436 4062 resinosrs,
1462 3966 1530 4026 aut
1555 3937 1640 4028 aliis

193 4059 454 4174 lymphatica
468 4065 687 4148 tenacitatis
700 4060 941 4148 solventibus
955 4061 1062 4146 nulli
1074 4065 1227 4146 ratione
1241 4058 1443 4143 fidendum
1457 4059 1509 4139 est
1523 4087 1531 4136 :
1546 4059 1639 4138 cum

194 4175 371 4285 qualitas
394 4178 525 4289 potius
551 4174 719 4290 lympha
742 4206 815 4290 pto
836 4173 952 4262 causi
973 4175 1068 4260 mali
1092 4173 1271 4264 habenda
1290 4173 1336 4254 sit
1349 4232 1363 4276 ,
1388 4165 1505 4281 quim
1523 4168 1638 4280 ipsuis

195 4286 405 4386 ,viscositas
418 4349 434 4393 ,
469 4317 552 4396 quat
588 4318 681 4372 cum
723 4291 960 4374 inseiiorum
999 4289 1254 4402 generatione
1290 4311 1507 4368 commune
1538 4277 1639 4363 nihil

195 4397 338 4488 haber.
363 4401 419 4482 Ar
437 4399 686 4484 interioribus
711 4401 763 4484 stc
786 4404 830 4486 in
852 4401 992 4486 securo
1012 4401 1175 4514 postris,
1199 4393 1448 4482 &adhibitis
1470 4395 1637 4510 propriis

195 4513 257 4610 ssd
273 4515 502 4598 cachexiant
521 4513 845 4620 medicamentis,
860 4517 891 4596 ss
904 4511 973 4596 illa
988 4511 1205 4597 notabilior
1221 4505 1358 4614 subiit,
1370 4539 1457 4620 qua
1471 4533 1521 4594 ex
1541 4533 1638 4588 ama·

195 4629 259 4720 tis
279 4627 433 4746 stonicis
459 4650 576 4734 atque
601 4623 844 4714 martialibus
865 4629 1113 4733 confluitur,
1141 4653 1237 4709 tunc
1264 4619 1315 4737 ad
1338 4624 1636 4748 representans

231 4817 303 4890 Ι(ι)
325 4815 390 4877 Lib.
410 4836 442 4889 r,
459 4818 492 4877 de
510 4817 552 4878 Re
564 4816 682 4895 medici,
701 4837 760 4902 rap.
776 4823 824 4881 81.

247 4895 304 4972 (b)
327 4896 405 4958 Tett-
423 4919 457 4971 ι,
473 4897 552 4964 serua.
570 4915 598 4965 r.

1263 4970 1465 5082 ossus
1573 4919 1575 4926 ’
