4186 5908
609 435 1143 536 ournnars·
1521 479 1598 568 ‚u

160 628 336 717 ntanrm,
363 605 565 722 causaque
593 611 803 728 prasertim
831 610 1013 698 habenda
1040 615 1154 698 ratio.
1187 611 1321 723 Nam,
1347 613 1415 700 eni
1442 615 1599 704 nullum

159 723 208 824 srt
231 722 544 838 retropulstonis-
562 723 785 840 periculum
815 727 858 810 in
889 725 1025 812 multis
1059 724 1330 842 erysipelatum
1360 731 1570 844 generibus
1581 794 1598 841 ,

159 859 204 918 ut
230 834 322 922 sunt
346 863 395 921 ea
415 867 500 950 quae
521 836 655 924 intulit
679 837 934 930 accidentalis
958 839 1075 926 causa
1086 902 1103 948 ,
1126 839 1149 922 s
1169 843 1274 926 ecies
1295 839 1426 956 plures
1447 843 1598 930 suntin

162 945 306 1060 quibus
330 947 398 1036 vel
427 952 496 1068 ipsr
527 951 761 1038 resolutioni
791 980 940 1040 nocere
969 952 1098 1066 pollet
1126 871 1177 1039 de
1203 949 1351 1040 viribus
1379 957 1599 1044 necessariis

163 1061 372 1148 detrahens
390 1070 576 1152 vacuatio
602 1101 611 1149 :
642 1065 823 1176 adebque
844 1065 994 1152 viribus
1019 1063 1321 1166 consulendum.

218 1174 385 1260 Possunt
402 1179 522 1292 igitur
533 1179 617 1266 dari
629 1178 760 1285 casus,
776 1175 851 1262 ra‘ri
862 1175 923 1263 illi
937 1177 1123 1290 quidem,
1143 1183 1186 1263 in
1202 1181 1343 1292 quibus
1353 1210 1461 1268 vena
1479 1179 1607 1266 sedin

192 1286 292 1373 osset
317 1289 535 1405 erysipelati
561 1320 712 1377 nocere
724 1352 739 1398 ,
768 1292 797 1374 st
817 1294 920 1377 vires
939 1293 1113 1377 infirmet
1138 1290 1273 1378 illa&
1300 1295 1437 1381 reddat
1462 1294 1601 1408 expel-

164 1319 290 1486 lendo
324 1429 484 1488 veneno
514 1407 643 1490 minlts
674 1405 850 1490 idoneas.
886 1406 1036 1490 Verum
1065 1434 1147 1517 quo
1179 1409 1221 1489 in
1253 1405 1344 1491 casu
1372 1408 1602 1524 sanguinem

167 1515 354 1600 audacius
384 1521 542 1603 mittere
572 1516 798 1635 possumus,
827 1515 905 1629 qud
935 1515 1325 1604 consideratione
1353 1518 1413 1605 illi
1441 1549 1603 1635 parcere

167 1631 405 1737 conveniat,
437 1658 486 1715 ex
513 1629 621 1716 libris
641 1630 791 1718 discere
814 1635 874 1715 im
903 1629 1057 1716 ossibile
1079 1633 1156 1740 est,
1184 1634 1329 1718 virium
1353 1635 1533 1720 mensura
1553 1662 1604 1719 ex

167 1742 419 1836 funcbionum
450 1746 545 1830 statu
579 1743 846 1830 concluditur.
875 1661 1016 1834 l’rimo
1047 1742 1122 1828 illo
1143 1743 1393 1861 ,erysipelatis
1424 1773 1607 1860 tempore

169 1853 280 1938 nulla
308 1853 383 1938 alia
401 1856 522 1956 ,diaeta
548 1861 738 1944 convenit
755 1867 882 1972 ,quam
911 1885 995 2054 pure
1024 1857 1074 1942 ad
1102 1885 1241 1942 omnes
1269 1885 1408 1950 acutos
1439 1858 1607 1945 morbos

169 1972 364 2084 pertinet,
397 1969 474 2056 sure
494 1968 564 2056 illa
587 1976 630 2056 in
654 1969 829 2058 extrema
850 1970 918 2054 vio
937 1965 1042 2054 entis
1068 1968 1187 2057 fuerit
1211 1969 1382 2080 summa,
1415 1975 1494 2058 srve
1519 1999 1607 2058 tan-

169 2081 385 2166 tummodo
406 2113 479 2199 pro
504 2085 627 2199 gradu
651 2083 745 2168 mali
771 2109 953 2170 accurata
968 2089 1011 2169 dt
1029 2109 1076 2168 ut
1093 2081 1250 2169 aiebant
1266 2087 1416 2198 antiqui
1434 2082 1607 2191 defessa.

172 2195 445 2309 Sanguineum
486 2224 618 2284 autem
654 2194 815 2282 laticem
857 2198 1057 2311 insigniter
1090 2195 1210 2284 latice
1249 2207 1379 2310 aqueo
1421 2197 1609 2315 proluere

171 2307 344 2394 secunda
366 2309 556 2420 indicatio
580 2313 633 2398 est
657 2339 766 2400 vena
789 2309 952 2396 sedioni
975 2308 1217 2396 succedanea
1233 2343 1246 2412 ς
1263 2311 1370 2396 unde
1395 2313 1608 2399 &acredo

175 2421 404 2506 retundatur
421 2428 664 2535 humorum,
692 2426 935 2542 crispataque
953 2419 1133 2510 laxentur
1149 2421 1287 2509 solida.
1316 2425 1373 2510 Ut
1389 2428 1487 2510 verb
1507 2455 1610 2538 aqua

174 2533 338 2650 simplex
363 2543 405 2620 ὅ(
423 2537 541 2626 facilc
567 2539 758 2648 elabitur,
784 2545 826 2622 δι
850 2537 979 2624 fluidis
1002 2563 1251 2654 permotum
1268 2539 1612 2628 vehementiorem

177 2653 293 2764 raptis
326 2651 394 2734 vix
425 2652 621 2761 adhaeret,
654 2651 870 2738 adhibetur
900 2651 1070 2764 aquosus
1096 2651 1259 2764 liquor,
1293 2648 1435 2738 leviter
1469 2651 1613 2737 salinus

178 2765 246 2874 qui
278 2789 489 2876 penetret,
527 2764 667 2852 leviter
703 2763 861 2851 oleosus
899 2767 967 2876 qui
999 2762 1183 2849 omnibus
1215 2762 1615 2878 sanguinis-partibus

177 2874 416 2984 misceam*
439 2879 581 2990 easque
604 2884 695 2964 cnm
718 2909 802 2965 non
825 2876 1011 2964 eumdem
1037 2874 1242 2963 obtineant
1266 2881 1504 2964 tenuationis
1528 2905 1617 2992 gra·

179 2987 307 3095 dum,
329 3017 615 3107 contemperet.
649 2989 767 3078 Talia
797 2991 887 3076 sunt
912 2988 1016 3076 levia
1043 2989 1210 3076 decoda
1235 2988 1364 3107 pulli,
1383 2988 1524 3098 vituli,
1548 3015 1617 3076 aut

180 3103 211 3188 sr
236 3105 278 3186 in
301 3101 435 3215 aliquo
455 3106 670 3221 putredinis
692 3131 801 3191 metu
824 3102 896 3190 tibi
915 3101 1143 3188 animalium
1161 3103 1271 3190 succi
1291 3100 1375 3210 iure
1394 3103 1617 3215 meritoque

180 3213 345 3330 suspeffl
372 3219 445 3302 smt
456 3279 470 3324 ,
501 3220 630 3304 serum
661 3217 770 3304 laslis
796 3219 980 3324 vaccini,
1003 3245 1098 3302 vere
1123 3216 1332 3332 prasertim
1361 3245 1497 3324 novo,
1524 3220 1617 3300 cunt

83 3381 94 3410 .
181 3354 342 3443 turgent
385 3328 497 3416 lanrae
520 3331 662 3445 quibus
678 3356 852 3418 armenta
865 3355 1028 3414 utuntur
1049 3330 1172 3415 succo
1192 3359 1303 3416 novo
1324 3355 1443 3442 atque
1456 3331 1618 3444 sapona-

137 3483 141 3488 ·
181 3470 259 3538 ceo
285 3360 384 3527 amb)
405 3448 539 3529 omnia
566 3444 642 3532 alia
668 3445 930 3536 medicamina
957 3442 1135 3530 arrideat.
1169 3442 1278 3527 Tum
1306 3442 1473 3528 decosla
1498 3440 1620 3526 solio·

182 3584 269 3646 rum
302 3562 345 3640 dt
371 3556 549 3643 radicum
574 3561 787 3675 graminis,
815 3553 988 3673 patribus
1015 3559 1151 3642 nostris
1178 3555 1279 3642 adeb
1305 3554 1544 3662 decantata,
1573 3580 1619 3641 ut

184 3676 227 3756 bt
261 3666 458 3756 foliorum
492 3676 690 3780 taraxaci,
729 3673 930 3776 cichorii,
963 3667 1130 3770 sonchi,
1162 3668 1432 3756 scorzonnerae
1469 3665 1622 3786 multo·

184 3811 356 3894 rumque
385 3781 554 3870 aliomm
590 3783 873 3898 vegetabilium
904 3779 985 3866 sese
1016 3785 1117 3867 inter
1145 3779 1185 3868 se
1209 3779 1391 3900 supplent
1418 3783 1621 3888 invicem,

184 3896 387 4007 variasque
415 3896 711 4005 indicationes,
749 3924 856 3980 nunc
892 3892 915 3978 *a
946 3894 1172 3981 ventriculo
1204 3893 1431 4000 laborante,
1458 3913 1566 3978 nunc
1600 3890 1624 3976 *a

186 4007 402 4099 debilitatis
425 4007 611 4117 jecinoris
633 4007 872 4096 desumenda
897 4005 1164 4095 sandionibus
1189 4007 1379 4123 implent,
1410 4008 1438 4088 sr
1462 4005 1624 4116 quidem

187 4121 298 4208 nulla
326 4125 379 4212 est
407 4123 508 4214 adeb
540 4122 703 4240 srmplex
733 4139 870 4208 namra
898 4123 1137 4229 hominum,
1166 4147 1212 4206 ut
1234 4147 1317 4203 non
1347 4123 1388 4200 in
1413 4115 1626 4234 multiplici

188 4262 301 4352 parte
330 4263 487 4350 peccet.
520 4237 684 4326 Nitmm
713 4236 857 4323 addere
886 4232 984 4350 sapb
1009 4235 1184 4351 proluit,
1205 4231 1273 4317 sed
1297 4228 1416 4344 pared
1438 4229 1522 4317 dosr
1534 4291 1551 4339 ,
1574 4259 1626 4318 ne
1657 4349 1661 4356 Ι

186 4347 356 4434 salinum
378 4353 419 4433 in
443 4376 597 4460 morem
623 4377 724 4463 agat.
1466 4410 1469 4418 ·

249 4461 334 4546 Sed
367 4461 553 4549 ferventis
589 4464 689 4546 inter
725 4463 856 4548 astatis
893 4455 1079 4544 incendia
1117 4453 1287 4541 maxime
1305 4499 1308 4508 ⁴
1323 4454 1477 4548 salubre
1509 4459 1628 4573 potsts

188 4576 498 4666 condimenntm
522 4573 688 4661 atmldre
706 4574 902 4660 fruetuum
921 4574 1147 4655 horaeorum
1164 4570 1273 4654 succi
1290 4571 1523 4685 saponacei,
1542 4575 1629 4656 tum

189 4691 327 4782 uremi
351 4687 692 4802 contemperanda
718 4684 864 4773 biliosa
889 4683 1112 4768 acrimonia
1123 4745 1139 4794 ‚
1158 4688 1241 4770 tirm
1264 4683 1437 4770 crassiori
1461 4683 1630 4800 lympha

186 4804 322 4898 textui
338 4799 556 4908 solvendo,
572 4807 657 4887 tdm
671 4805 790 4886 etiam
804 4797 980 4883 laxandis
994 4795 1238 4883 crassioribus
1251 4821 1369 4910 atque
1389 4801 1631 4914 compassio-

191 4911 306 5005 ribus
323 4911 545 5016 solidorum
560 4911 952 5008 lineamentis-utiles.
982 4909 1192 5002 Sedbrevl
1205 4912 1352 5112 prirpzup
1365 4907 1436 5042 ille
1450 4911 1491 4996 se
1507 4907 1634 5004 sedari

1334 5051 1410 5126 ert
