4228 5898
434 406 1356 566 .4·‘ru·n·s=on.ucrro.··z
1532 493 1618 587 ror,

176 623 373 740 mnusque
392 623 477 714 feri
491 627 676 718 omnibus
688 633 771 722 hac
784 633 1196 748 perpetuometuenda
1207 627 1504 750 repetcussionis
1514 631 1615 744 alea,

176 746 368 828 attentius
380 741 499 828 nobis
518 743 841 884 perpendendum
860 747 923 828 est.
1540 829 1544 838 ,

234 856 374 940 Retro
400 853 539 942 ulfioa
560 882 652 942 cute
673 857 724 940 ad
745 860 961 963 interiora,
992 885 1014 938 a
1040 855 1096 940 ud
1122 885 1259 942 omnes
1280 861 1409 945 omnis
1427 863 1502 960 'aevi
1520 857 1616 944 Me-

179 966 298 1051 ¹dicos
316 886 593 1054 obierratione
605 968 868 1086 deprehensa,
889 887 1100 1057 formiam
1117 971 1170 1054 est
1183 975 1325 1100 pariter
1343 969 1392 1058 ab
1410 971 1615 1081 omnibus,

181 1078 283 1194 sapi
296 1081 676 1196 naeptessernina,
690 1111 767 1170 nec
780 1111 850 1201 per
861 1108 983 1181 artem
996 1079 1226 1171 elueabihs.
1237 1083 1296 1166 Ea
1310 1084 1541 1193 autem-vel
1556 1085 1616 1188 su-

28 1217 30 1290 i
173 1187 266 1276 -bita
282 1196 338 1277 est
350 1254 366 1300 ‚
387 1192 455 1280 vel
476 1193 686 1287 fit‘senuim
705 1202 747 1282 δι
767 1225 838 1328 pef
859 1195 1027 1314 gradus,
1049 1194 1143 1279 dum
1169 1199 1237 1304 qui
1256 1193 1451 1284 ferebatur
1470 1203 1617 1304 humor

181 1305 233 1388 ad
261 1307 416 1412 cutim,
444 1303 539 1391 alibi
558 1307 722 1422 peffimo
747 1308 888 1392 ordine
911 1310 1120 1421 aggeritur.
1141 1308 1244 1502 quar
1267 1305 1313 1392 fir
1331 1308 1460 1394 subito
1482 1341 1616 1445 reper-

174 1417 314 1500 euffio
340 1419 556 1532 gravissima
578 1419 697 1507 infert
717 1417 832 1504 mala
851 1447 1101 1530 mortemque
1127 1447 1176 1504 ce
1192 1423 1387 1516 errimam.
1415 1423 1614 1536 Lennor,

28 1751 33 1814 i

95 1730 112 1770 θ

181 1527 449 1644 symptomata
470 1535 599 1618 minius
613 1533 865 1618 formidanda
887 1531 1116 1644 tardamque
1135 1529 1266 1616 tabem
1297 1533 1410 1618 affert
1437 1566 1521 1646 quae
1543 1539 1617 1628 vis.-
1712 1564 1717 1576 ·

180 1669 275 1726 cera
301 1643 479 1728 adoritur
499 1644 666 1751 sensim,
703 1646 799 1732 dium
832 1649 874 1730 in
902 1648 949 1730 iis
982 1645 1115 1730 tacite·
1139 1641 1336 1729 recumbit
1361 1649 1507 1733 humor
1534 1654 1617 1736 cuti

182 1754 402 1840 dedicatus.
416 1757 472 1842 Ut
491 1783 622 1842 autem
638 1756 882 1872 intelligatur
902 1757 978 1870 qui
1001 1761 1154 1841 ratione
1175 1759 1244 1840 fiat
1262 1783 1368 1842 retro
1385 1758 1495 1862 ⁴ulsro
1520 1760 1615 1869 illa,

185 1867 347 1976 quando
370 1869 583 1956 metuenda
599 1871 645 1954 sar
657 1933 672 1976 ,
688 1879 730 1956 &
751 1873 916 1982 quinam
928 1873 1003 1956 sint
1020 1867 1151 1955 morbi
1174 1891 1279 1954 retro
1308 1789 1449 1955 uisiiini
1462 1871 1521 1961 iili
1545 1874 1617 1980 ob7

183 1982 325 2087 noxii,
345 1981 630 2068 advertendum
650 1986 704 2068 est
726 1983 775 2068 ad
802 1987 925 2100 princi
954 1988 991 2067 ia
1022 2013 1148 2098 pauca
1186 1899 1344 2096 physica
1370 2015 1455 2096 quae
1476 2047 1490 2091 ‚
1512 1983 1616 2091 iicet

182 2091 361 2180 Medicis
386 2093 561 2208 apprime
580 2121 705 2201 nota,
733 2122 822 2182 ante
846 2015 1080 2182 ocuiosisic
1100 2093 1172 2181 sabi
1198 2094 1342 2186 habere
1362 2099 1622 2184 necessarium

177 2207 248 2289 eii.
273 2205 337 2290 Ea
359 2231 492 2290 autem
522 2207 572 2292 ad
595 2211 679 2292 haec
699 2209 937 2298 referuntur.
962 2207 1016 2295 1⁰.
1044 2209 1193 2295 Cutem
1211 2213 1401 2324 perpetuo
1428 2213 1616 2327 perspira-

186 2313 309 2403 bilem
331 2317 440 2425 effe,
471 2326 515 2404 ὅ(
536 2323 751 2406 innumeris
772 2321 956 2406 vasorum
987 2349 1105 2434 atque
1124 2349 1325 2408 meatuum
1354 2326 1457 2408 ostiis
1482 2352 1618 2438 perru-
1693 2416 1701 2432 ,

187 2429 305 2538 sam,
339 2459 517 2542 quorum
546 2435 632 2517 hue
658 2433 753 2521 dium
780 2431 931 2548 liquida
955 2462 1151 2522 attenuata
1173 2439 1359 2520 emirnunt
1389 2435 1616 2522 ultimarum

189 2545 684 2660 eoffioousnexcrementa
693 2607 708 2653 ‚
730 2543 797 2630 illa
816 2563 956 2632 contra
975 2549 1171 2664 appositos
1188 2545 1397 2634 absorbent
1409 2551 1614 2660 humores,

188 2659 431 2772 nporesque
454 2687 504 2743 ex
523 2658 685 2742 athmos
703 2656 803 2744 haerai
826 2661 1081 2745 hauriundos.
1110 2659 1166 2744 2⁰.
1183 2661 1232 2742 In
1249 2662 1476 2746 tenuiffimis
1496 2667 1616 2748 etiam

184 2775 289 2856 cutis
314 2773 412 2857 vafis
430 2770 551 2878 ineffe
578 2689 868 2856 osciliationem
893 2771 976 2856 fere
996 2797 1246 2888 perpetuam,
1274 2768 1349 2880 quai
1370 2799 1497 2885 partes
1521 2777 1618 2882 hine

184 2882 319 2968 versus
345 2887 439 2968 ostia
464 2909 721 3000 premuntur,
749 2882 862 2967 illinc
884 2883 1068 2969 vasorum
1095 2883 1177 2968 nisu
1206 2883 1337 2970 uersus
1361 2909 1524 2994 tnrncos
1554 2888 1620 2996 fef

188 3021 356 3096 nantum
378 2999 433 3080 ita
450 3021 496 3080 ut
517 2995 613 3110 saepa
632 3001 678 3080 'in
707 2999 854 3082 arteriis
882 2998 1014 3081 cursus
1039 2997 1233 3110 sanguinis
1256 2998 1324 3080 fiat
1350 3001 1615 3114 retrogradus.

185 3105 470 3222 Experimento
499 3107 540 3192 id
575 3109 928 3194 Lewenhoekiana
953 3113 1122 3226 primiani
1133 3171 1148 3216 ,
1176 3109 1267 3193 dein
1299 3107 1526 3212 Halleriana
1551 3113 1618 3222 de-

185 3217 578 3308 monſtrant.'Pallor
607 3219 738 3306 subiri)
767 3249 928 3308 exortus
952 3227 994 3306 in
1022 3221 1321 3312 vehementibus
1352 3227 1472 3308 animi
1503 3255 1616 3311 com-

187 3333 437 3421 motionibus
457 3356 541 3419 rem
564 3331 721 3420 uberius
745 3338 979 3443 confirmat,
1007 3339 1164 3420 cumin
1191 3336 1252 3418 his
1280 3341 1421 3422 mentis
1440 3336 1616 3435 moribus

183 3449 303 3561 poisat
334 3445 450 3532 illico
479 3446 684 3561 exsanguis
709 3449 795 3532 fieri
830 3449 980 3556 facies,
1007 3451 1125 3532 eriam
1160 3444 1462 3561 erysipelatosa,
1492 3452 1546 3532 ita
1572 3477 1618 3552 ut

187 3560 313 3676 sapi,
332 3559 402 3647 vel
419 3564 461 3644 in
488 3563 583 3644 statu
608 3583 751 3644 narurae
772 3560 997 3668 saniffimo,
1018 3563 1087 3644 fiat
1110 3587 1203 3645 vera
1224 3559 1470 3674 retropulsro.
1503 3559 1617 3646 Idem

266 3699 311 3758 nt
325 3673 476 3788 frigus,
493 3701 593 3867 suppra
607 3673 780 3787 apposita
798 3672 960 3788 frigida,
971 3676 1139 3789 'styptica
1156 3674 1209 3755 fic
1226 3670 1328 3758 dieta
1348 3701 1618 3786 corporaque

187 3787 214 3980 g
243 3815 304 3871 ras
331 3811 377 3868 ut
400 3788 528 3869 anima
546 3787 576 3870 's
596 3788 707 3892 vivi,
737 3786 791 3872 sic
819 3791 938 3870 etiam
958 3788 1106 3870 mortui
1131 3809 1334 3870 accurrant
1359 3793 1401 3870 ὃ(
1424 3785 1473 3870 ad
1490 3787 1530 3871 se
1547 3785 1618 3896 ad}

217 3925 354 3983 ucunt
937 3945 941 3953 ·

241 4010 335 4095 Imb
353 4020 398 4096 iit
421 4015 431 4034 ’
462 4011 501 4097 sa
517 4013 732 4121 irritantis,
753 4012 848 4097 dum
861 4009 1113 4097 erethismum
1132 4012 1231 4126 parti
1247 4008 1386 4126 parulae
1401 4011 1616 4120 inducunt,

187 4125 378 4237 stringunt
401 4043 522 4232 oiia,
569 4153 707 4236 arsque
730 4123 913 4241 phlogosr
935 4125 1072 4216 affetia
1096 4125 1224 4208 minius
1242 4121 1455 4234 perspirat,
1486 4122 1618 4212 donee

185 4233 429 4326 laxationem
445 4157 568 4322 simui
582 4243 625 4324 ’δι
643 4241 857 4322 humorum
877 4238 1066 4322 effluxum
1080 4241 1122 4318 in
1142 4261 1250 4348 parte
1274 4233 1450 4318 intendat
1465 4232 1487 4318 ὲ
1503 4236 1618 4350 phlo-

188 4351 272 4461 gosr
296 4375 386 4435 nata
409 4355 452 4432 ὅ(
477 4348 587 4436 illam
612 4353 812 4465 excipiens
838 4350 1076 4464 suppuratio.
1100 4347 1214 4432 Patet
1236 4345 1328 4430 inde
1348 4343 1544 4463 saepiffime
1560 4380 1618 4438 re-

187 4485 250 4544 tro
280 4461 473 4548 ulfionem
495 4465 536 4548 in
556 4463 652 4546 statu
680 4457 845 4546 naturali
865 4464 949 4574 regi
973 4461 1139 4565 nervis,
1167 4458 1388 4571 nerveuque
1412 4460 1617 4552 sensilitate

187 4491 428 4685 guiernari,
450 4603 533 4685 que
552 4572 736 4660 sensilitas
756 4575 926 4658 maxima
951 4573 1003 4656 est
1022 4574 1217 4656 varietatis
1244 4574 1286 4655 in
1306 4571 1616 4662 oscillationibus

187 4684 370 4795 causa,&
383 4685 565 4772 vasorum
583 4689 676 4771 ostia
687 4688 775 4769 strio
804 4684 1457 4799 itpotentiffims‚imbfersomnes
1472 4691 1618 4801 irregu-

187 4793 288 4884 lares
315 4803 496 4914 corporis
509 4802 590 4885 vivi
609 4825 742 4886 motus
766 4717 910 4912 tingit.
934 4795 1044 4882 Hinc
1059 4795 1156 4912 sapi
1177 4800 1224 4881 fit
1245 4823 1290 4882 ut
1305 4794 1510 4883 celerrimi
1533 4803 1618 4884 fieri
1718 4857 1721 4862 -

184 4911 643 5028 possutretropulsrones
658 4938 939 5029 quecumque,
955 4917 998 5016 &t
1013 4912 1117 5027 quasa
1130 4908 1242 5014 oculi
1256 4913 1335 4998 istu
1348 4913 1503 5027 peragi,
1525 4915 1618 5022 cuna
1735 4969 1736 4972 r
