4186 5908
470 380 549 476 248
911 361 1019 454 DE
1083 361 1448 453 MORBIS

449 505 736 642 emollienda,
757 531 916 640 althea,
937 528 1095 640 malvae,
1110 529 1306 638 verbasci,
1329 526 1545 616 consolidae
1561 519 1720 634 majoris
1727 587 1742 635 ‚
1757 522 1887 643 psyllii
1895 566 1915 637 ,-

463 645 611 758 aliique
641 646 868 756 hujusmodi
877 642 1117 842 plantarum
1144 646 1357 761 mucagine
1384 642 1465 728 levi
1493 643 1739 758 turgentium
1769 640 1910 750 succi,

462 759 530 844 vel
547 760 596 845 ad
617 765 726 846 hunc
745 761 859 844 usum
894 758 1027 843 amosa
1046 757 1226 844 sabaru'm
1244 784 1313 844 aut
1332 755 1500 843 lentium
1515 755 1703 863 decoda,
1723 781 1832 840 aura
1860 785 1912 840 ua
2034 810 2038 822 ·

462 899 514 956 ex
543 871 666 959 melle
694 881 737 958 dt
766 869 954 956 similibus
982 870 1115 958 sarinis
1143 898 1304 988 parata,
1332 865 1562 956 mulieribus
1585 867 1781 953 Britannis
1807 786 1912 955 adeo

460 981 599 1092 jadera
612 994 655 1071 dt
669 985 773 1100 apud
788 987 933 1070 nostras
946 989 1089 1096 quovis
1104 985 1306 1100 redempta
1319 987 1465 1099 pretio,
1484 987 1551 1066 cui
1564 979 1909 1098 possuntviliores‚

461 1098 530 1184 sed
553 1099 660 1210 aeque
677 1100 891 1214 praestantes
906 1097 1080 1182 substitui
1099 1098 1228 1182 sarinae
1249 1095 1414 1202 hordei,
1431 1094 1524 1201 lini,
1544 1092 1763 1206 srmilesque
1780 1093 1911 1202 hujus·

460 1212 573 1296 modi
583 1210 725 1323 quibus
739 1209 853 1295 simul
867 1211 1063 1296 addideris
1077 1209 1234 1317 oleosa,
1250 1207 1375 1315 lenia,
1392 1206 1656 1323 mucilaginea
1667 1206 1908 1318 cosmedca,

461 1322 603 1434 quibus
618 1349 682 1409 tot
696 1327 830 1409 inanes
848 1324 978 1408 farciri
995 1322 1120 1422 libros
1133 1322 1313 1409 solemne
1325 1323 1390 1406 ell.
1413 1321 1526 1408 Idem
1566 1324 1711 1405 raestant
1730 1325 1909 1438 axungiae

459 1434 645 1520 mollium
659 1435 901 1542 animalium,
946 1435 1122 1522 ullorum
1133 1433 1528 1552 gallinaceorum,s'
1564 1465 1610 1518 us
1621 1432 1739 1549 adeps
1750 1463 1907 1544 recens,

460 1547 604 1661 quibus
616 1549 770 1634 additur
780 1469 944 1662 aliquid
941 1553 1148 1635 aromatici
1159 1580 1242 1662 quo
1251 1549 1353 1634 'cutis
1365 1547 1496 1634 sensus
1507 1549 1907 1634 acuatur&rancedo

458 1661 645 1751 oleorum
665 1663 924 1778 impediatur,
944 1661 1062 1776 quale
1110 1661 1255 1748 raebent
1277 1660 1446 1748 balsama
1466 1659 1737 1767 Mechanum,
1759 1661 1797 1744 C
1856 1677 1909 1748 a'r·

458 1776 602 1882 vense,
632 1777 906 1862 Peruvianum.
941 1779 1060 1864 Vitan
1089 1773 1251 1867 assmul
1273 1774 1361 1864 sunt
1380 1776 1616 1862 exsrccantia
1641 1777 1789 1859 omnia.
1838 1779 1908 1860 mb

458 1893 552 1974 cbm
573 1888 654 2004 ipse
673 1893 781 1975 venti
803 1887 923 1973 nimis
942 1892 1154 1976 vivacitate
1176 1889 1405 1998 insufflantis
1428 1885 1593 1994 halitus,
1617 1912 1684 1973 aut
1703 1887 1905 1974 radiorum

456 2000 554 2086 solis
575 1999 741 2087 insultus
756 2001 933 2087 lichenes
953 2004 1131 2109 efficiat,
1160 2030 1302 2088 matres
1323 1999 1454 2086 solent
1477 1999 1652 2116 puellas,
1682 2026 1751 2085 aut
1774 1999 1796 2084 ὲ
1823 2000 1906 2090 sole

460 2111 683 2223 abducere,
707 2141 775 2200 aut
798 2142 917 2232 caput
938 2114 1036 2202 velis
1064 2112 1218 2200 levibus
1239 2141 1473 2233 protegere,
1497 2141 1549 2200 ne
1568 2115 1669 2198 cutis
1691 2112 1841 2206 arescat
1864 2123 1907 2201 dt

461 2223 656 2314 leviorem
679 2227 841 2313 inducat
860 2229 1062 2315 lichenum
1085 2228 1270 2344 speciem.
1289 2230 1439 2314 Verbm
1458 2231 1551 2310 ciam
1567 2229 1614 2314 iis
1631 2253 1692 2312 res
1710 2227 1905 2344 precipue

461 2339 620 2425 accidat
643 2371 728 2452 quae
752 2339 931 2450 aliunde,
960 2367 1028 2426 aut
1053 2342 1209 2425 sicciori
1230 2342 1424 2426 viscerum
1445 2340 1606 2424 diathesr
1620 2345 1792 2454 peccant
1804 2403 1819 2448 ,
1839 2367 1907 2428 aut

459 2456 502 2537 in
532 2451 674 2566 quibus
703 2453 943 2541 secretiones
968 2459 1097 2538 mirrhe
1118 2453 1297 2538 ordinate
1325 2453 1569 2570 procedunt,
1591 2451 1769 2568 proderit
1789 2453 1904 2540 srmul

458 2569 566 2652 varia
593 2566 658 2655 vel
692 2569 807 2684 ipsrus
841 2568 1011 2654 sanitatis
1040 2569 1310 2682 phoenomena
1339 2566 1590 2683 expendere,
1615 2565 1830 2676 videreque
1854 2599 1907 2654 arr

457 2679 593 2766 similis
608 2680 738 2792 aliqua
751 2682 971 2768 ariditatem
987 2680 1095 2765 illam
1111 2684 1321 2767 concitans
1338 2680 1453 2766 causa
1467 2679 1611 2785 lateat,
1632 2677 1767 2790 illique
1780 2707 1907 2796 opem

459 2793 588 2902 serre,
610 2794 721 2906 quod
740 2824 841 2912 opus
861 2794 1130 2912 peragendum
1152 2794 1330 2884 secundat
1351 2794 1555 2884 lichenum
1568 2791 1715 2918 speciei
1733 2797 1908 2882 curatio-

459 2935 553 2992 nem
580 2909 792 2994 constituit.
1547 2991 1552 2998 .

519 3017 679 3103 Etenim
698 3018 768 3105 ubi
786 3019 907 3107 semel
926 3019 1070 3109 limbus
1085 3025 1263 3141 apparuit
1277 3018 1477 3129 rubellus,
1499 3023 1568 3133 qui
1586 3018 1725 3106 locum
1743 3019 1907 3110 lichene

458 3129 649 3216 infeeum
675 3131 699 3218 it
723 3133 884 3246 reliquis
908 3135 1222 3246 discriminavit,
1248 3165 1353 3221 nunc
1383 3135 1498 3220 altibs
1527 3132 1718 3220 latentem
1745 3136 1905 3223 causant

460 3244 648 3330 hariolari
676 3248 831 3333 necesse
855 3251 941 3352 elit
967 3277 1114 3362 eaque,
1131 3249 1228 3336 -srve
1242 3249 1291 3335 ab
1318 3247 1536 3334 acrimonias
1556 3247 1749 3364 pendeat,
1777 3245 1906 3338 lived

457 3357 609 3443 musard
629 3358 702 3445 seri
722 3359 880 3447 miseere
898 3425 912 3469 ,
933 3359 1045 3446 illam
1067 3364 1207 3479 adepta
1227 3367 1282 3449 est
1304 3361 1486 3449 indolem
1509 3360 1587 3474 qud
1609 3363 1727 3478 possit
1753 3390 1905 3452 nocere

456 3470 588 3582 perse
611 3478 653 3556 dt
677 3471 700 3556 l
723 3471 822 3559 loco
846 3475 896 3561 ad
917 3473 1056 3560 locum
1078 3475 1290 3568 transferri.
1313 3475 1424 3561 Hinc
1447 3475 1680 3560 mutandum
1702 3477 1755 3560 est
1777 3479 1901 3564 statim

457 3585 547 3670 vitae
560 3588 764 3700 regimen,
778 3585 958 3699 illudque
971 3589 1161 3701 susdeque
1175 3587 1422 3680 vertendum.
1446 3590 1568 3675 Acria
1583 3591 1718 3673 omnia
1735 3585 1905 3694 jubean-

456 3715 522 3780 tur
545 3696 718 3784 exulare.
751 3699 907 3786 Profuit
933 3699 1068 3788 multis
1091 3700 1303 3790 abstemios
1323 3703 1421 3788 fieri.
1451 3702 1607 3788 Omnia
1628 3701 1752 3786 studia
1779 3705 1908 3790 animi

455 3809 616 3924 prorsus
643 3810 854 3918 cessanda,
882 3839 949 3898 aut
974 3818 1028 3902 ita
1052 3815 1188 3902 saltem
1216 3815 1463 3954 mitiganda,
1489 3843 1541 3902 rre
1569 3825 1744 3899 rioceant
1771 3817 1907 3904 nimiis

458 3921 639 4031 nixibus,
668 3932 710 4010 dt
734 3924 1023 4042 perspirationis
1047 3954 1166 4046 atque
1184 3930 1449 4015 secreuonum
1470 3928 1572 4040 ordo
1599 3926 1754 4062 prorsus
1782 3932 1903 4015 iriter-

459 4061 644 4123 vertatur.
664 4039 746 4124 Aer
761 4042 950 4150 quantiam
970 4043 1055 4124 fieri
1102 4044 1201 4126 otest
1215 4038 1437 4156 seligendus
1452 4043 1506 4126 est
1524 4069 1671 4158 purror.
1699 4039 1800 4126 Haec
1818 4045 1907 4154 qui·

459 4143 553 4234 dem
565 4150 619 4233 ica
631 4151 838 4237 sallitanda
852 4152 961 4260 sunt,
978 4179 1024 4238 ut
1038 4071 1264 4268 diligentiis
1283 4163 1325 4238 dr
1341 4157 1464 4268 magis
1477 4151 1609 4240 severe
1626 4156 1720 4242 fiant
1732 4157 1775 4239 in
1793 4155 1905 4244 malo

461 4265 640 4350 maxima
661 4267 917 4374 extensionis,
940 4269 1069 4351 minbs
1088 4266 1186 4352 verb
1207 4263 1416 4380 diligenter
1439 4271 1480 4350 in
1497 4265 1579 4356 levi
1599 4263 1772 4354 lichene.

518 4371 656 4458 Posteb
681 4378 778 4460 verb
800 4386 892 4462 cbm
917 4383 1046 4465 minbs
1070 4406 1219 4490 tenax,
1246 4381 1375 4466 minbs
1403 4377 1561 4465 oleosus
1585 4381 1732 4464 humor
1755 4381 1904 4466 horum

463 4482 696 4569 morborum
723 4487 836 4573 causa
863 4493 931 4597 srt,
957 4491 1154 4580 medicine
1177 4490 1303 4608 aqueb
1315 4503 1341 4602 ‚'
1359 4491 1536 4578 diluente
1555 4490 1750 4608 precipue
1771 4496 1905 4580 omnis

461 4600 617 4681 curatio
647 4601 877 4687 instituenda
906 4606 972 4690 est.
1008 4605 1191 4694 Proderit
1224 4635 1322 4723 ergo
1350 4608 1565 4690 humorum
1597 4604 1826 4696 acredinem
1853 4636 1904 4698 ac

454 4709 556 4796 inde
578 4735 707 4794 natam
726 4714 945 4800 solidorum
965 4717 1185 4806 ariditatem
1208 4715 1447 4806 diluentibus
1469 4715 1578 4828 aequd
1599 4747 1647 4804 ac
1668 4716 1908 4807 demulcen-

459 4819 566 4910 tibus
583 4821 773 4928 delinire;
790 4827 896 4956 unde
913 4825 1090 4942 liquores
1107 4861 1182 4950 pto
1201 4857 1301 4954 potu
1310 4891 1325 4940 ,
1348 4855 1416 4918 aut
1428 4827 1622 4956 precipue
1638 4829 1756 4916 mane
1768 4826 1908 5032 jejqqo

1676 4968 1831 5032 ventrrc
1878 4973 1908 5034 o
