4246 5900
471 451 526 536 34
697 413 1666 508 oEm·0nB·is·co·TaNE1s

467 581 621 670 Nonne
635 577 923 670 observatione
943 593 1195 695 compertum
1217 583 1272 668 est
1295 579 1383 696 pllrs
1416 581 1551 670 odoris
1580 582 1757 700 specifici
1781 581 1907 674 exha-

470 693 542 782 lui
555 691 604 780 ab
627 694 854 782 hominibus
874 698 941 807 qui
963 693 1056 782 loca
1071 693 1219 782 fervida
1245 693 1461 803 accolunt,
1481 699 1609 784 ininus
1633 695 1684 783 ab
1704 702 1751 786 iis
1776 700 1839 787 adi
1866 697 1900 789 is

471 811 675 923 generari?
692 807 890 924 Principia
910 811 957 894 iis
980 807 1099 894 inclle
1122 811 1333 896 tenuiora?
1363 808 1461 894 oria
1482 807 1698 917 solidiora,
1734 733 1904 930 capillos

471 921 644 1015 maxime
665 919 814 1008 solidos
839 931 881 1010 δι
900 923 1054 1006 hirtos?
1075 919 1226 1006 Nonne
1251 925 1351 1008 cutis
1369 920 1607 1036 splendidiiis
1627 929 1726 1010 nitet
1747 957 1907 1014 orarum

361 1145 363 1150 Ι
471 1031 695 1128 borealium
717 1032 895 1121 accolis?
914 1031 979 1120 Ab
994 1037 1076 1120 hoc
1098 1030 1234 1120 habitu
1248 1060 1442 1120 renovato
1456 1041 1649 1122 maximus
1669 1041 1817 1154 pendet
1835 1071 1906 1126 va·-

471 1152 619 1240 rietatis
641 1147 733 1241 fons
763 1151 805 1232 in
825 1173 931 1234 cute.
967 1144 1032 1232 Ab
1051 1142 1126 1232 hac
1146 1145 1387 1234 assuetudine
1413 1148 1528 1236 caiisa
1553 1148 1788 1238 morborum
1808 1184 1906 1270 prae-

473 1261 682 1377 disponens
705 1257 822 1344 facile
844 1263 886 1342 iti
912 1255 1203 1342 occasionalem
1230 1285 1414 1344 mutatur.
1436 1259 1536 1371 Quo
1558 1259 1630 1345 sub
1650 1263 1804 1378 aspefilu
1827 1295 1907 1352 tres

471 1375 715 1574 potiffimlim
739 1375 782 1462 in
793 1371 994 1572 12²stss&
1014 1375 1177 1460 materie
1211 1373 1502 1489 iithmospliarae
1536 1379 1743 1463 varietates
1770 1381 1906 1496 superq·

492 1516 562 1574 unt
586 1517 635 1576 ex
742 1515 791 1581 en
850 1547 862 1570 .
963 1519 973 1532 ⁴

537 1601 591 1690 ιο.
663 1601 845 1690 timiditas
861 1585 1073 1690 habitualis
1095 1627 1180 1710 quae
1199 1597 1269 1688 ubi
1295 1596 1420 1686 calori
1438 1597 1639 1716 jungitur,
1668 1605 1773 1688 acria
1789 1605 1904 1719 cogit

470 1715 524 1806 ad
556 1739 690 1800 cutem
725 1723 852 1825 eaqiie
884 1709 943 1798 'illi
971 1715 1026 1800 ita
1050 1711 1246 1800 adherere
1277 1713 1398 1821 facit,
1424 1714 1637 1830 praepedito
1666 1716 1840 1823 effluxu,
1859 1742 1905 1802 ut

469 1827 528 1920 ibi
554 1825 779 1944 pejoseimr
800 1829 1065 1940 dagiadonet
1082 1823 1151 1914 ubi
1170 1827 1311 1942 frigori
1332 1828 1489 1914 accedit
1507 1829 1658 1943 semper
1677 1830 1902 1938 moderato,

472 1941 678 2052 (alioquin
698 1937 908 2054 congelati
926 1937 1026 2050 aqui
1045 1941 1186 2024 siccior
1203 1955 1268 2026 aer
1283 1941 1517 2048 evaderet,)
1539 1941 1646 2026 idem
1665 1943 1814 2050 efficit,
1828 1946 1904 2026 nii·

472 2058 563 2140 nori
581 2081 714 2142 tamen
736 2084 829 2140 cum
848 2057 1026 2169 impetu,
1044 2052 1151 2138 unde
1178 2057 1224 2140 fit
1245 2057 1287 2140 in
1314 2082 1407 2140 cute
1427 2058 1610 2142 harentia
1628 2059 1804 2163 acrium,
1831 2083 1906 2141 eo·

470 2166 1905 2397 iti”attentissimamtorneamenti
1941 2303 1948 2314 ·

473 2395 559 2482 Nili
587 2393 802 2482 accolis&
820 2395 1016 2480 inferioris
1031 2395 1199 2510 AEgypti
1218 2393 1398 2482 littorum
1412 2393 1725 2501 habitatoribus,
1750 2399 1905 2481 marino

471 2513 577 2598 neu
595 2506 807 2596 ·utentibus
834 2507 1043 2623 prasertim
1055 2569 1071 2613 ,
1102 2513 1325 2624 competit,
1345 2513 1407 2594 his
1434 2513 1542 2594 enim
1567 2537 1658 2596 ante
1676 2507 1770 2594 alias
1792 2509 1905 2622 quas·

472 2649 646 2733 cunique
664 2647 830 2736 gentes,
861 2619 928 2706 sed
950 2623 990 2706 in
1015 2649 1160 2734 genere
1188 2623 1373 2708 omnibus
1397 2625 1512 2708 maris
1531 2621 1813 2710 Mediterranei
1833 2621 1905 2708 de·

430 2737 436 2744 ’
471 2736 605 2852 pressis
634 2738 736 2842 oris,
764 2764 834 2850 per
866 2730 1038 2850 populos
1067 2735 1253 2850 grassanti
1279 2727 1560 2852 Elephantiasis
1578 2769 1591 2838 ;
1612 2745 1655 2821 ὃ(
1686 2739 1828 2853 pariter
1855 2737 1905 2821 iis

468 2847 1211 3049 esssstilislffid‘isls
1233 2847 1906 3050 {immisistis

470 3021 653 3160 lacrimis
683 3082 726 3160 dt
744 3073 925 3189 paludofi
956 3073 1098 3182 fundi,
1123 3023 1221 3162 miri
1248 3087 1290 3163 dt
1309 3080 1475 3164 'incautis
1500 3074 1728 3192 prodigiosa
1748 3077 1905 3161 incum-

472 3185 573 3273 bunt
602 3213 856 3274 cutanearum
887 3185 1123 3304 pustularum
1146 3194 1338 3291 monstra;
1360 3189 1599 3276 moderatius
1633 3185 1703 3274 sub
1731 3186 1904 3274 feliciori

471 3299 572 3390 calo
584 3363 598 3408 ,
626 3301 696 3386 sed
717 3305 842 3416 magis
863 3298 981 3412 quirin
997 3299 1081 3385 aliis
1111 3301 1218 3388 orbis
1241 3303 1408 3390 civibus.
1436 3302 1619 3388 Obnoxii
1642 3301 1732 3387 sunt
1754 3299 1905 3386 morbis

472 3416 648 3500 cutaneis
660 3415 869 3522 Britones,
884 3415 1066 3521 Picardi,
1085 3417 1118 3500 F
1120 3410 1430 3524 landri,Batavi.
1447 3416 1569 3533 Apud
1581 3414 1669 3500 illas
1738 3443 1825 3502 ntes
1835 3413 1906 3498 ubi

472 3531 575 3614 cutis
594 3530 678 3613 liaec
697 3525 801 3612 mala
822 3535 906 3614 ri'on
922 3531 1089 3643 accipit,
1106 3533 1264 3646 aphtas,
1287 3529 1519 3616 scorbutum
1530 3593 1549 3626 ,
1561 3527 1673 3616 febre
1691 3557 1769 3642 que
1782 3532 1904 3614 inter·

471 3646 673 3728 mittentes
695 3640 813 3726 facile
837 3643 956 3728 insert
975 3642 1208 3728 htunidioris
1229 3643 1313 3729 cali
1330 3643 1585 3730 inclementia
1597 3704 1614 3751 ,
1637 3671 1722 3755 quae
1746 3667 1902 3726 autum-

472 3753 607 3890 nalem
628 3763 670 3842 δι
695 3753 915 3870 pluviosam
934 3756 1168 3874 diariiesim,
1189 3763 1274 3842 tiim
1302 3759 1424 3846 caufis
1434 3822 1450 3868 ,
1475 3763 1562 3844 tiini
1577 3752 1905 3872 symptomatibus

471 3895 672 3956 mentitur.
1584 3905 1589 3922 ·

545 3984 602 4068 2⁰.
637 3981 879 4067 Morborum
918 4007 1184 4070 cutaneoruni
1207 3979 1256 4066 ab
1297 3993 1385 4067 aere
1417 3986 1534 4097 otigo
1560 3977 1609 4066 ab
1648 3981 1906 4066 inconstanti-

470 4093 543 4182 bus
570 4099 841 4214 tempestatum
864 4095 1018 4184 vitibus
1041 4087 1256 4214 repetenda
1277 4097 1329 4180 est
1355 4159 1369 4203 ,
1405 4098 1561 4207 quoties
1593 4090 1616 4178 ‘a
1637 4091 1773 4178 calore
1795 4123 1901 4204 quo-

307 4243 317 4270 ·
470 4209 622 4296 tidiano
648 4209 720 4294 usu
750 4213 791 4294 iii
815 4209 967 4324 frigus,
993 4216 1149 4323 quoties
1175 4208 1197 4294 ii
1221 4213 1412 4322 gravitate
1433 4212 1477 4292 in
1498 4207 1724 4315 levitatem,
1754 4205 1802 4290 ab
1822 4205 1907 4292 ela·

468 4327 572 4410 terio
594 4325 636 4406 in
653 4323 991 4410 humiditatem&
1009 4327 1289 4410 flacciditatem
1311 4349 1509 4430 mutatur,
1527 4320 1709 4406 alteratur
1728 4321 1905 4404 athmos-

468 4439 617 4570 phaera3
628 4426 876 4569 perspirabile
898 4439 1012 4524 enim
1030 4438 1317 4570 repermitimrt
1333 4435 1443 4570 quod
1466 4437 1494 4520 si
1513 4461 1603 4520 acre
1621 4463 1705 4566 non
1724 4434 1797 4538 sit,
1825 4461 1905 4520 nee

466 4545 1903 4789 titterisr‘ffds‘i‘nlie{immersam

469 4806 562 4862 cuni
573 4780 784 4893 prurigine.
806 4697 927 4863 Undl
936 4805 1020 4861 non
1041 4775 1122 4863 alio
1136 4803 1348 4892 tempore,
1374 4779 1443 4886 qui
1457 4803 1525 4890 per
1546 4771 1727 4860 calorum
1745 4797 1826 4858 teni
1854 4803 1902 4857 us

469 4889 710 4988 cessaverant
726 4895 909 5010 herpeoes
918 4889 1134 5006 ,ferocius
1152 4889 1435 4989 iecnideseuiit
1454 4899 1499 4978 dt
1521 4892 1573 4978 eb
1587 4887 1803 4978 afficiunt
1856 4913 1903 4974 e·
