4292 5904
649 303 1206 456 enatuere
1574 383 1656 491 ης

221 529 355 616 alvum
369 533 566 648 potentibc
583 529 750 638 solvant,
769 531 897 642 qualia
909 531 1079 647 prebent
1093 532 1236 636 senna,
1252 531 1456 617 tamarindi
1465 597 1479 640 ‚
1496 565 1653 644 manna,
1718 575 1720 582 ·

118 677 120 682 ’
222 645 433 754 inquibus
471 673 517 730 ea
545 645 753 758 praesertim
778 643 947 758 seligunt
981 677 1064 757 quae
1094 676 1187 728 cum
1211 647 1251 728 vi
1279 673 1467 758 purgante
1496 652 1656 761 experti

223 755 518 868 refrigerantem
549 757 719 868 aliquam
752 759 973 842 efficaciam
1007 759 1184 863 servant,
1216 783 1282 839 aut
1306 755 1442 840 saltem
1474 761 1657 846 ardorem

219 867 379 951 nullum
412 869 625 954 visceribus
658 868 904 977 conciliant,
941 874 1007 980 qui
1040 871 1236 956 viscerum
1273 869 1390 952 ardor
1425 871 1473 953 ad
1503 901 1655 985 guttam

221 981 376 1064 roseam
401 983 676 1066 concitandam
705 982 874 1066 maxime
897 984 1039 1066 efficax
1060 984 1123 1065 est.

281 1093 430 1178 Verbm
455 1099 555 1178 inter
579 1098 712 1178 omnia
726 1095 898 1179 remedia
923 1125 1006 1205 quae
1022 1095 1071 1178 ad
1090 1097 1222 1179 hocce
1248 1092 1472 1179 tollendum
1498 1097 1657 1180 nicom-‘-

223 1205 392 1290 modum
413 1211 583 1322 prestant
592 1271 606 1315 ,
628 1205 780 1291 nullum
797 1205 904 1291 aliud
920 1207 1025 1292 certe
1044 1205 1279 1323 pratulerim
1295 1203 1420 1322 longo
1437 1235 1553 1316 atque
1573 1212 1656 1294 fere

221 1311 414 1432 perpetuo
428 1318 660 1404 balneorum
671 1319 771 1427 usui,
789 1348 857 1404 aut
869 1322 979 1431 quod
997 1318 1233 1427 meliusjob
1249 1324 1444 1403 minorem
1461 1322 1658 1434 sanguinis

219 1433 447 1538 refluxum,
473 1430 823 1518 semi-balneorum
839 1433 1060 1546 tepidorum
1080 1436 1250 1548 repetitae
1270 1431 1489 1538 ablutioni,
1516 1433 1658 1542 quibus

221 1543 375 1626 inferna
388 1545 570 1630 vasorum
588 1546 704 1630 series
715 1543 890 1650 laxatur,
916 1553 956 1629 &
972 1545 1172 1630 revellitur
1192 1546 1343 1658 sanguis
1361 1547 1382 1628 a
1398 1547 1526 1658 capite
1537 1609 1551 1650 ‚
1574 1552 1658 1656 qui-

222 1651 299 1738 bus
319 1657 435 1740 ardor
451 1659 645 1742 viscerum
667 1665 709 1742 bt
729 1657 931 1767 liquorum
949 1659 1259 1742 tenuissimorum
1279 1659 1495 1740 acrimonia
1513 1660 1659 1744 eximie

222 1773 486 1882 temperatur:
510 1759 680 1854 multbm
696 1769 851 1884 prodest
870 1773 985 1854 etiam
998 1774 1171 1863 internus
1193 1770 1454 1884 copiosusque
1469 1799 1658 1880 aquarum

222 1877 379 1963 illarum
408 1886 619 1968 matutinus
642 1883 754 1988 usuc,
788 1913 871 1992 quae
899 1880 976 1965 sale
999 1885 1179 1997 purganti
1208 1890 1249 1966 ὃ(
1278 1880 1443 1964 martiali
1473 1881 1656 1995 pollent,

221 1993 351 2076 modo
377 1994 586 2078 moderata
614 1998 692 2079 sntv
708 1997 888 2098 uirtutis,
906 2022 980 2078 nec
1003 1997 1096 2078 hinc
1125 1996 1249 2076 nimio
1273 1992 1376 2097 sale,
1396 1991 1507 2076 illinc
1530 1999 1657 2080 nimio

221 2131 347 2188 marte
359 2105 552 2212 scateant,
577 2106 720 2220 quippe
740 2137 824 2216 quae
841 2103 1017 2188 fineullo
1032 2105 1174 2189 ardore
1188 2103 1299 2188 illato
1308 2167 1323 2209 ‚
1340 2103 1541 2215 multique
1557 2136 1657 2194 con-

220 2213 281 2298 trit
293 2215 486 2306 dilutione
498 2244 636 2302 omnes
647 2217 1166 2328 adimpleantindicationes.
1180 2216 1269 2318 Ha,
1281 2220 1373 2298 cirm
1385 2245 1526 2300 vernus
1540 2243 1656 2332 tepor

218 2327 339 2440 spirat
355 2335 396 2409 bt
412 2328 462 2410 ad
476 2328 651 2410 calorem
667 2330 833 2408 aestivum
844 2327 996 2438 vergit,
1013 2326 1081 2408 diu
1096 2324 1385 2432 continuanda,
1401 2327 1448 2410 ab
1464 2354 1655 2416 autumno

220 2437 274 2522 ad
296 2439 414 2549 hyem
441 2469 482 2520 m
506 2438 628 2548 usque
652 2436 920 2552 protrahendae
946 2443 1016 2551 per'
1037 2434 1226 2521 brumalia
1250 2464 1430 2552 tempora
1450 2442 1657 2526 interrum-

169 2561 172 2568 “
249 2575 379 2634 untur.
410 2467 547 2635 iacile
572 2554 625 2636 est
647 2579 779 2634 earum
806 2577 993 2659 aquamm
1018 2549 1087 2632 usu
1114 2549 1245 2634 alvum
1270 2547 1434 2633 liberam
1459 2553 1538 2637 fine
1565 2558 1671 2641 vio-.

219 2579 334 2746 lento
347 2666 440 2749 nixu
451 2664 612 2748 servare.
632 2665 721 2746 Imb
730 2726 744 2769 ‚
761 2663 788 2744 sr
803 2689 863 2746 res
879 2663 1103 2766 conducat,
1120 2662 1255 2748 addito
1272 2660 1351 2745 sale
1366 2689 1507 2746 neutro
1520 2693 1655 2755 earum

216 2777 347 2866 ¹uirtu's
374 2774 508 2862 laxans
527 2776 753 2861 intenditur.
782 2774 968 2858 Medicus
998 2777 1039 2856 in
1066 2777 1127 2858 his
1154 2804 1238 2858 non
1262 2771 1445 2882 morbum
1477 2783 1654 2886 tantum,

219 2887 292 2984 sed
318 2892 409 3001 aegri
433 2892 665 3004 temperiem
694 2887 901 2986 consulat;
926 2887 967 2970 id
994 2885 1272 2972 tantummodo
1297 2884 1366 2969 fibi
1395 2887 1484 2971 ante
1512 2890 1657 2977 oculos

219 3028 477 3116 proponens,
507 3009 707 3113 nunquam
736 3003 778 3084 in
807 2997 885 3083 illis
914 2997 1064 3100 morbis
1092 3003 1205 3083 nimis
1234 2996 1398 3082 liberam
1426 2999 1656 3088 servandam

218 3113 302 3200 effe
324 3112 457 3200 alvum
467 3175 482 3222 ‚
505 3121 545 3198 ὁ(
571 3120 772 3224 nunquam
792 3116 905 3195 nimis
929 3111 1005 3196 elle
1024 3112 1253 3224 fugiendam
1275 3115 1546 3197 irritationem.

279 3225 483 3312 Turnerus
513 3234 577 3333 (a)
602 3235 644 3312 ὃ(
676 3228 904 3339 Mayemius
935 3227 973 3308 in
1005 3251 1166 3332 entem,
1185 3237 1230 3322 ut
1255 3252 1305 3306 ex
1336 3252 1475 3308 eorum
1502 3226 1574 3309 scri
1605 3232 1655 3314 tia

219 3337 379 3432 uidetur
394 3401 410 3447 ‚
440 3341 483 3423 in
548 3343 736 3454 raeparatis
772 3257 1088 3422 antimonialibus
1122 3336 1288 3450 posuere
1322 3337 1521 3422 fiduciam.
1565 3259 1658 3422 sirii}

116 3459 118 3468 ⁴
221 3451 453 3560 Turquetus
487 3371 716 3564 hsayernius
754 3453 1014 3535 antimonium
1051 3445 1216 3532 crudum
1253 3451 1399 3531 caeteris
1438 3456 1656 3564 preparatis

220 3559 545 3648 antimonialibus
576 3564 732 3646 videtur
764 3559 1002 3674 praeponere.
1044 3557 1291 3672 Crediderim
1329 3557 1439 3642 certe
1468 3564 1507 3641 in
1544 3563 1658 3674 gotti

222 3673 337 3760 rosea
373 3670 541 3786 simplici
585 3671 863 3756 medicamenti
904 3673 947 3753 in
982 3667 1186 3784 lympham
1233 3673 1383 3864 agentis
1434 3673 1657 3758 efficaciam

221 3787 304 3874 elle
325 3788 554 3892 minimam,
583 3785 672 3868 &st
694 3782 852 3896 quando
874 3781 974 3866 illud
997 3782 1213 3868 successum
1240 3786 1409 3893 aiquem
1433 3783 1504 3866 srbi
1525 3787 1655 3868 vindi-

222 3899 359 4006 cavit,
387 3903 470 3981 tirm
496 3900 676 4010 herpetes
702 3927 773 4012 pro
857 3895 912 3980 ttd
930 3893 1041 3979 rosei
1063 3893 1327 4000 habebantur,
1359 3921 1425 3978 aut
1443 3925 1535 3977 cum
1565 3900 1657 4010 ipsrc

222 4010 438 4126 complexa
459 4009 527 4094 illa
550 4009 768 4124 apparebat.
798 3927 925 4120 guod
945 4035 989 4092 ut
1011 4005 1191 4120 possibile
1210 4011 1285 4112 est,
1308 4010 1360 4091 ita
1381 4033 1513 4089 tamen
1533 4012 1655 4094 varie·

221 4153 348 4212 tatem
365 4123 745 4208 medicamentomm
761 4125 962 4236 ingentem
988 4119 1148 4204 indicat.
1175 4122 1322 4204 Verum
1335 4181 1351 4225 ‚
1378 4121 1445 4202 etsi
1473 4121 1655 4206 insimili

223 4237 319 4325 casu
343 4239 385 4320 in
409 4264 492 4346 quo
515 4236 637 4320 causae
658 4232 888 4320 abludentes
911 4230 1203 4344 conjunguntur
1226 4257 1343 4341 atque
1355 4229 1659 4344 complicantur

223 4355 379 4438 interna
399 4347 608 4433 methodus
625 4345 794 4430 multum
815 4345 988 4451 differat,
1005 4371 1258 4428 externomm
1276 4342 1657 4430 medicamentorum

223 4461 441 4577 applicatio
467 4459 593 4545 multo
615 4463 739 4572 magis
765 4455 951 4542 abludere
970 4455 1088 4540 debet
1111 4488 1122 4556 3
1149 4459 1239 4538 nam'
1267 4457 1411 4540 nociva
1436 4461 1584 4540 tantiam
1612 4463 1659 4543 in

285 4573 338 4657 cti
359 4570 490 4677 rosea,
516 4567 853 4660 efflorescentibus
872 4567 1126 4682 herpetibus‚
1156 4568 1357 4652 mortifera
1382 4567 1459 4652 elle
1485 4569 1657 4683 possunt.

223 4607 343 4774 ilani
362 4685 450 4769 sunt
466 4687 670 4770 aneorum
692 4687 758 4796 qui
775 4681 825 4768 de
843 4682 955 4797 guttai
975 4679 1086 4768 roseti
1103 4680 1337 4794 scripserunt
1355 4677 1445 4766 libri
1462 4682 1659 4796 farragine
1761 4695 1766 4705 '

268 4849 322 4933 (a)
341 4843 410 4912 nat
427 4843 461 4909 de
474 4845 504 4908 la
518 4845 609 4924 Pecu,
623 4865 694 4932 part.
711 4867 728 4909 ι
737 4881 749 4934 ,
767 4844 813 4909 ch.
828 4865 858 4917 4·

1565 5037 1587 5143 Ι
1633 5197 1639 5204 .
