4246 5900
563 429 1283 522 ruritooocrio.
1418 489 1427 504 .
1626 467 1656 548 1

218 621 328 684 nova
354 591 470 680 nobis
500 595 607 681 circa
642 599 867 681 struslurarn
899 600 1001 682 cutis
1036 599 1299 709 documenta,
1323 601 1403 716 ipsa
1428 603 1562 690 vitiata
1585 637 1652 692 na-

216 741 308 798 tura
334 707 605 824 suppeditabit.

230 872 238 880 -
278 826 323 908 Si
339 827 444 908 enim
463 827 572 908 muci
588 823 717 908 vitiosi
736 850 788 906 co
817 822 854 904 ia
873 819 1089 930 exuberet,
1111 824 1269 911 deficiat
1291 825 1356 911 san
1387 832 1523 916 uineus
1544 827 1651 919 latex

216 945 265 1022 δι
289 963 423 1021 natura
446 937 576 1021 frablis
592 933 741 1026 viribus
762 851 1039 1049 elanguescat,
1074 965 1142 1023 aut
1165 942 1309 1023 humor
1331 859 1470 1053 afiquis
1485 975 1653 1060 coagu-

215 1047 307 1134 lans
326 1053 556 1134 intumuerit
577 1054 705 1153 intus,
729 1075 824 1131 tunc
844 1077 927 1132 non
939 1047 1250 1164 multiplicantur
1270 1057 1394 1160 acini,
1409 1056 1475 1142 sed
1494 1058 1651 1144 foedum

215 1166 262 1247 in
298 1191 457 1246 morem
489 1162 752 1245 intumescunt
779 1187 894 1271 atque
922 1163 1185 1274 grandescunt
1215 1171 1473 1275 racematim‚
1508 1179 1550 1254 dt
1573 1169 1648 1255 ali-

214 1276 386 1386 quandb
411 1275 623 1387 fungorum
650 1269 719 1354 fibi
751 1274 1018 1387 appositorum
1043 1273 1210 1383 ordine,
1240 1307 1362 1389 parvo
1394 1281 1647 1371 sustentantur

210 1385 404 1501 petiolo,
426 1413 623 1498 mutoque
649 1382 929 1493 obducuntur,
955 1417 1039 1472 non
1062 1415 1107 1474 ut
1135 1393 1268 1504 priore
1291 1393 1333 1472 in
1355 1393 1472 1500 casu,
1497 1396 1608 1480 vitali
1628 1441 1651 1506 ,·

209 1501 291 1583 sed
316 1499 460 1605 acido,
490 1499 659 1584 foetenti.
691 1497 819 1608 Quod
845 1501 962 1583 etiam
995 1505 1118 1615 magis
1143 1500 1221 1588 illis
1245 1504 1392 1588 accidit
1419 1510 1486 1616 qui
1512 1516 1652 1620 parlim

212 1611 335 1696 cautd
366 1615 408 1694 in
441 1610 590 1696 casibus
622 1609 700 1694 illis
729 1609 919 1696 alimento
952 1611 1162 1698 abutuntur
1188 1616 1415 1730 copiosiori.
1436 1617 1651 1709 Abstulerit

212 1723 312 1810 illos
321 1723 541 1839 Chirurgus
551 1724 830 1832 ,renascuntur
845 1722 911 1808 alii
923 1722 1095 1832 ejusdem
1109 1753 1251 1812 natura
1261 1790 1277 1837 ,
1292 1731 1345 1813 ita
1359 1729 1650 1831 utcessularem

216 1835 409 1920 fabricam
435 1867 557 1922 nemo
578 1839 644 1921 hic
664 1865 809 1952 negate
827 1837 978 1925 audeat.
1156 1865 1158 1870 ·

223 1999 227 2004 -
291 1951 336 2031 Si
371 1947 524 2034 contria
543 1949 677 2035 febrili
711 1951 900 2036 incendio
941 1954 1076 2038 omnia
1113 1953 1426 2064 comburantur,
1464 1963 1645 2074 opposita

214 2065 487 2179 phoenomena
508 2064 689 2148 eamdem
719 2065 983 2151 demonstrant
1007 2063 1219 2170 fabricam3
1247 2098 1338 2152 nam
1361 2067 1461 2156 nihil
1477 2073 1543 2156 hic
1573 2102 1646 2156 ex-

216 2177 354 2282 sudat,
373 2175 441 2260 sed
465 2205 604 2272 mucus
628 2176 741 2262 laridi
759 2179 802 2262 in
822 2179 990 2263 modum
1012 2181 1273 2292 concrescens
1292 2185 1428 2268 acinos
1448 2187 1489 2267 in
1509 2186 1646 2299 super*

215 2291 309 2372 ficie
338 2288 527 2373 concreta
560 2297 602 2374 ὃς
634 2317 704 2405 per
744 2290 989 2376 monticulos
1023 2292 1204 2406 convexas
1232 2297 1432 2410 appingit,
1464 2295 1533 2381 sub
1567 2297 1646 2408 qus

220 2400 312 2484 illos
341 2405 539 2514 reperias,
577 2429 643 2488 aut
675 2401 939 2518 pendulos&
962 2411 1112 2490 vdcuos
1124 2469 1139 2514 ‚
1168 2434 1236 2490 aut
1264 2408 1498 2492 tumefaslos
1525 2437 1645 2520 atque

223 2515 443 2598 retorridos.
472 2515 583 2630 Sapb
599 2519 697 2604 verb
719 2519 810 2632 'ipsa
834 2515 986 2602 cellulae
1014 2521 1095 2632 qub
1122 2545 1280 2634 pateant
1303 2518 1545 2627 evidentius,
1562 2525 1646 2608 san-

220 2629 338 2741 guine
365 2641 449 2710 atro
471 2634 512 2710 dt
537 2656 732 2713 concreto
756 2627 880 2742 plena
907 2657 1103 2742 apparent.
1129 2632 1211 2715 Sed
1235 2661 1436 2744 nunquam
1462 2634 1572 2719 hisce
1601 2641 1668 2722 in*

218 2738 370 2824 casibus
391 2765 429 2824 te
445 2738 558 2824 fallet
585 2736 782 2822 cellularis
807 2742 908 2823 cutis
934 2744 1129 2825 struslura.
1603 2833 1606 2839 ,

275 2852 388 2962 Quid
409 2855 474 2936 hic
502 2851 644 2936 addam
672 2848 982 2938 delitescentium
1010 2855 1115 2963 quast
1136 2851 1300 2937 subitam
1329 2851 1509 2938 ulcerum
1536 2853 1646 2966 prius

217 2966 549 3070 tumefaslorum,
580 2993 663 3075 quae
695 2994 790 3048 cuin
823 2965 1103 3050 flacciditateni
1140 2965 1275 3052 secum
1313 2973 1355 3050 &
1390 2969 1644 3080 rugositatem

217 3080 367 3184 trahat,
395 3075 561 3192 depictis
581 3074 736 3163 cellulis
758 3085 800 3162 ὅ(
820 3082 954 3164 vacuis
974 3085 1125 3164 tantum
1148 3083 1234 3164 fieti
1260 3082 1396 3194 potest.
1415 3081 1508 3164 Nec
1527 3077 1642 3192 plura

217 3191 409 3310 dehisce
445 3191 663 3296 addemus,
693 3220 775 3302 qua
810 3187 964 3276 abundd
1002 3195 1087 3305 post
1118 3189 1330 3276 Hallerum
1361 3191 1510 3276 eruditfi
1542 3197 1641 3280 thesi

212 3306 446 3420 prosecutus
471 3306 524 3388 est
552 3301 711 3417 collega
739 3303 866 3386 noster
902 3303 1084 3416 Thiery,
1115 3307 1183 3416 qui
1220 3335 1312 3388 cuin
1351 3308 1486 3388 omnia
1527 3330 1641 3390 textu

213 3416 397 3504 cellulari
427 3417 687 3528 undequaque
718 3418 913 3529 turgentia
948 3420 1169 3525 invenerit,
1190 3416 1297 3502 idern
1327 3417 1377 3501 de
1407 3445 1499 3501 cute
1529 3446 1640 3504 com-

213 3529 376 3646 probari
397 3559 480 3612 non
503 3529 663 3614 molestis
686 3529 917 3613 consentiat.
951 3533 1007 3614 At
1034 3559 1126 3614 cum
1153 3533 1195 3612 in
1229 3526 1377 3614 morbis
1408 3532 1543 3614 nostris
1579 3556 1643 3646 res

214 3647 264 3729 sit
286 3637 448 3726 maximi
478 3646 593 3757 pretii
623 3667 756 3727 cutem
790 3641 974 3750 novisse,
1011 3642 1382 3728 demonstrationem
1406 3645 1572 3725 nostram
1598 3644 1641 3726 in

213 3783 311 3841 cute
324 3753 480 3840 mortui
499 3757 640 3868 urgere
654 3754 832 3861 licuerit,
861 3758 1036 3864 quamuis
1053 3759 1179 3839 minus
1198 3757 1247 3842 ad
1271 3754 1509 3848 medicinam
1528 3756 1641 3840 firma

213 3871 292 3956 sint
307 3893 535 3984 argumenta
557 3898 640 3979 qua
661 3893 845 3982 petuntur
867 3865 1168 3954 acadaveribus.
1588 3947 1592 3956 .

271 3984 316 4066 Si
337 4011 437 4094 ergo
464 3982 674 4066 detratlam
695 3977 718 4064 ὲ
738 3980 928 4066 cadavere
951 3985 1101 4067 recenti
1129 4008 1262 4066 cutem
1294 3977 1476 4064 accurate
1506 4003 1641 4064 extem

212 4099 351 4202 deris,
382 4103 425 4178 dt
458 4097 568 4206 omni
594 4091 748 4178 remorsu
770 4097 974 4206 impuriori
1001 4093 1160 4179 miscelrl
1172 4157 1187 4200 ,
1210 4093 1325 4178 caute
1354 4092 1641 4200 exsiccaveris,
1751 4125 1754 4128 ·

211 4211 377 4295 tenuior
392 4205 461 4291 illa
484 4233 600 4317 atque
621 4208 777 4290 tenuior
792 4206 958 4313 evadet,
977 4209 1060 4292 imb
1075 4203 1377 4318 &pellucidam
1396 4204 1532 4290 reddas
1552 4206 1642 4290 obs-

211 4321 312 4407 cure
341 4321 668 4404 transmittentem
697 4319 827 4404 radios
855 4315 1026 4404 luminis.
1054 4319 1173 4400 Hanc
1207 4323 1250 4400 bt
1278 4320 1441 4427 antiqua
1465 4318 1643 4404 densitati

216 4441 263 4518 bt
285 4437 446 4550 pristina
474 4431 661 4516 soliditati
682 4433 740 4514 vis
765 4434 987 4535 restituere,
1013 4433 1141 4514 rursus
1162 4425 1273 4514 illam
1298 4433 1339 4514 in
1366 4429 1473 4540 aqus.
1487 4431 1640 4518 calente

216 4577 386 4634 macera.
422 4543 623 4630 Imbibent
645 4539 798 4628 cellula
825 4545 1064 4649 humorem,
1093 4542 1264 4658 spongia
1297 4545 1339 4626 in
1366 4542 1531 4628 modum
1556 4570 1643 4628 tota

218 4656 454 4744 redundabit
473 4661 643 4743 humore
661 4661 783 4764 cutis,
803 4664 846 4741 bt
864 4686 974 4742 novo
988 4655 1193 4754 volumine
1214 4653 1441 4744 cellulareni
1458 4656 1644 4744 demons-

216 4770 340 4858 trabit
357 4771 557 4856 fabricam.
579 4771 732 4855 Rursbs
754 4774 879 4878 verb,
905 4767 1001 4857 licdt
1024 4801 1124 4883 aqua
1153 4767 1321 4860 bulliens
1343 4772 1642 4858 contentum‘in

217 4911 488 4982 cutemuctun
508 4879 637 5001 primii
655 4883 849 5005 hispidet,
867 4913 963 4977 mox
985 4880 1212 4973 contmuatai
1231 4885 1385 4972 afflone
1404 4910 1497 5077 φφ
1516 4882 1646 4968 trusus
