<?xml version="1.0" encoding="UTF-8"?>
<!DOCTYPE html PUBLIC "-//W3C//DTD XHTML 1.0 Transitional//EN"
    "http://www.w3.org/TR/xhtml1/DTD/xhtml1-transitional.dtd">
<html xmlns="http://www.w3.org/1999/xhtml" xml:lang="en" lang="en">
 <head>
  <title>
</title>
<meta http-equiv="Content-Type" content="text/html;charset=utf-8" />
  <meta name='ocr-system' content='tesseract 3.04.00' />
  <meta name='ocr-capabilities' content='ocr_page ocr_carea ocr_par ocr_line ocrx_word'/>
</head>
<body>
  <div class='ocr_page' id='page_1' title='image "./tractatusdemorb00cavegoog_0327.png"; bbox 0 0 4166 5908; ppageno 0'>
   <div class='ocr_carea' id='block_1_1' title="bbox 460 367 1445 488">
    <p class='ocr_par' dir='ltr' id='par_1_1' title="bbox 460 367 1445 488">
     <span class='ocr_line' id='line_1_1' title="bbox 460 367 1445 488; baseline -0.01 -24"><span class='ocrx_word' id='word_1_1' title='bbox 460 407 544 488; x_wconf 73' lang='lat'>304</span> <span class='ocrx_word' id='word_1_2' title='bbox 911 367 1445 466; x_wconf 82' lang='lat' dir='ltr'>DEMORBIS</span> 
     </span>
    </p>
   </div>
   <div class='ocr_carea' id='block_1_2' title="bbox 457 525 1912 3149">
    <p class='ocr_par' dir='ltr' id='par_1_2' title="bbox 457 525 1907 775">
     <span class='ocr_line' id='line_1_2' title="bbox 457 525 1907 656; baseline -0.008 -28"><span class='ocrx_word' id='word_1_3' title='bbox 457 541 553 628; x_wconf 75' lang='lat' dir='ltr'>lime</span> <span class='ocrx_word' id='word_1_4' title='bbox 568 538 771 656; x_wconf 88' lang='lat' dir='ltr'>herpetica</span> <span class='ocrx_word' id='word_1_5' title='bbox 786 541 839 624; x_wconf 86' lang='lat' dir='ltr'>est</span> <span class='ocrx_word' id='word_1_6' title='bbox 848 601 863 646; x_wconf 89' lang='lat'>,</span> <span class='ocrx_word' id='word_1_7' title='bbox 886 546 928 622; x_wconf 77' lang='grc' dir='ltr'>ὃ(</span> <span class='ocrx_word' id='word_1_8' title='bbox 944 536 993 621; x_wconf 89' lang='lat' dir='ltr'>ab</span> <span class='ocrx_word' id='word_1_9' title='bbox 1010 541 1217 654; x_wconf 88' lang='lat' dir='ltr'>herpetico</span> <span class='ocrx_word' id='word_1_10' title='bbox 1234 538 1433 622; x_wconf 79' lang='lat' dir='ltr'>fermento</span> <span class='ocrx_word' id='word_1_11' title='bbox 1446 563 1529 622; x_wconf 89' lang='lat' dir='ltr'>non</span> <span class='ocrx_word' id='word_1_12' title='bbox 1543 528 1722 654; x_wconf 73' lang='lat' dir='ltr'>legitiml:</span> <span class='ocrx_word' id='word_1_13' title='bbox 1737 525 1907 616; x_wconf 81' lang='lat' dir='ltr'>excluso</span> 
     </span>
     <span class='ocr_line' id='line_1_3' title="bbox 458 653 838 775; baseline -0.008 -35"><span class='ocrx_word' id='word_1_14' title='bbox 458 653 620 775; x_wconf 82' lang='lat' dir='ltr'><strong>pendet.</strong></span> <span class='ocrx_word' id='word_1_15' title='bbox 638 733 657 748; x_wconf 78' lang='grc'><strong><em>,</em></strong></span> <span class='ocrx_word' id='word_1_16' title='bbox 837 765 838 768; x_wconf 5' lang='lat' dir='ltr'>p</span> 
     </span>
    </p>

    <p class='ocr_par' dir='ltr' id='par_1_3' title="bbox 460 763 1912 1563">
     <span class='ocr_line' id='line_1_4' title="bbox 517 763 1906 880; baseline -0.008 -27"><span class='ocrx_word' id='word_1_17' title='bbox 517 769 618 860; x_wconf 85' lang='lat' dir='ltr'>Hac</span> <span class='ocrx_word' id='word_1_18' title='bbox 641 765 805 880; x_wconf 88' lang='lat' dir='ltr'>quidem</span> <span class='ocrx_word' id='word_1_19' title='bbox 824 769 865 850; x_wconf 89' lang='lat' dir='ltr'>in</span> <span class='ocrx_word' id='word_1_20' title='bbox 888 793 1033 880; x_wconf 85' lang='lat' dir='ltr'>genere</span> <span class='ocrx_word' id='word_1_21' title='bbox 1052 764 1101 850; x_wconf 88' lang='lat' dir='ltr'>ad</span> <span class='ocrx_word' id='word_1_22' title='bbox 1127 767 1262 850; x_wconf 90' lang='lat' dir='ltr'>omnia</span> <span class='ocrx_word' id='word_1_23' title='bbox 1282 763 1391 876; x_wconf 72' lang='lat' dir='ltr'>aque</span> <span class='ocrx_word' id='word_1_24' title='bbox 1413 765 1623 879; x_wconf 89' lang='lat' dir='ltr'>herpetum</span> <span class='ocrx_word' id='word_1_25' title='bbox 1671 786 1791 844; x_wconf 86' lang='lat' dir='ltr'>encra</span> <span class='ocrx_word' id='word_1_26' title='bbox 1813 786 1906 873; x_wconf 87' lang='lat' dir='ltr'>per-</span> 
     </span>
     <span class='ocr_line' id='line_1_5' title="bbox 460 873 1905 996; baseline -0.008 -30"><span class='ocrx_word' id='word_1_27' title='bbox 460 884 612 988; x_wconf 86' lang='lat' dir='ltr'>tinent,</span> <span class='ocrx_word' id='word_1_28' title='bbox 629 879 735 966; x_wconf 72' lang='lat' dir='ltr'>unde</span> <span class='ocrx_word' id='word_1_29' title='bbox 750 880 985 987; x_wconf 84' lang='lat' dir='ltr'>deducitur,</span> <span class='ocrx_word' id='word_1_30' title='bbox 1008 883 1188 996; x_wconf 88' lang='lat' dir='ltr'>herpetes</span> <span class='ocrx_word' id='word_1_31' title='bbox 1205 882 1339 993; x_wconf 78' lang='lat' dir='ltr'>potius</span> <span class='ocrx_word' id='word_1_32' title='bbox 1355 876 1485 963; x_wconf 88' lang='lat' dir='ltr'>morbi</span> <span class='ocrx_word' id='word_1_33' title='bbox 1503 904 1622 990; x_wconf 87' lang='lat' dir='ltr'>quam</span> <span class='ocrx_word' id='word_1_34' title='bbox 1673 904 1714 958; x_wconf 88' lang='lat' dir='ltr'>m</span> <span class='ocrx_word' id='word_1_35' title='bbox 1729 873 1905 987; x_wconf 87' lang='lat' dir='ltr'>speciem</span> 
     </span>
     <span class='ocr_line' id='line_1_6' title="bbox 461 985 1912 1110; baseline -0.007 -30"><span class='ocrx_word' id='word_1_36' title='bbox 461 1021 581 1105; x_wconf 89' lang='lat' dir='ltr'>atque</span> <span class='ocrx_word' id='word_1_37' title='bbox 604 993 823 1110; x_wconf 82' lang='lat' dir='ltr'>prosapiam</span> <span class='ocrx_word' id='word_1_38' title='bbox 846 998 1111 1100; x_wconf 86' lang='lat' dir='ltr'>constituere,</span> <span class='ocrx_word' id='word_1_39' title='bbox 1140 989 1260 1103; x_wconf 75' lang='lat' dir='ltr'>quim</span> <span class='ocrx_word' id='word_1_40' title='bbox 1282 990 1468 1076; x_wconf 86' lang='lat' dir='ltr'><strong>morbum</strong></span> <span class='ocrx_word' id='word_1_41' title='bbox 1492 992 1546 1076; x_wconf 87' lang='lat' dir='ltr'>fic</span> <span class='ocrx_word' id='word_1_42' title='bbox 1574 986 1732 1103; x_wconf 77' lang='lat' dir='ltr'>proprib</span> <span class='ocrx_word' id='word_1_43' title='bbox 1753 985 1912 1072; x_wconf 69' lang='lat' dir='ltr'>dislum</span> 
     </span>
     <span class='ocr_line' id='line_1_7' title="bbox 464 1104 1911 1220; baseline -0.008 -26"><span class='ocrx_word' id='word_1_44' title='bbox 464 1113 507 1194; x_wconf 79' lang='lat' dir='ltr'>bt</span> <span class='ocrx_word' id='word_1_45' title='bbox 524 1107 785 1192; x_wconf 90' lang='lat' dir='ltr'>individuum.</span> <span class='ocrx_word' id='word_1_46' title='bbox 809 1107 926 1193; x_wconf 77' lang='lat' dir='ltr'>Unde</span> <span class='ocrx_word' id='word_1_47' title='bbox 946 1109 992 1191; x_wconf 91' lang='lat' dir='ltr'>fit</span> <span class='ocrx_word' id='word_1_48' title='bbox 1013 1131 1057 1190; x_wconf 93' lang='lat' dir='ltr'>ut</span> <span class='ocrx_word' id='word_1_49' title='bbox 1074 1108 1284 1219; x_wconf 88' lang='lat' dir='ltr'>herpetum</span> <span class='ocrx_word' id='word_1_50' title='bbox 1304 1104 1451 1220; x_wconf 84' lang='lat' dir='ltr'>species</span> <span class='ocrx_word' id='word_1_51' title='bbox 1472 1108 1515 1187; x_wconf 89' lang='lat' dir='ltr'>in</span> <span class='ocrx_word' id='word_1_52' title='bbox 1531 1105 1571 1188; x_wconf 91' lang='lat' dir='ltr'>se</span> <span class='ocrx_word' id='word_1_53' title='bbox 1591 1104 1733 1186; x_wconf 81' lang='lat' dir='ltr'>mutui&gt;</span> <span class='ocrx_word' id='word_1_54' title='bbox 1751 1127 1911 1185; x_wconf 91' lang='lat' dir='ltr'>muten-</span> 
     </span>
     <span class='ocr_line' id='line_1_8' title="bbox 465 1213 1906 1330; baseline -0.007 -24"><span class='ocrx_word' id='word_1_55' title='bbox 465 1249 530 1306; x_wconf 90' lang='lat' dir='ltr'>tur</span> <span class='ocrx_word' id='word_1_56' title='bbox 550 1247 669 1330; x_wconf 89' lang='lat' dir='ltr'>atque</span> <span class='ocrx_word' id='word_1_57' title='bbox 693 1245 996 1326; x_wconf 83' lang='lat' dir='ltr'>convertantur,</span> <span class='ocrx_word' id='word_1_58' title='bbox 1016 1218 1127 1330; x_wconf 90' lang='lat' dir='ltr'>quod</span> <span class='ocrx_word' id='word_1_59' title='bbox 1154 1215 1347 1305; x_wconf 85' lang='lat' dir='ltr'>familiare</span> <span class='ocrx_word' id='word_1_60' title='bbox 1376 1221 1430 1303; x_wconf 88' lang='lat' dir='ltr'>est</span> <span class='ocrx_word' id='word_1_61' title='bbox 1456 1216 1595 1304; x_wconf 86' lang='lat' dir='ltr'>vidisse</span> <span class='ocrx_word' id='word_1_62' title='bbox 1624 1213 1810 1300; x_wconf 84' lang='lat' dir='ltr'>omnibus</span> <span class='ocrx_word' id='word_1_63' title='bbox 1836 1215 1906 1324; x_wconf 91' lang='lat' dir='ltr'>qui</span> 
     </span>
     <span class='ocr_line' id='line_1_9' title="bbox 465 1329 1907 1447; baseline -0.004 -29"><span class='ocrx_word' id='word_1_64' title='bbox 465 1337 575 1447; x_wconf 79' lang='lat' dir='ltr'>agris</span> <span class='ocrx_word' id='word_1_65' title='bbox 592 1332 755 1418; x_wconf 83' lang='lat' dir='ltr'>affident</span> <span class='ocrx_word' id='word_1_66' title='bbox 773 1366 785 1433; x_wconf 87' lang='lat'>;</span> <span class='ocrx_word' id='word_1_67' title='bbox 805 1337 889 1419; x_wconf 86' lang='lat' dir='ltr'>imb</span> <span class='ocrx_word' id='word_1_68' title='bbox 908 1333 1049 1416; x_wconf 89' lang='lat' dir='ltr'>dantur</span> <span class='ocrx_word' id='word_1_69' title='bbox 1062 1335 1243 1447; x_wconf 87' lang='lat' dir='ltr'>herpetes</span> <span class='ocrx_word' id='word_1_70' title='bbox 1257 1333 1473 1438; x_wconf 80' lang='lat' dir='ltr'>arthritici,</span> <span class='ocrx_word' id='word_1_71' title='bbox 1488 1329 1703 1416; x_wconf 91' lang='lat' dir='ltr'>scorbutici</span> <span class='ocrx_word' id='word_1_72' title='bbox 1710 1391 1725 1436; x_wconf 93' lang='lat'>,</span> <span class='ocrx_word' id='word_1_73' title='bbox 1746 1329 1907 1416; x_wconf 85' lang='lat' dir='ltr'>venerei</span> 
     </span>
     <span class='ocr_line' id='line_1_10' title="bbox 463 1443 1685 1563; baseline -0.003 -33"><span class='ocrx_word' id='word_1_74' title='bbox 463 1450 534 1558; x_wconf 90' lang='lat' dir='ltr'>qui</span> <span class='ocrx_word' id='word_1_75' title='bbox 553 1443 663 1531; x_wconf 65' lang='lat' dir='ltr'>nulls</span> <span class='ocrx_word' id='word_1_76' title='bbox 682 1450 835 1531; x_wconf 89' lang='lat' dir='ltr'>ratione</span> <span class='ocrx_word' id='word_1_77' title='bbox 855 1446 905 1531; x_wconf 88' lang='lat' dir='ltr'>ad</span> <span class='ocrx_word' id='word_1_78' title='bbox 924 1445 1151 1563; x_wconf 78' lang='lat' dir='ltr'>praesentem</span> <span class='ocrx_word' id='word_1_79' title='bbox 1169 1449 1367 1563; x_wconf 88' lang='lat' dir='ltr'>pertinent</span> <span class='ocrx_word' id='word_1_80' title='bbox 1385 1444 1685 1530; x_wconf 69' lang='lat' dir='ltr'>tractationem.-</span> 
     </span>
    </p>

    <p class='ocr_par' dir='ltr' id='par_1_4' title="bbox 464 1555 1912 3149">
     <span class='ocr_line' id='line_1_11' title="bbox 522 1555 1908 1673; baseline -0.003 -31"><span class='ocrx_word' id='word_1_81' title='bbox 522 1559 685 1646; x_wconf 90' lang='lat' dir='ltr'>Humor</span> <span class='ocrx_word' id='word_1_82' title='bbox 717 1563 815 1646; x_wconf 85' lang='lat' dir='ltr'>verb</span> <span class='ocrx_word' id='word_1_83' title='bbox 844 1563 974 1644; x_wconf 88' lang='lat' dir='ltr'>noster</span> <span class='ocrx_word' id='word_1_84' title='bbox 1001 1563 1069 1670; x_wconf 91' lang='lat' dir='ltr'>qui</span> <span class='ocrx_word' id='word_1_85' title='bbox 1097 1563 1277 1673; x_wconf 87' lang='lat' dir='ltr'>herpetes</span> <span class='ocrx_word' id='word_1_86' title='bbox 1306 1557 1592 1667; x_wconf 87' lang='lat' dir='ltr'>constituebat,</span> <span class='ocrx_word' id='word_1_87' title='bbox 1621 1557 1690 1642; x_wconf 90' lang='lat' dir='ltr'>ubi</span> <span class='ocrx_word' id='word_1_88' title='bbox 1717 1555 1908 1641; x_wconf 85' lang='lat' dir='ltr'>interiora</span> 
     </span>
     <span class='ocr_line' id='line_1_12' title="bbox 464 1670 1908 1788; baseline -0.007 -28"><span class='ocrx_word' id='word_1_89' title='bbox 464 1673 614 1760; x_wconf 83' lang='lat' dir='ltr'>viscera</span> <span class='ocrx_word' id='word_1_90' title='bbox 635 1677 850 1788; x_wconf 84' lang='lat' dir='ltr'>occupavit</span> <span class='ocrx_word' id='word_1_91' title='bbox 861 1737 875 1780; x_wconf 97' lang='lat'>,</span> <span class='ocrx_word' id='word_1_92' title='bbox 898 1677 1185 1784; x_wconf 88' lang='lat' dir='ltr'>hominemque</span> <span class='ocrx_word' id='word_1_93' title='bbox 1202 1670 1324 1788; x_wconf 74' lang='lat' dir='ltr'>longh</span> <span class='ocrx_word' id='word_1_94' title='bbox 1342 1671 1433 1758; x_wconf 91' lang='lat' dir='ltr'>tabe</span> <span class='ocrx_word' id='word_1_95' title='bbox 1454 1674 1693 1758; x_wconf 82' lang='lat' dir='ltr'>confecit&amp;</span> <span class='ocrx_word' id='word_1_96' title='bbox 1713 1671 1908 1787; x_wconf 89' lang='lat' dir='ltr'>peremit,</span> 
     </span>
     <span class='ocr_line' id='line_1_13' title="bbox 465 1779 1908 1902; baseline -0.007 -30"><span class='ocrx_word' id='word_1_97' title='bbox 465 1788 614 1872; x_wconf 84' lang='lat' dir='ltr'>etiamst</span> <span class='ocrx_word' id='word_1_98' title='bbox 638 1789 681 1868; x_wconf 87' lang='lat' dir='ltr'>in</span> <span class='ocrx_word' id='word_1_99' title='bbox 704 1786 946 1902; x_wconf 72' lang='lat' dir='ltr'>superstition</span> <span class='ocrx_word' id='word_1_100' title='bbox 969 1786 1179 1872; x_wconf 88' lang='lat' dir='ltr'>utilitatem</span> <span class='ocrx_word' id='word_1_101' title='bbox 1203 1786 1370 1871; x_wconf 88' lang='lat' dir='ltr'>cadaver</span> <span class='ocrx_word' id='word_1_102' title='bbox 1396 1787 1543 1871; x_wconf 74' lang='lat' dir='ltr'>attente</span> <span class='ocrx_word' id='word_1_103' title='bbox 1572 1787 1767 1892; x_wconf 87' lang='lat' dir='ltr'>secueris,</span> <span class='ocrx_word' id='word_1_104' title='bbox 1792 1779 1908 1863; x_wconf 89' lang='lat' dir='ltr'>nullo</span> 
     </span>
     <span class='ocr_line' id='line_1_14' title="bbox 466 1891 1912 2015; baseline -0.006 -31"><span class='ocrx_word' id='word_1_105' title='bbox 466 1899 508 1984; x_wconf 91' lang='lat' dir='ltr'>se</span> <span class='ocrx_word' id='word_1_106' title='bbox 527 1897 680 1983; x_wconf 89' lang='lat' dir='ltr'>indicio</span> <span class='ocrx_word' id='word_1_107' title='bbox 700 1901 797 1983; x_wconf 86' lang='lat' dir='ltr'>stnet</span> <span class='ocrx_word' id='word_1_108' title='bbox 816 1899 1056 2015; x_wconf 89' lang='lat' dir='ltr'>deprehendi</span> <span class='ocrx_word' id='word_1_109' title='bbox 1079 1933 1087 1982; x_wconf 91' lang='lat'><strong>:</strong></span> <span class='ocrx_word' id='word_1_110' title='bbox 1110 1899 1228 1983; x_wconf 81' lang='lat' dir='ltr'>malla</span> <span class='ocrx_word' id='word_1_111' title='bbox 1244 1897 1463 1985; x_wconf 88' lang='lat' dir='ltr'>remanebit</span> <span class='ocrx_word' id='word_1_112' title='bbox 1482 1891 1681 2012; x_wconf 80' lang='lat' dir='ltr'>albicans,</span> <span class='ocrx_word' id='word_1_113' title='bbox 1700 1896 1792 1982; x_wconf 70' lang='lat' dir='ltr'>vere</span> <span class='ocrx_word' id='word_1_114' title='bbox 1812 1893 1912 2004; x_wconf 79' lang='lat' dir='ltr'>lym-</span> 
     </span>
     <span class='ocr_line' id='line_1_15' title="bbox 465 2006 1908 2128; baseline -0.003 -33"><span class='ocrx_word' id='word_1_115' title='bbox 465 2015 650 2127; x_wconf 89' lang='lat' dir='ltr'>phatica,</span> <span class='ocrx_word' id='word_1_116' title='bbox 677 2010 827 2096; x_wconf 87' lang='lat' dir='ltr'>viscera</span> <span class='ocrx_word' id='word_1_117' title='bbox 853 2017 895 2096; x_wconf 94' lang='lat' dir='ltr'>in</span> <span class='ocrx_word' id='word_1_118' title='bbox 923 2017 1130 2098; x_wconf 85' lang='lat' dir='ltr'>acinos&amp;</span> <span class='ocrx_word' id='word_1_119' title='bbox 1157 2015 1262 2124; x_wconf 85' lang='lat' dir='ltr'>quast</span> <span class='ocrx_word' id='word_1_120' title='bbox 1290 2013 1421 2098; x_wconf 87' lang='lat' dir='ltr'>nodos</span> <span class='ocrx_word' id='word_1_121' title='bbox 1447 2043 1495 2128; x_wconf 91' lang='lat' dir='ltr'>ap</span> <span class='ocrx_word' id='word_1_122' title='bbox 1523 2011 1690 2098; x_wconf 89' lang='lat' dir='ltr'>arebunt</span> <span class='ocrx_word' id='word_1_123' title='bbox 1716 2006 1908 2095; x_wconf 86' lang='lat' dir='ltr'>conversa</span> 
     </span>
     <span class='ocr_line' id='line_1_16' title="bbox 467 2045 1907 2242; baseline -0.006 -30"><span class='ocrx_word' id='word_1_124' title='bbox 467 2123 539 2212; x_wconf 85' lang='lat' dir='ltr'>fibi</span> <span class='ocrx_word' id='word_1_125' title='bbox 565 2121 859 2238; x_wconf 87' lang='lat' dir='ltr'>agglomeratos</span> <span class='ocrx_word' id='word_1_126' title='bbox 882 2133 923 2211; x_wconf 74' lang='grc' dir='ltr'>ὃ(</span> <span class='ocrx_word' id='word_1_127' title='bbox 949 2130 1146 2242; x_wconf 89' lang='lat' dir='ltr'>apposrtos</span> <span class='ocrx_word' id='word_1_128' title='bbox 1158 2190 1173 2233; x_wconf 90' lang='lat'>,</span> <span class='ocrx_word' id='word_1_129' title='bbox 1196 2153 1314 2237; x_wconf 86' lang='lat' dir='ltr'>atque</span> <span class='ocrx_word' id='word_1_130' title='bbox 1336 2131 1379 2211; x_wconf 89' lang='lat' dir='ltr'>in</span> <span class='ocrx_word' id='word_1_131' title='bbox 1403 2045 1561 2211; x_wconf 79' lang='lat' dir='ltr'>masliim</span> <span class='ocrx_word' id='word_1_132' title='bbox 1583 2127 1688 2238; x_wconf 85' lang='lat' dir='ltr'>quast</span> <span class='ocrx_word' id='word_1_133' title='bbox 1711 2123 1907 2239; x_wconf 88' lang='lat' dir='ltr'>lapideam</span> 
     </span>
     <span class='ocr_line' id='line_1_17' title="bbox 469 2237 1908 2350; baseline -0.003 -28"><span class='ocrx_word' id='word_1_134' title='bbox 469 2245 513 2322; x_wconf 79' lang='lat' dir='ltr'>dt</span> <span class='ocrx_word' id='word_1_135' title='bbox 536 2237 723 2350; x_wconf 86' lang='lat' dir='ltr'>asperam.</span> <span class='ocrx_word' id='word_1_136' title='bbox 745 2238 896 2324; x_wconf 86' lang='lat' dir='ltr'>Eadem</span> <span class='ocrx_word' id='word_1_137' title='bbox 915 2240 954 2324; x_wconf 93' lang='lat' dir='ltr'>se</span> <span class='ocrx_word' id='word_1_138' title='bbox 971 2243 1092 2326; x_wconf 87' lang='lat' dir='ltr'>facies</span> <span class='ocrx_word' id='word_1_139' title='bbox 1112 2240 1277 2324; x_wconf 89' lang='lat' dir='ltr'>ostendit</span> <span class='ocrx_word' id='word_1_140' title='bbox 1292 2244 1335 2325; x_wconf 90' lang='lat' dir='ltr'>in</span> <span class='ocrx_word' id='word_1_141' title='bbox 1355 2240 1540 2328; x_wconf 88' lang='lat' dir='ltr'>omnibus</span> <span class='ocrx_word' id='word_1_142' title='bbox 1560 2240 1643 2324; x_wconf 89' lang='lat' dir='ltr'>aliis</span> <span class='ocrx_word' id='word_1_143' title='bbox 1659 2265 1908 2324; x_wconf 87' lang='lat' dir='ltr'>venenorum</span> 
     </span>
     <span class='ocr_line' id='line_1_18' title="bbox 467 2349 1906 2469; baseline -0.003 -35"><span class='ocrx_word' id='word_1_144' title='bbox 467 2349 674 2462; x_wconf 84' lang='lat' dir='ltr'>speciebus</span> <span class='ocrx_word' id='word_1_145' title='bbox 697 2380 782 2463; x_wconf 81' lang='lat' dir='ltr'>quae</span> <span class='ocrx_word' id='word_1_146' title='bbox 809 2349 1011 2467; x_wconf 84' lang='lat' dir='ltr'>lympham</span> <span class='ocrx_word' id='word_1_147' title='bbox 1035 2351 1229 2469; x_wconf 68' lang='lat' dir='ltr'>praecipud</span> <span class='ocrx_word' id='word_1_148' title='bbox 1254 2357 1436 2438; x_wconf 80' lang='lat' dir='ltr'>inficiunt</span> <span class='ocrx_word' id='word_1_149' title='bbox 1450 2416 1464 2460; x_wconf 90' lang='lat'>,</span> <span class='ocrx_word' id='word_1_150' title='bbox 1492 2359 1600 2439; x_wconf 90' lang='lat' dir='ltr'>utin</span> <span class='ocrx_word' id='word_1_151' title='bbox 1627 2350 1906 2438; x_wconf 90' lang='lat' dir='ltr'>morbillorum</span> 
     </span>
     <span class='ocr_line' id='line_1_19' title="bbox 466 2461 1910 2579; baseline 0.001 -35"><span class='ocrx_word' id='word_1_152' title='bbox 466 2461 644 2578; x_wconf 89' lang='lat' dir='ltr'>ipsorum</span> <span class='ocrx_word' id='word_1_153' title='bbox 670 2463 957 2579; x_wconf 86' lang='lat' dir='ltr'>tetropulsrone</span> <span class='ocrx_word' id='word_1_154' title='bbox 990 2468 1071 2550; x_wconf 92' lang='lat' dir='ltr'>vidi</span> <span class='ocrx_word' id='word_1_155' title='bbox 1103 2468 1289 2552; x_wconf 85' lang='lat' dir='ltr'>eumdem</span> <span class='ocrx_word' id='word_1_156' title='bbox 1320 2469 1505 2552; x_wconf 65' lang='lat' dir='ltr'>effessum</span> <span class='ocrx_word' id='word_1_157' title='bbox 1535 2467 1836 2567; x_wconf 88' lang='lat' dir='ltr'>inducentium,</span> <span class='ocrx_word' id='word_1_158' title='bbox 1865 2487 1910 2546; x_wconf 87' lang='lat' dir='ltr'>ut</span> 
     </span>
     <span class='ocr_line' id='line_1_20' title="bbox 465 2573 1906 2697; baseline -0.001 -37"><span class='ocrx_word' id='word_1_159' title='bbox 465 2578 510 2660; x_wconf 91' lang='lat' dir='ltr'>in</span> <span class='ocrx_word' id='word_1_160' title='bbox 532 2573 752 2690; x_wconf 91' lang='lat' dir='ltr'>scrophulis</span> <span class='ocrx_word' id='word_1_161' title='bbox 772 2580 895 2662; x_wconf 84' lang='lat' dir='ltr'>etiam</span> <span class='ocrx_word' id='word_1_162' title='bbox 918 2580 1294 2695; x_wconf 88' lang='lat' dir='ltr'>deprehendendum</span> <span class='ocrx_word' id='word_1_163' title='bbox 1315 2581 1463 2666; x_wconf 91' lang='lat' dir='ltr'>viscera</span> <span class='ocrx_word' id='word_1_164' title='bbox 1489 2577 1807 2697; x_wconf 87' lang='lat' dir='ltr'>depascentibus,</span> <span class='ocrx_word' id='word_1_165' title='bbox 1836 2577 1906 2658; x_wconf 88' lang='lat' dir='ltr'>nist</span> 
     </span>
     <span class='ocr_line' id='line_1_21' title="bbox 471 2686 1907 2812; baseline 0.001 -43"><span class='ocrx_word' id='word_1_166' title='bbox 471 2686 603 2770; x_wconf 85' lang='lat' dir='ltr'>forsan</span> <span class='ocrx_word' id='word_1_167' title='bbox 625 2690 736 2800; x_wconf 86' lang='lat' dir='ltr'>qubd</span> <span class='ocrx_word' id='word_1_168' title='bbox 760 2693 801 2773; x_wconf 95' lang='lat' dir='ltr'>in</span> <span class='ocrx_word' id='word_1_169' title='bbox 832 2691 983 2778; x_wconf 88' lang='lat' dir='ltr'>morbis</span> <span class='ocrx_word' id='word_1_170' title='bbox 1010 2693 1272 2812; x_wconf 81' lang='lat' dir='ltr'>scrophulofis</span> <span class='ocrx_word' id='word_1_171' title='bbox 1300 2698 1482 2779; x_wconf 85' lang='lat' dir='ltr'>materies</span> <span class='ocrx_word' id='word_1_172' title='bbox 1503 2693 1597 2780; x_wconf 71' lang='lat' dir='ltr'>vere</span> <span class='ocrx_word' id='word_1_173' title='bbox 1624 2695 1763 2810; x_wconf 80' lang='lat' dir='ltr'>gypsea</span> <span class='ocrx_word' id='word_1_174' title='bbox 1786 2716 1907 2800; x_wconf 89' lang='lat' dir='ltr'>atque</span> 
     </span>
     <span class='ocr_line' id='line_1_22' title="bbox 468 2802 1906 2924; baseline 0.002 -38"><span class='ocrx_word' id='word_1_175' title='bbox 468 2827 651 2886; x_wconf 87' lang='lat' dir='ltr'>cretacea</span> <span class='ocrx_word' id='word_1_176' title='bbox 670 2802 918 2896; x_wconf 88' lang='lat' dir='ltr'>calculorum</span> <span class='ocrx_word' id='word_1_177' title='bbox 942 2809 1125 2904; x_wconf 85' lang='lat' dir='ltr'>duritiem</span> <span class='ocrx_word' id='word_1_178' title='bbox 1147 2807 1361 2892; x_wconf 77' lang='lat' dir='ltr'>aemuletur.</span> <span class='ocrx_word' id='word_1_179' title='bbox 1383 2810 1430 2891; x_wconf 90' lang='lat' dir='ltr'>In</span> <span class='ocrx_word' id='word_1_180' title='bbox 1452 2807 1677 2924; x_wconf 87' lang='lat' dir='ltr'>herpetibus</span> <span class='ocrx_word' id='word_1_181' title='bbox 1697 2810 1801 2892; x_wconf 91' lang='lat' dir='ltr'>enim</span> <span class='ocrx_word' id='word_1_182' title='bbox 1821 2833 1906 2889; x_wconf 93' lang='lat' dir='ltr'>non</span> 
     </span>
     <span class='ocr_line' id='line_1_23' title="bbox 468 2913 1907 3033; baseline 0.002 -37"><span class='ocrx_word' id='word_1_183' title='bbox 468 2913 619 3018; x_wconf 91' lang='lat' dir='ltr'>serum,</span> <span class='ocrx_word' id='word_1_184' title='bbox 648 2945 730 2998; x_wconf 89' lang='lat' dir='ltr'>non</span> <span class='ocrx_word' id='word_1_185' title='bbox 753 2915 842 3001; x_wconf 92' lang='lat' dir='ltr'>bilis</span> <span class='ocrx_word' id='word_1_186' title='bbox 868 2947 937 3033; x_wconf 89' lang='lat' dir='ltr'>per</span> <span class='ocrx_word' id='word_1_187' title='bbox 960 2924 1027 3028; x_wconf 90' lang='lat' dir='ltr'>se,</span> <span class='ocrx_word' id='word_1_188' title='bbox 1053 2951 1277 3032; x_wconf 85' lang='lat' dir='ltr'>quanquam</span> <span class='ocrx_word' id='word_1_189' title='bbox 1302 2921 1415 3007; x_wconf 87' lang='lat' dir='ltr'>aliter</span> <span class='ocrx_word' id='word_1_190' title='bbox 1436 2922 1621 3007; x_wconf 86' lang='lat' dir='ltr'>senserint</span> <span class='ocrx_word' id='word_1_191' title='bbox 1641 2924 1789 3032; x_wconf 90' lang='lat' dir='ltr'>antiqui</span> <span class='ocrx_word' id='word_1_192' title='bbox 1810 2948 1907 3032; x_wconf 85' lang='lat' dir='ltr'>prar-</span> 
     </span>
     <span class='ocr_line' id='line_1_24' title="bbox 470 3030 1909 3149; baseline 0.003 -39"><span class='ocrx_word' id='word_1_193' title='bbox 470 3053 654 3140; x_wconf 84' lang='lat' dir='ltr'>ceptores</span> <span class='ocrx_word' id='word_1_194' title='bbox 670 3031 810 3136; x_wconf 89' lang='lat' dir='ltr'>nostri,</span> <span class='ocrx_word' id='word_1_195' title='bbox 833 3030 941 3116; x_wconf 89' lang='lat' dir='ltr'>luem</span> <span class='ocrx_word' id='word_1_196' title='bbox 961 3037 1161 3149; x_wconf 90' lang='lat' dir='ltr'>accipiunt</span> <span class='ocrx_word' id='word_1_197' title='bbox 1169 3097 1182 3139; x_wconf 94' lang='lat'>,</span> <span class='ocrx_word' id='word_1_198' title='bbox 1204 3034 1271 3118; x_wconf 89' lang='lat' dir='ltr'>sed</span> <span class='ocrx_word' id='word_1_199' title='bbox 1291 3064 1432 3118; x_wconf 92' lang='lat' dir='ltr'>mucor</span> <span class='ocrx_word' id='word_1_200' title='bbox 1446 3033 1516 3120; x_wconf 90' lang='lat' dir='ltr'>ille</span> <span class='ocrx_word' id='word_1_201' title='bbox 1539 3040 1606 3146; x_wconf 91' lang='lat' dir='ltr'>qui</span> <span class='ocrx_word' id='word_1_202' title='bbox 1629 3033 1787 3149; x_wconf 75' lang='lat' dir='ltr'>proprie</span> <span class='ocrx_word' id='word_1_203' title='bbox 1807 3033 1909 3142; x_wconf 83' lang='lat' dir='ltr'>lym-</span> 
     </span>
    </p>
   </div>
   <div class='ocr_carea' id='block_1_3' title="bbox 469 3141 1905 3346">
    <p class='ocr_par' dir='ltr' id='par_1_5' title="bbox 469 3141 1905 3346">
     <span class='ocr_line' id='line_1_25' title="bbox 469 3141 1905 3346; baseline 0.004 -125"><span class='ocrx_word' id='word_1_204' title='bbox 469 3141 591 3258; x_wconf 87' lang='lat' dir='ltr'>pham</span> <span class='ocrx_word' id='word_1_205' title='bbox 603 3143 827 3247; x_wconf 87' lang='lat' dir='ltr'>constituit,</span> <span class='ocrx_word' id='word_1_206' title='bbox 849 3145 954 3230; x_wconf 69' lang='lat' dir='ltr'>unde</span> <span class='ocrx_word' id='word_1_207' title='bbox 969 3146 1161 3263; x_wconf 76' lang='lat' dir='ltr'>praecipub</span> <span class='ocrx_word' id='word_1_208' title='bbox 1179 3145 1382 3260; x_wconf 84' lang='lat' dir='ltr'>glandulas</span> <span class='ocrx_word' id='word_1_209' title='bbox 1397 3145 1565 3346; x_wconf 72' lang='lat' dir='ltr'>lymphae</span> <span class='ocrx_word' id='word_1_210' title='bbox 1581 3144 1905 3252; x_wconf 74' lang='lat' dir='ltr'>transmittenda,</span> 
     </span>
    </p>
   </div>
   <div class='ocr_carea' id='block_1_4' title="bbox 327 3253 1918 5058">
    <p class='ocr_par' dir='ltr' id='par_1_6' title="bbox 327 3253 1912 4164">
     <span class='ocr_line' id='line_1_26' title="bbox 469 3253 1910 3368; baseline 0.003 -32"><span class='ocrx_word' id='word_1_211' title='bbox 469 3277 539 3338; x_wconf 91' lang='lat' dir='ltr'>aut</span> <span class='ocrx_word' id='word_1_212' title='bbox 558 3253 800 3338; x_wconf 88' lang='lat' dir='ltr'>secernendo</span> <span class='ocrx_word' id='word_1_213' title='bbox 825 3265 983 3343; x_wconf 89' lang='lat' dir='ltr'>mucori</span> <span class='ocrx_word' id='word_1_214' title='bbox 1001 3259 1204 3345; x_wconf 88' lang='lat' dir='ltr'>destinatas</span> <span class='ocrx_word' id='word_1_215' title='bbox 1224 3258 1373 3368; x_wconf 86' lang='lat' dir='ltr'>malum</span> <span class='ocrx_word' id='word_1_216' title='bbox 1393 3259 1464 3346; x_wconf 92' lang='lat' dir='ltr'>illu</span> <span class='ocrx_word' id='word_1_217' title='bbox 1513 3291 1616 3347; x_wconf 91' lang='lat' dir='ltr'>occu</span> <span class='ocrx_word' id='word_1_218' title='bbox 1647 3289 1709 3368; x_wconf 92' lang='lat' dir='ltr'>at,</span> <span class='ocrx_word' id='word_1_219' title='bbox 1731 3259 1910 3345; x_wconf 89' lang='lat' dir='ltr'>abdomi-</span> 
     </span>
     <span class='ocr_line' id='line_1_27' title="bbox 469 3291 1909 3491; baseline 0.007 -45"><span class='ocrx_word' id='word_1_220' title='bbox 469 3362 601 3472; x_wconf 82' lang='lat' dir='ltr'>nales,</span> <span class='ocrx_word' id='word_1_221' title='bbox 619 3368 838 3482; x_wconf 90' lang='lat' dir='ltr'>inguinales</span> <span class='ocrx_word' id='word_1_222' title='bbox 846 3374 1097 3477; x_wconf 73' lang='lat' dir='ltr'>,thoracicas</span> <span class='ocrx_word' id='word_1_223' title='bbox 1104 3435 1119 3481; x_wconf 94' lang='lat'>,</span> <span class='ocrx_word' id='word_1_224' title='bbox 1138 3376 1221 3458; x_wconf 87' lang='lat' dir='ltr'>imb</span> <span class='ocrx_word' id='word_1_225' title='bbox 1235 3383 1277 3458; x_wconf 78' lang='grc' dir='ltr'>δι</span> <span class='ocrx_word' id='word_1_226' title='bbox 1292 3378 1502 3491; x_wconf 83' lang='lat' dir='ltr'>praeprimis</span> <span class='ocrx_word' id='word_1_227' title='bbox 1517 3291 1786 3460; x_wconf 77' lang='lat' dir='ltr'>membranam</span> <span class='ocrx_word' id='word_1_228' title='bbox 1798 3373 1909 3460; x_wconf 89' lang='lat' dir='ltr'>illam</span> 
     </span>
     <span class='ocr_line' id='line_1_28' title="bbox 327 3479 1908 3606; baseline 0.004 -45"><span class='ocrx_word' id='word_1_229' title='bbox 327 3507 332 3512; x_wconf 91' lang='lat'>·</span> <span class='ocrx_word' id='word_1_230' title='bbox 470 3479 705 3564; x_wconf 84' lang='lat' dir='ltr'>Schneideri</span> <span class='ocrx_word' id='word_1_231' title='bbox 730 3510 813 3591; x_wconf 83' lang='lat' dir='ltr'>quae</span> <span class='ocrx_word' id='word_1_232' title='bbox 837 3513 950 3570; x_wconf 91' lang='lat' dir='ltr'>nares</span> <span class='ocrx_word' id='word_1_233' title='bbox 969 3511 1086 3598; x_wconf 88' lang='lat' dir='ltr'>atque</span> <span class='ocrx_word' id='word_1_234' title='bbox 1111 3485 1285 3600; x_wconf 89' lang='lat' dir='ltr'>palatum</span> <span class='ocrx_word' id='word_1_235' title='bbox 1308 3491 1591 3597; x_wconf 85' lang='lat' dir='ltr'>circumvestit,</span> <span class='ocrx_word' id='word_1_236' title='bbox 1617 3487 1724 3574; x_wconf 71' lang='lat' dir='ltr'>unde</span> <span class='ocrx_word' id='word_1_237' title='bbox 1745 3487 1843 3606; x_wconf 75' lang='lat' dir='ltr'>sapb</span> <span class='ocrx_word' id='word_1_238' title='bbox 1859 3483 1908 3568; x_wconf 88' lang='lat' dir='ltr'>ab</span> 
     </span>
     <span class='ocr_line' id='line_1_29' title="bbox 468 3589 1910 3712; baseline 0.005 -35"><span class='ocrx_word' id='word_1_239' title='bbox 468 3589 697 3706; x_wconf 91' lang='lat' dir='ltr'>herpetibus</span> <span class='ocrx_word' id='word_1_240' title='bbox 713 3596 887 3709; x_wconf 89' lang='lat' dir='ltr'>pendent</span> <span class='ocrx_word' id='word_1_241' title='bbox 909 3627 1056 3712; x_wconf 87' lang='lat' dir='ltr'>coryza</span> <span class='ocrx_word' id='word_1_242' title='bbox 1070 3598 1302 3708; x_wconf 78' lang='lat' dir='ltr'>habitualis,</span> <span class='ocrx_word' id='word_1_243' title='bbox 1327 3599 1570 3688; x_wconf 77' lang='lat' dir='ltr'>tonsillarum</span> <span class='ocrx_word' id='word_1_244' title='bbox 1594 3603 1771 3710; x_wconf 89' lang='lat' dir='ltr'>inflatio,</span> <span class='ocrx_word' id='word_1_245' title='bbox 1792 3602 1910 3686; x_wconf 90' lang='lat' dir='ltr'>vocis</span> 
     </span>
     <span class='ocr_line' id='line_1_30' title="bbox 470 3706 1912 3832; baseline 0.006 -42"><span class='ocrx_word' id='word_1_246' title='bbox 470 3706 704 3790; x_wconf 85' lang='lat' dir='ltr'>omnimoda</span> <span class='ocrx_word' id='word_1_247' title='bbox 730 3706 939 3818; x_wconf 89' lang='lat' dir='ltr'>alteratio,</span> <span class='ocrx_word' id='word_1_248' title='bbox 966 3715 1117 3798; x_wconf 89' lang='lat' dir='ltr'>narium</span> <span class='ocrx_word' id='word_1_249' title='bbox 1142 3713 1314 3821; x_wconf 88' lang='lat' dir='ltr'>inflatio,</span> <span class='ocrx_word' id='word_1_250' title='bbox 1337 3741 1469 3832; x_wconf 87' lang='lat' dir='ltr'>turpes</span> <span class='ocrx_word' id='word_1_251' title='bbox 1493 3719 1699 3822; x_wconf 88' lang='lat' dir='ltr'>maturini,</span> <span class='ocrx_word' id='word_1_252' title='bbox 1722 3715 1912 3828; x_wconf 86' lang='lat' dir='ltr'>acresque</span> 
     </span>
     <span class='ocr_line' id='line_1_31' title="bbox 469 3814 1910 3945; baseline 0.006 -43"><span class='ocrx_word' id='word_1_253' title='bbox 469 3814 671 3925; x_wconf 86' lang='lat' dir='ltr'>screatus,</span> <span class='ocrx_word' id='word_1_254' title='bbox 699 3818 795 3935; x_wconf 63' lang='lat' dir='ltr'>steps</span> <span class='ocrx_word' id='word_1_255' title='bbox 814 3825 908 3936; x_wconf 90' lang='lat' dir='ltr'>post</span> <span class='ocrx_word' id='word_1_256' title='bbox 932 3823 1055 3938; x_wconf 87' lang='lat' dir='ltr'>longa</span> <span class='ocrx_word' id='word_1_257' title='bbox 1080 3829 1270 3942; x_wconf 87' lang='lat' dir='ltr'>temporis</span> <span class='ocrx_word' id='word_1_258' title='bbox 1300 3829 1420 3944; x_wconf 88' lang='lat' dir='ltr'>spatia</span> <span class='ocrx_word' id='word_1_259' title='bbox 1448 3830 1632 3945; x_wconf 76' lang='lat' dir='ltr'>phthisim</span> <span class='ocrx_word' id='word_1_260' title='bbox 1663 3827 1910 3914; x_wconf 88' lang='lat' dir='ltr'>inducentes.</span> 
     </span>
     <span class='ocr_line' id='line_1_32' title="bbox 468 3928 1912 4056; baseline 0.007 -40"><span class='ocrx_word' id='word_1_261' title='bbox 468 3928 619 4016; x_wconf 89' lang='lat' dir='ltr'>Nullus</span> <span class='ocrx_word' id='word_1_262' title='bbox 644 3932 699 4014; x_wconf 89' lang='lat' dir='ltr'>est</span> <span class='ocrx_word' id='word_1_263' title='bbox 722 3930 743 4014; x_wconf 86' lang='grc' dir='ltr'>ὲ</span> <span class='ocrx_word' id='word_1_264' title='bbox 762 3933 935 4021; x_wconf 82' lang='lat' dir='ltr'>Medicis</span> <span class='ocrx_word' id='word_1_265' title='bbox 959 3940 1187 4048; x_wconf 85' lang='lat' dir='ltr'>quifrnrilia</span> <span class='ocrx_word' id='word_1_266' title='bbox 1206 3969 1289 4025; x_wconf 91' lang='lat' dir='ltr'>non</span> <span class='ocrx_word' id='word_1_267' title='bbox 1306 3944 1460 4028; x_wconf 88' lang='lat' dir='ltr'>viderit.</span> <span class='ocrx_word' id='word_1_268' title='bbox 1487 3945 1609 4030; x_wconf 87' lang='lat' dir='ltr'>Nunc</span> <span class='ocrx_word' id='word_1_269' title='bbox 1631 3942 1681 4027; x_wconf 89' lang='lat' dir='ltr'>ad</span> <span class='ocrx_word' id='word_1_270' title='bbox 1700 3939 1912 4056; x_wconf 85' lang='lat' dir='ltr'>smgularia</span> 
     </span>
     <span class='ocr_line' id='line_1_33' title="bbox 466 4045 1361 4164; baseline 0.017 -39"><span class='ocrx_word' id='word_1_271' title='bbox 466 4045 616 4156; x_wconf 88' lang='lat' dir='ltr'>cuique</span> <span class='ocrx_word' id='word_1_272' title='bbox 634 4046 787 4162; x_wconf 77' lang='lat' dir='ltr'>hesperi</span> <span class='ocrx_word' id='word_1_273' title='bbox 802 4053 959 4164; x_wconf 88' lang='lat' dir='ltr'>propria</span> <span class='ocrx_word' id='word_1_274' title='bbox 973 4051 1075 4136; x_wconf 93' lang='lat' dir='ltr'>ordo</span> <span class='ocrx_word' id='word_1_275' title='bbox 1097 4082 1170 4136; x_wconf 91' lang='lat' dir='ltr'>nos</span> <span class='ocrx_word' id='word_1_276' title='bbox 1189 4051 1361 4141; x_wconf 90' lang='lat' dir='ltr'>devehit.</span> 
     </span>
    </p>

    <p class='ocr_par' dir='ltr' id='par_1_7' title="bbox 461 4153 1918 4848">
     <span class='ocr_line' id='line_1_34' title="bbox 527 4153 1915 4285; baseline 0.009 -46"><span class='ocrx_word' id='word_1_277' title='bbox 527 4153 685 4270; x_wconf 87' lang='lat' dir='ltr'>Herpes</span> <span class='ocrx_word' id='word_1_278' title='bbox 707 4157 889 4270; x_wconf 74' lang='lat' dir='ltr'>miliaria,</span> <span class='ocrx_word' id='word_1_279' title='bbox 919 4165 1070 4248; x_wconf 79' lang='lat' dir='ltr'>Gracia</span> <span class='ocrx_word' id='word_1_280' title='bbox 1094 4197 1158 4263; x_wconf 77' lang='lat' dir='ltr'>my</span> <span class='ocrx_word' id='word_1_281' title='bbox 1202 4165 1310 4274; x_wconf 49' lang='lat' dir='ltr'>psas,</span> <span class='ocrx_word' id='word_1_282' title='bbox 1339 4169 1496 4285; x_wconf 71' lang='lat' dir='ltr'>proprie</span> <span class='ocrx_word' id='word_1_283' title='bbox 1513 4169 1653 4285; x_wconf 89' lang='lat' dir='ltr'>papula</span> <span class='ocrx_word' id='word_1_284' title='bbox 1670 4166 1773 4255; x_wconf 85' lang='lat' dir='ltr'>Celsi</span> <span class='ocrx_word' id='word_1_285' title='bbox 1788 4193 1915 4279; x_wconf 84' lang='lat' dir='ltr'>atque</span> 
     </span>
     <span class='ocr_line' id='line_1_35' title="bbox 470 4194 1914 4471; baseline 0.006 -113"><span class='ocrx_word' id='word_1_286' title='bbox 470 4261 675 4398; x_wconf 78' lang='lat' dir='ltr'>Fernelii,</span> <span class='ocrx_word' id='word_1_287' title='bbox 701 4274 803 4358; x_wconf 91' lang='lat' dir='ltr'>inter</span> <span class='ocrx_word' id='word_1_288' title='bbox 827 4275 939 4471; x_wconf 74' lang='lat' dir='ltr'>ignes</span> <span class='ocrx_word' id='word_1_289' title='bbox 959 4276 1092 4364; x_wconf 89' lang='lat' dir='ltr'>sacros</span> <span class='ocrx_word' id='word_1_290' title='bbox 1116 4194 1222 4365; x_wconf 72' lang='lat' dir='ltr'>Cels</span> <span class='ocrx_word' id='word_1_291' title='bbox 1248 4279 1506 4367; x_wconf 88' lang='lat' dir='ltr'>recensendus</span> <span class='ocrx_word' id='word_1_292' title='bbox 1530 4311 1648 4396; x_wconf 91' lang='lat' dir='ltr'>quem</span> <span class='ocrx_word' id='word_1_293' title='bbox 1673 4281 1808 4368; x_wconf 86' lang='lat' dir='ltr'>&amp;sub</span> <span class='ocrx_word' id='word_1_294' title='bbox 1833 4311 1914 4366; x_wconf 88' lang='lat' dir='ltr'>no-</span> 
     </span>
     <span class='ocr_line' id='line_1_36' title="bbox 469 4381 1916 4511; baseline 0.01 -49"><span class='ocrx_word' id='word_1_295' title='bbox 469 4406 578 4511; x_wconf 78' lang='lat' dir='ltr'>mine</span> <span class='ocrx_word' id='word_1_296' title='bbox 606 4381 647 4468; x_wconf 90' lang='lat' dir='ltr'><em>Z</em></span> <span class='ocrx_word' id='word_1_297' title='bbox 651 4411 735 4466; x_wconf 85' lang='lat' dir='ltr'>onoe</span> <span class='ocrx_word' id='word_1_298' title='bbox 763 4386 851 4471; x_wconf 89' lang='lat' dir='ltr'>Scri</span> <span class='ocrx_word' id='word_1_299' title='bbox 880 4393 994 4476; x_wconf 91' lang='lat' dir='ltr'>onius</span> <span class='ocrx_word' id='word_1_300' title='bbox 1020 4397 1084 4496; x_wconf 88' lang='lat' dir='ltr'>(o)</span> <span class='ocrx_word' id='word_1_301' title='bbox 1113 4390 1299 4479; x_wconf 88' lang='lat' dir='ltr'>describit</span> <span class='ocrx_word' id='word_1_302' title='bbox 1324 4392 1539 4480; x_wconf 76' lang='lat' dir='ltr'>&amp;Plinius</span> <span class='ocrx_word' id='word_1_303' title='bbox 1560 4395 1739 4503; x_wconf 88' lang='lat' dir='ltr'>indicat,</span> <span class='ocrx_word' id='word_1_304' title='bbox 1770 4421 1916 4480; x_wconf 85' lang='lat' dir='ltr'>acutos</span> 
     </span>
     <span class='ocr_line' id='line_1_37' title="bbox 461 4497 1915 4626; baseline 0.011 -50"><span class='ocrx_word' id='word_1_305' title='bbox 461 4497 664 4626; x_wconf 70' lang='lat' dir='ltr'>putabam</span> <span class='ocrx_word' id='word_1_306' title='bbox 689 4499 890 4584; x_wconf 76' lang='lat' dir='ltr'>invasione</span> <span class='ocrx_word' id='word_1_307' title='bbox 908 4500 1074 4589; x_wconf 90' lang='lat' dir='ltr'>morbos</span> <span class='ocrx_word' id='word_1_308' title='bbox 1097 4507 1298 4614; x_wconf 74' lang='lat' dir='ltr'>inritatur,</span> <span class='ocrx_word' id='word_1_309' title='bbox 1324 4505 1440 4617; x_wconf 77' lang='lat' dir='ltr'>quhm</span> <span class='ocrx_word' id='word_1_310' title='bbox 1464 4505 1533 4590; x_wconf 93' lang='lat' dir='ltr'>lon</span> <span class='ocrx_word' id='word_1_311' title='bbox 1565 4538 1623 4594; x_wconf 86' lang='lat' dir='ltr'>os.</span> <span class='ocrx_word' id='word_1_312' title='bbox 1654 4506 1915 4594; x_wconf 87' lang='lat' dir='ltr'>Cruciatibus</span> 
     </span>
     <span class='ocr_line' id='line_1_38' title="bbox 463 4539 1917 4730; baseline 0.012 -41"><span class='ocrx_word' id='word_1_313' title='bbox 463 4628 578 4689; x_wconf 82' lang='lat' dir='ltr'>emm</span> <span class='ocrx_word' id='word_1_314' title='bbox 599 4606 913 4698; x_wconf 86' lang='lat' dir='ltr'>intolerabilibus</span> <span class='ocrx_word' id='word_1_315' title='bbox 938 4615 1114 4704; x_wconf 87' lang='lat' dir='ltr'>adoritur</span> <span class='ocrx_word' id='word_1_316' title='bbox 1133 4643 1209 4706; x_wconf 87' lang='lat' dir='ltr'>nec</span> <span class='ocrx_word' id='word_1_317' title='bbox 1233 4647 1259 4702; x_wconf 93' lang='lat' dir='ltr'>o</span> <span class='ocrx_word' id='word_1_318' title='bbox 1288 4621 1374 4704; x_wconf 90' lang='lat' dir='ltr'>inos</span> <span class='ocrx_word' id='word_1_319' title='bbox 1386 4682 1400 4728; x_wconf 96' lang='lat'>,</span> <span class='ocrx_word' id='word_1_320' title='bbox 1426 4622 1505 4703; x_wconf 82' lang='lat' dir='ltr'>stne</span> <span class='ocrx_word' id='word_1_321' title='bbox 1527 4539 1638 4707; x_wconf 64' lang='lat' dir='ltr'>siebre</span> <span class='ocrx_word' id='word_1_322' title='bbox 1660 4647 1819 4730; x_wconf 89' lang='lat' dir='ltr'>tamen,</span> <span class='ocrx_word' id='word_1_323' title='bbox 1843 4649 1917 4706; x_wconf 89' lang='lat' dir='ltr'>aut</span> 
     </span>
     <span class='ocr_line' id='line_1_39' title="bbox 466 4649 1918 4848; baseline 0.014 -50"><span class='ocrx_word' id='word_1_324' title='bbox 466 4713 594 4838; x_wconf 80' lang='lat' dir='ltr'>paucrl</span> <span class='ocrx_word' id='word_1_325' title='bbox 614 4724 655 4804; x_wconf 76' lang='lat' dir='ltr'>bt</span> <span class='ocrx_word' id='word_1_326' title='bbox 669 4725 737 4804; x_wconf 83' lang='lat' dir='ltr'>vix</span> <span class='ocrx_word' id='word_1_327' title='bbox 754 4726 1007 4814; x_wconf 70' lang='lat' dir='ltr'>memorandas</span> <span class='ocrx_word' id='word_1_328' title='bbox 1021 4731 1173 4848; x_wconf 72' lang='lat' dir='ltr'>pravis.</span> <span class='ocrx_word' id='word_1_329' title='bbox 1192 4649 1335 4818; x_wconf 77' lang='lat' dir='ltr'>vescae</span> <span class='ocrx_word' id='word_1_330' title='bbox 1351 4757 1533 4846; x_wconf 82' lang='lat' dir='ltr'>tanquam</span> <span class='ocrx_word' id='word_1_331' title='bbox 1548 4733 1570 4821; x_wconf 73' lang='lat' dir='ltr'>l</span> <span class='ocrx_word' id='word_1_332' title='bbox 1585 4735 1683 4840; x_wconf 84' lang='lat' dir='ltr'>loco</span> <span class='ocrx_word' id='word_1_333' title='bbox 1701 4733 1918 4822; x_wconf 88' lang='lat' dir='ltr'>combusto</span> 
     </span>
    </p>

    <p class='ocr_par' dir='ltr' id='par_1_8' title="bbox 500 4847 888 4940">
     <span class='ocr_line' id='line_1_40' title="bbox 500 4847 888 4940; baseline 0.013 -28"><span class='ocrx_word' id='word_1_334' title='bbox 500 4851 569 4938; x_wconf 67' lang='grc' dir='ltr'>μ)</span> <span class='ocrx_word' id='word_1_335' title='bbox 592 4847 694 4937; x_wconf 84' lang='lat' dir='ltr'>Comp.</span> <span class='ocrx_word' id='word_1_336' title='bbox 717 4857 888 4940; x_wconf 77' lang='lat' dir='ltr'>⁶3‚1r&#39;b.3.</span> 
     </span>
    </p>

    <p class='ocr_par' dir='ltr' id='par_1_9' title="bbox 1734 4971 1918 5058">
     <span class='ocr_line' id='line_1_41' title="bbox 1734 4971 1918 5058; baseline -0.022 -22"><span class='ocrx_word' id='word_1_337' title='bbox 1734 4971 1918 5058; x_wconf 87' lang='lat' dir='ltr'>exeunt,</span> 
     </span>
    </p>
   </div>
   <div class='ocr_carea' id='block_1_5' title="bbox 0 0 2097 5908">
    <p class='ocr_par' dir='ltr' id='par_1_10' title="bbox 0 0 2097 5908">
     <span class='ocr_line' id='line_1_42' title="bbox 0 0 2097 5908; baseline 0 0"><span class='ocrx_word' id='word_1_338' title='bbox 0 0 2097 5908; x_wconf 95' lang='lat' dir='ltr'> </span> 
     </span>
    </p>
   </div>
  </div>
 </body>
</html>
