4696 5894
617 401 702 478 nt
875 363 879 370 ’
1068 363 1598 456 annonam

622 563 707 644 quae
729 529 934 618 nascantur
958 533 1155 639 tormina,
1177 557 1224 616 ea
1248 533 1374 618 statim
1400 529 1577 616 diluente
1583 590 1599 637 ,
1620 526 1754 614 calido
1759 589 1775 636 ,
1802 523 2066 612 demulcente

621 671 721 760 potu
743 645 940 738 retundes.

680 757 830 842 Verirm
847 785 901 846 ea
922 786 1005 842 non
1027 755 1211 844 omnibus
1232 757 1341 868 arque
1360 757 1616 842 conveniunt.
1644 753 1753 839 Inter
1770 757 1957 871 potiones
1982 781 2064 868 op-

624 869 722 956 time
748 878 790 961 dt
809 898 858 954 ex
881 895 962 958 arte
985 873 1083 958 mihi
1100 869 1262 956 felicem
1281 867 1499 955 successum
1517 865 1663 954 dedere
1685 867 1840 982 ptisana
1865 895 1916 953 ex
1938 864 2065 948 sudo·

626 981 751 1077 riseris
770 981 887 1072 srmul
905 1009 1022 1095 atque
1043 981 1296 1098 purgantibus
1322 981 1522 1088 conflatae,
1542 1010 1627 1090 que
1643 981 1831 1068 humores
1848 975 1962 1066 simul
1979 976 2064 1062 sol-

627 1121 755 1201 vunt,
781 1121 966 1204 tenuant,
993 1101 1148 1204 urinas,
1168 1095 1301 1182 alvum
1325 1119 1514 1199 movent,
1537 1100 1579 1180 dt
1599 1093 1922 1208 perspirationem
1937 1093 2064 1176 etiam

627 1209 724 1314 iusto
747 1232 928 1322 tempore
949 1209 1131 1296 exhibitae
1158 1233 1409 1324 promovent.
1444 1204 1557 1294 Talis
1578 1209 1631 1290 est
1652 1237 1735 1317 quae
1759 1209 1801 1292 in
1819 1206 2063 1290 Pharmacu-

484 1391 488 1400 .
627 1315 708 1433 paeai
735 1317 931 1407 Parisrensr
961 1321 1122 1424 titulum
1179 1323 1305 1408 tisanae
1336 1319 1557 1406 sudoriferae
1585 1321 1784 1434 purgantis
1807 1316 1991 1434 prefert,
2020 1325 2063 1402 dt

658 1433 825 1541 uaiaco,
848 1433 1103 1549 sarsaparilli,
1124 1355 1249 1522 cllinae
1268 1434 1426 1540 radice,
1443 1435 1664 1519 antimonio
1686 1431 1813 1518 crudo
1833 1434 2034 1517 conflatur
2045 1491 2062 1538 ,

628 1461 828 1657 lenisque
839 1607 853 1652 ‚
884 1551 1117 1664 epithymo,
1148 1574 1266 1658 atque
1287 1546 1416 1632 salinis
1442 1547 1604 1636 constat.
1632 1545 1752 1632 Hanc
1784 1549 1840 1628 ita
1866 1541 2062 1649 exhibui,

625 1663 676 1752 ‘ut
694 1655 851 1747 alternis
873 1659 1035 1769 diebus,
1059 1691 1139 1746 una
1165 1660 1340 1747 remedio
1364 1684 1509 1768 vacet,
1532 1655 1654 1748 altera
1675 1686 1727 1744 eo
1752 1659 1990 1764 insumatur,
2017 1662 2060 1742 δι

628 1767 774 1883 pluries
798 1770 881 1879 ejus,
908 1774 1035 1860 dostm
1055 1803 1175 1860 unam
1196 1773 1375 1887 vespere,
1398 1797 1443 1858 ut
1464 1774 1567 1860 intrai
1586 1771 1813 1885 sanguinem
1833 1769 1996 1876 subeat,
2015 1775 2059 1856 dt

628 1883 819 1970 nocturne
832 1883 1030 1974 laxatione
1046 1885 1159 1972 altihs
1175 1886 1419 1991 intrudatur,
1435 1882 1575 1990 altera,
1591 1881 1657 1970 vel
1669 1882 1815 2000 duplex
1829 1883 1956 1990 dosrs,
1975 1883 2061 1996 poll

454 2043 462 2054 ·
627 2025 769 2102 unam,
785 2022 852 2088 aut
866 1996 1028 2086 alteram
1046 1998 1093 2083 ab
1109 1997 1364 2112 evigilatione
1379 2001 1519 2082 horam
1532 1995 1742 2111 praebetur,
1756 2023 1804 2080 ut
1817 2023 2058 2082 evacuentur

627 2104 768 2192 soluta.
784 2107 886 2218 Quat
896 2113 993 2196 verb
1003 2109 1117 2197 diesis
1129 2111 1306 2196 remedio
1314 2137 1431 2196 vacat
1435 2172 1450 2217 ,
1465 2109 1730 2196 demulcendo
1740 2109 2060 2220 atquediluendo

629 2222 861 2338 transigitur.
896 2221 996 2310 Haec
1023 2223 1265 2330 methodus,
1293 2251 1370 2308 nec
1398 2227 1500 2308 vires
1528 2226 1733 2327 exhaurit,
1763 2249 1840 2308 nec
1869 2219 2056 2336 angoren'r

629 2333 815 2422 intestinis
839 2332 968 2421 ullum
990 2336 1134 2450 prabet
1141 2399 1155 2445 ,
1182 2366 1251 2452 per
1273 2339 1432 2450 triginta
1454 2336 1607 2420 dierum
1628 2337 1792 2448 spatium
1812 2339 1938 2450 potest
1961 2365 2058 2420 con-

628 2449 772 2533 tinuari
782 2511 798 2553 ,
819 2447 899 2538 stne
920 2446 1006 2536 ullo
1027 2449 1229 2561 periculo,
1261 2449 1355 2534 dnm
1374 2449 1519 2564 topicis
1538 2447 1686 2535 inserti
1706 2447 1889 2533 remediis
1911 2447 2060 2532 malum

629 2557 874 2648 debellamus
888 2561 1115 2650 efficaciter.
1127 2561 1276 2649 Nullos
1287 2561 1361 2648 hale
1372 2562 1566 2647 methodo
1578 2565 1731 2646 sanatos
1738 2623 1752 2665 ,
1766 2588 1832 2646 aut
1842 2563 2032 2646 recidivas
2039 2623 2059 2668 ,

629 2698 697 2769 aut
717 2671 824 2762 aliud
844 2673 994 2764 malurn
1017 2701 1201 2792 expertos
1226 2677 1322 2760 novi
1341 2708 1354 2775 3
1377 2675 1501 2760 modo
1524 2701 1657 2762 tamen
1678 2671 1813 2782 malo,
1833 2700 1879 2758 ut
1902 2675 2064 2760 videtur

628 2786 799 2872 evanido
806 2847 820 2891 ,
836 2786 1097 2898 omnibusque
1106 2789 1225 2894 sanis,
1239 2819 1321 2874 non
1336 2791 1390 2872 ita
1400 2788 1648 2874 confidamus
1658 2783 1841 2872 adhibitis
1855 2787 2035 2872 remediis
2041 2847 2063 2892 ,

628 2921 673 2984 ut
691 2903 848 3012 prorshs
871 2897 1102 3006 abjiciantur
1121 2901 1282 2988 cautelae
1304 2927 1456 2986 onmes.
1484 2899 1567 3012 Diu
1592 2901 1729 2986 iisdem
1747 2899 1928 2984 remediis
1953 2901 2063 2984 infis-

628 3009 793 3096 tendum
803 3037 924 3122 atque
937 3014 1286 3126 perseverandum,
1301 3021 1343 3100 dt
1356 3011 1426 3098 ubi
1438 3011 1486 3098 ab
1500 3016 1547 3100 iis
1556 3015 1768 3120 cessamus,
1781 3010 1912 3127 longis
1928 3013 2063 3100 adhuc

626 3126 829 3320 preceptis
848 3125 1013 3210 medicis
1032 3155 1132 3241 ager
1152 3126 1444 3241 prosequendus
1462 3129 1527 3211 est.

684 3235 731 3324 Si
775 3263 799 3324 e
816 3239 1094 3351 profligatione
1115 3241 1414 3336 venenitineosr
1430 3244 1529 3324 certi
1547 3237 1846 3326 demonstrative
1868 3237 2062 3348 essemus,

625 3349 672 3430 in
685 3377 789 3461 agro
804 3347 985 3456 valente,
1008 3359 1050 3436 dt
1069 3353 1175 3438 smmi
1192 3355 1398 3466 corporis,
1416 3349 1561 3460 juniori
1577 3355 1788 3468 prasertim
1802 3377 1915 3438 arare
1923 3415 1941 3459 ,
1961 3353 2062 3436 nihil

627 3457 772 3552 melius
784 3461 889 3548 soret
900 3465 950 3550 sd
964 3470 1107 3550 veneni
1122 3465 1304 3576 reliquias
1320 3465 1560 3550 edomandas
1575 3476 1617 3552 dt
1628 3463 1930 3570 exhauriendas,
1950 3465 2064 3550 dlaetd

630 3569 784 3679 hess,
804 3581 847 3662 dt
865 3582 979 3664 omni
995 3577 1152 3665 lanium
1177 3577 1279 3663 bene
1304 3581 1603 3682 constitutorum
1626 3577 1710 3663 usu.
1733 3579 1779 3662 Si
1799 3578 1897 3662 verb
1913 3577 1968 3662 de
1987 3577 2068 3662 hic

631 3683 741 3770 diaeta
759 3691 908 3798 antiqui
928 3719 979 3776 ne
992 3691 1160 3776 verbum
1175 3691 1336 3804 quidem
1359 3690 1485 3776 locuti
1507 3693 1619 3798 sunt,
1645 3687 1747 3775 illud
1764 3689 1855 3774 inde
1877 3715 2065 3805 repeten-

630 3797 726 3924 dutq
749 3801 859 3910 qnbd
882 3807 980 3890 cirm'
996 3805 1209 3902 humorem
1234 3807 1406 3890 nostrum
1432 3803 1481 3889 ad
1506 3803 1811 3889 melancholiam
1839 3803 2069 3912 referrent,

629 3941 713 4006 non
739 3911 928 4002 videbant
952 3915 1030 4026 qul
1056 3919 1184 4032 posset
1213 3921 1366 4004 ratione
1391 3919 1502 4024 lieri,
1531 3947 1577 4002 ut
1604 3917 1667 4001 lac
1694 3920 1783 4032 ipsrs
1813 3920 2069 4003 conveniret.

536 4071 541 4082 ·
630 4025 720 4120 Nos
735 4055 827 4112 cum
845 4030 892 4112 iis
908 4025 1043 4119 saltem
1056 4030 1327 4116 consentimus
1341 4055 1386 4115 nt
1401 4029 1594 4114 satennntr
1604 4029 1750 4136 ,lanis
1764 4029 1924 4140 quidem
1937 4057 2073 4144 opem

633 4165 714 4230 non
731 4137 808 4226 eise
824 4139 1135 4248 admovendam,
1153 4171 1362 4254 antequam
1375 4170 1573 4228 venenum
1594 4143 1693 4228 illud
1709 4143 1873 4226 crassum
1889 4141 2076 4228 debella·

532 4347 538 4362 ,
632 4252 775 4344 (mitit
785 4312 803 4356 ,
824 4257 916 4340 cnm
929 4257 974 4338 in
992 4257 1153 4354 tineosrs
1173 4255 1297 4342 desint
1315 4281 1441 4372 partes
1460 4253 1607 4340 biliosa
1628 4283 1751 4368 atque
1767 4254 1951 4362 nervosae,
1974 4261 2075 4370 qui-
2220 4323 2221 4328 ι

633 4359 705 4452 bus
727 4360 896 4452 dihurur
923 4369 1220 4456 crassamentum
1246 4368 1414 4458 laecum
1425 4431 1441 4475 ,
1469 4399 1545 4456 nec
1572 4373 1651 4456 nisu
1667 4365 1834 4454 restituti
1859 4369 2076 4456 mentitum

631 4470 818 4570 libertate·
838 4475 941 4566 iliud
968 4481 1156 4594 prodesse.
1175 4509 1308 4595 queat.
1343 4483 1426 4568 Sed
1455 4482 1522 4568 ubi
1552 4483 1640 4568 vasa
1672 4509 1814 4566 tonum
1844 4485 2075 4598 accepere,
2220 4511 2221 4538 ι

632 4589 732 4674 vires
761 4587 954 4704 fatiganti,¹
972 4595 1169 4685 methodo
1209 4594 1324 4684 antei
1351 4595 1546 4682 convulsa
1577 4603 1622 4678 dt
1655 4589 1782 4680 frasiae
1819 4597 2077 4684 restituenda:

628 4698 745 4906 spat,
778 4705 1030 4800 lla-*romensis
1060 4735 1133 4822 per
1153 4710 1317 4796 lassum
1347 4710 1645 4864 dimm'linem
1672 4711 1880 4824 imponere
1903 4737 2081 4828 tempus
