4250 5898
511 483 598 574 '504
961 445 1071 548 DE
1145 445 1515 547 MORBIS

511 621 632 712 “asole
649 649 886 742 protegunt,
902 625 955 708 lic
969 621 1180 707 insularum
1196 632 1235 711 ὅ(
1251 623 1458 742 presertim
1472 616 1784 704 Britannicarum
1802 613 1949 703 incolat

510 739 652 850 quibus
678 739 739 821 sol
757 743 824 821 vix
845 767 962 851 purus
986 734 1205 848 illucescit,
1232 761 1366 822 cutem
1389 733 1517 818 multo
1539 729 1774 816 albidiorem
1799 730 1949 817 habent

508 853 718 968 Hispanis,
741 851 849 933 Italis
872 859 913 934 ὅ(
936 847 1253 933 meridionalium
1276 849 1574 954 ardentiumque
1597 873 1754 927 orarum
1775 845 1946 952 incolis,

510 966 763 1082 lipraesertim
787 961 995 1046 calidiores
1016 959 1091 1043 illst
1113 964 1295 1075 regiones
1315 991 1384 1080 pet
1406 957 1445 1044 se
1462 960 1571 1043 srccae
1590 959 1687 1064 sant,
1709 965 1750 1042 bc
1771 960 1946 1042 intimio-

509 1079 616 1164 ribus
637 1075 751 1159 radiis
774 1075 962 1160 solaribus
982 1100 1170 1190 patentes.

570 1193 671 1275 Non
694 1185 858 1272 dubium
885 1192 937 1272 est
960 1190 1054 1300 quin
1078 1185 1320 1272 maculatum
1343 1183 1496 1268 iliarum
1519 1181 1627 1268 sedes
1653 1185 1694 1266 in
1716 1207 1827 1267 textu
1853 1187 1946 1268 reti⁴

509 1301 633 1387 culari
653 1327 770 1410 atque
793 1301 959 1386 mucoso
979 1299 1193 1413 Malpighii
1216 1291 1420 1411 querenda
1439 1301 1484 1381 stt
1502 1329 1514 1398 3
1537 1301 1632 1406 quin
1651 1323 1736 1380 rota
1756 1295 1944 1380 debeatur

508 1417 624 1500 radiis
635 1478 647 1520 ‚
668 1443 749 1495 non
771 1413 895 1499 calori
915 1411 1020 1499 solis.
1043 1415 1109 1495 An
1126 1415 1216 1522 quia
1234 1439 1320 1526 pars
1338 1441 1476 1497 eorum
1496 1408 1625 1516 aliqua
1642 1413 1689 1492 iis
1711 1409 1750 1492 se
1768 1407 1941 1526 partibus

507 1531 671 1612 insinuat
687 1533 701 1609 i
726 1529 792 1610 An
812 1525 953 1612 solidas
971 1531 1090 1611 etiam
1107 1525 1326 1636 ferreasque
1347 1525 1613 1608 constitutivas
1632 1549 1750 1633 atque
1772 1521 1943 1606 elemen-

507 1668 608 1724 tares
630 1665 756 1754 partes
779 1639 976 1756 phlogisto
994 1641 1146 1743 donat,
1172 1667 1253 1748 quo
1276 1646 1401 1752 p'artes
1428 1634 1658 1720 colorantur
1682 1633 1806 1718 rubris
1827 1660 1940 1744 arque

507 1756 617 1837 flavis
645 1757 686 1836 in
709 1779 860 1866 partem
888 1753 1157 1838 mechanismo
1185 1754 1393 1864 incognito
1420 1751 1574 1832 finatis?
1597 1749 1663 1829 An
1687 1747 1777 1830 olea
1799 1752 1938 1862 pariter

506 1866 797 1955 elementorum
825 1893 974 1978 partem
1001 1867 1273 1958 constituentia
1288 1861 1358 1946 rol
1382 1860 1528 1946 exaltat
1553 1870 1594 1945 ὅ(
1620 1863 1791 1944 evehit?
1821 1859 1937 1944 Certe

505 1979 594 2092 ipsa
616 1980 778 2060 flammae
805 1977 1035 2062 ardentioris
1062 1981 1162 2091 ignis
1185 1979 1250 2059 cui
1274 2002 1343 2090 per
1369 1976 1568 2060 diuturnas
1594 1975 1756 2086 hyemes
1783 1975 1938 2058 affideut

505 2093 689 2174 homines
708 2086 866 2171 litterati
876 2152 888 2194 ‚
909 2091 1083 2202 ipsorum
1099 2089 1204 2174 tibiis
1224 2087 1396 2173 maculas
1411 2085 1606 2172 durabiles
1623 2116 1822 2196 nunquam
1838 2086 1935 2170 dele-

504 2201 633 2309 biles,
657 2203 725 2282 nist
747 2204 831 2314 post
850 2200 972 2316 longa
993 2229 1172 2316 tempora
1194 2205 1449 2314 imprimunt,
1475 2225 1544 2314 per
1562 2201 1725 2283 aestatem
1748 2199 1821 2282 illae
1837 2202 1932 2282 inte·

506 2345 618 2430 gram
643 2315 811 2418 durant,
845 2315 982 2398 sensam
1014 2317 1293 2420 flavescentes,
1325 2313 1535 2428 epidermis
1567 2317 1710 2424 pariter
1745 2314 1820 2395 fine
1849 2309 1929 2394 ullo

504 2454 664 2512 tumore
688 2426 863 2531 secedit,
887 2453 962 2510 nec
991 2430 1059 2510 nisr
1088 2431 1172 2540 post
1202 2426 1501 2524 ardentilsrmam
1527 2421 1611 2507 foci
1637 2428 1792 2538 repetiti
1817 2427 1932 2508 vehe-

505 2543 695 2624 mentiam
723 2564 927 2652 acceptam
951 2544 996 2622 in
1022 2537 1226 2656 erysrpelas
1257 2539 1446 2624 desrnunt.
1479 2538 1570 2627 Imb
1596 2537 1814 2622 senioribus
1841 2538 1934 2620 defr-

505 2659 637 2737 ciente
665 2650 822 2738 aliunde
850 2677 951 2735 tono
979 2677 1182 2737 vertuntur
1212 2650 1422 2760 aliquando
1452 2651 1492 2731 in
1524 2678 1783 2764 gangrenam.
1813 2647 1935 2761 Quod

505 2765 666 2876 quidem
687 2765 810 2846 fatum
835 2764 1006 2848 insolata:
1027 2763 1144 2848 etiam
1167 2768 1247 2849 cuti
1273 2761 1483 2874 aliquando
1505 2767 1628 2876 potest
1650 2763 1857 2866 accidere,
1875 2760 1935 2845 sed

503 2881 625 2961 rariirs
637 2941 650 2982 ,
673 2881 724 2960 eb
748 2877 857 2986 quod
878 2880 964 2960 rarb
985 2877 1045 2960 sol
1069 2908 1182 2962 crura
1211 2873 1386 2961 &tibias
1409 2876 1555 2968 afficiat
1577 2875 1932 2982 vehementissime,

501 2991 707 3106 partesque
731 3016 825 3099 quas
851 2994 1007 3184 attingit
1029 3017 1129 3074 tono
1153 2990 1348 3103 gaudeant
1370 2992 1608 3105 potentiore.

559 3098 747 3186 Praetereir
769 3102 809 3184 id
832 3101 882 3184 de
901 3102 944 3184 so
962 3103 1221 3186 enotandum
1238 3105 1291 3185 est
1302 3165 1316 3208 ‚
1337 3101 1445 3212 qubd
1465 3129 1686 3215 quanquam
1706 3099 1933 3186 vividilsrmb

501 3242 619 3328 agant
643 3211 724 3319 ejus
751 3213 871 3320 radii,
896 3213 962 3297 vel
985 3210 1189 3300 minimum
1212 3213 1403 3322 linteum,
1428 3241 1472 3299 ut
1499 3215 1586 3299 sunt
1611 3245 1693 3298 coa
1717 3213 1793 3298 illae
1818 3217 1930 3298 vestes

502 3357 597 3439 quas
633 3351 787 3413 venatur
822 3326 996 3408 textilem
1027 3329 1224 3412 vocavbre
1260 3315 1444 3433 referes,
1478 3327 1645 3411 sufficiat
1686 3353 1731 3410 ut
1768 3325 1817 3409 ab
1856 3325 1932 3432 ejus

502 3441 644 3531 effeblu
672 3464 901 3552 protegatur
928 3441 1028 3522 cutis
1058 3438 1280 3523 mulierum.
1312 3441 1509 3549 Quod&
1544 3439 1632 3556 ipsa
1655 3437 1759 3523 bene
1791 3463 1931 3522 norunt

498 3551 699 3637 levissimis
719 3549 796 3634 illis
817 3551 1015 3636 ornatibus
1039 3553 1181 3636 faciem
1204 3551 1389 3636 tenellam
1410 3553 1677 3638 defendentes·
1701 3553 1783 3636 Sed
1803 3551 1931 3634 multis
2000 3640 2004 3648 ,

497 3665 681 3750 tenuibus
698 3689 814 3772 atque
832 3662 988 3750 bellulis
1004 3696 1088 3749 non
1108 3664 1199 3748 solis
1219 3666 1313 3750 radii
1332 3665 1405 3748 soli
1426 3669 1635 3773 timentur,
1655 3665 1721 3749 sed
1744 3681 1810 3748 aer
1830 3665 1932 3776 quast
2045 3707 2059 3725 s

497 3782 663 3862 nimiirm
682 3775 935 3892 prefulgens,
953 3807 1101 3862 vocant
1115 3779 1149 3861 le
1167 3778 1251 3861 lrrrle
1266 3776 1409 3892 gallice
1420 3841 1432 3884 ‚
1448 3782 1535 3887 qui,
1558 3807 1602 3862 ut
1615 3779 1797 3884 videtur,
1819 3779 1932 3862 radiis

497 3890 688 3975 solaribus
710 3893 827 3973 etiam
851 3919 932 3972 non
955 3892 1107 3976 direslis
1130 3881 1331 4003 turgidus,
1352 3918 1484 3975 tenera
1510 3919 1643 3976 tamen
1662 3891 1751 3976 vasa
1777 3896 1934 3974 anione

497 4007 640 4086 acriori
660 4005 878 4116 contingit,
896 4011 937 4086 ὅ(
955 4005 1127 4088 arescere
1142 4005 1263 4103 facit3
1283 4005 1388 4089 unde
1403 4001 1569 4088 monent
1588 4005 1686 4120 ipsas
1710 4001 1931 4088 materculae

497 4143 548 4197 ne
563 4115 771 4229 lentigines
784 4117 1017 4200 contrahant
1026 4179 1038 4222 ‚
1054 4125 1094 4200 dr
1104 4119 1191 4229 ipsrs
1204 4116 1320 4199 faciei
1332 4115 1525 4230 elegantia
1539 4118 1782 4232 deturpetur,
1798 4145 1931 4226 quam·

497 4232 555 4310 vis
578 4228 683 4311 alind
702 4229 747 4312 fit
766 4225 944 4340 lentigo,
970 4227 1076 4312 alind
1097 4226 1258 4311 macule
1275 4227 1350 4313 illae
1369 4227 1390 4312 ir
1408 4227 1492 4314 sole
1514 4259 1660 4315 exortae
1683 4261 1776 4343 quas
1795 4233 1936 4346 potius

497 4369 588 4422 cum
615 4343 747 4452 grauis
775 4341 1033 4455 spanis-arla)
1060 4345 1301 4427 vocaverint.

553 4451 652 4535 Haec
677 4463 812 4538 omnia
831 4453 879 4536 ad
903 4481 1026 4567 genus
1051 4453 1320 4570 erysrpelatum
1344 4451 1365 4537 *a
1386 4451 1508 4572 longe
1527 4457 1748 4570 pertinent,
1771 4453 1938 4566 ejusque

497 4567 704 4648 continent
724 4568 928 4680 principia.
958 4568 1037 4652 Sed
1060 4596 1104 4653 ut
1126 4596 1263 4652 verum
1287 4564 1536 4680 subitumque
1559 4568 1764 4682 erysipelas
1791 4573 1812 4654 ὲ
1837 4570 1941 4654 solis

494 4676 746 4766 irradiatione
780 4677 909 4762 subito
947 4682 1094 4787 irruat,
1129 4685 1335 4796 requiritur
1363 4681 1487 4796 vulgo
1518 4711 1563 4768 ut
1593 4687 1696 4768 attio
1728 4683 1943 4770 radiorum

533 4863 586 4936 (a)
608 4856 686 4920 Crito
706 4860 1005 4964 apuddetiumsterr.
1027 4888 1065 4938 a,
1086 4865 1165 4930 serra.
1184 4889 1225 4942 4,
1244 4887 1303 4950 cap.
1324 4885 1370 4930 rt.

1741 5047 1746 5055 ,
1783 4945 1944 5038 diresia
