<?xml version="1.0" encoding="UTF-8"?>
<!DOCTYPE html PUBLIC "-//W3C//DTD XHTML 1.0 Transitional//EN"
    "http://www.w3.org/TR/xhtml1/DTD/xhtml1-transitional.dtd">
<html xmlns="http://www.w3.org/1999/xhtml" xml:lang="en" lang="en">
 <head>
  <title>
</title>
<meta http-equiv="Content-Type" content="text/html;charset=utf-8" />
  <meta name='ocr-system' content='tesseract 3.04.00' />
  <meta name='ocr-capabilities' content='ocr_page ocr_carea ocr_par ocr_line ocrx_word'/>
</head>
<body>
  <div class='ocr_page' id='page_1' title='image "./tractatusdemorb00cavegoog_0578.png"; bbox 0 0 4250 5898; ppageno 0'>
   <div class='ocr_carea' id='block_1_1' title="bbox 272 405 1471 528">
    <p class='ocr_par' dir='ltr' id='par_1_1' title="bbox 272 405 1471 528">
     <span class='ocr_line' id='line_1_1' title="bbox 272 405 1471 528; baseline -0.003 -26"><span class='ocrx_word' id='word_1_1' title='bbox 272 517 277 528; x_wconf 26' lang='lat'>¹</span> <span class='ocrx_word' id='word_1_2' title='bbox 406 418 570 527; x_wconf 69' lang='grc' dir='ltr'>Ιςόο·</span> <span class='ocrx_word' id='word_1_3' title='bbox 939 405 1471 498; x_wconf 84' lang='lat' dir='ltr'>DEM&#39;ORBIS</span> 
     </span>
    </p>
   </div>
   <div class='ocr_carea' id='block_1_2' title="bbox 477 567 1931 818">
    <p class='ocr_par' dir='ltr' id='par_1_2' title="bbox 477 567 1931 818">
     <span class='ocr_line' id='line_1_2' title="bbox 477 567 1931 688; baseline -0.001 -25"><span class='ocrx_word' id='word_1_4' title='bbox 477 579 549 687; x_wconf 91' lang='lat' dir='ltr'>qui</span> <span class='ocrx_word' id='word_1_5' title='bbox 566 591 747 688; x_wconf 80' lang='lat' dir='ltr'>expertus</span> <span class='ocrx_word' id='word_1_6' title='bbox 759 567 918 658; x_wconf 90' lang='lat' dir='ltr'>nesciat.</span> <span class='ocrx_word' id='word_1_7' title='bbox 938 572 1013 656; x_wconf 85' lang='lat' dir='ltr'>Hae</span> <span class='ocrx_word' id='word_1_8' title='bbox 1030 601 1160 660; x_wconf 87' lang='lat' dir='ltr'>autem</span> <span class='ocrx_word' id='word_1_9' title='bbox 1177 573 1388 659; x_wconf 74' lang='lat' dir='ltr'>substantia</span> <span class='ocrx_word' id='word_1_10' title='bbox 1401 597 1542 658; x_wconf 87' lang='lat' dir='ltr'>omnes</span> <span class='ocrx_word' id='word_1_11' title='bbox 1551 631 1565 678; x_wconf 87' lang='lat'><em>,</em></span> <span class='ocrx_word' id='word_1_12' title='bbox 1579 569 1607 654; x_wconf 87' lang='lat' dir='ltr'>li</span> <span class='ocrx_word' id='word_1_13' title='bbox 1619 567 1755 658; x_wconf 68' lang='lat' dir='ltr'>ideam</span> <span class='ocrx_word' id='word_1_14' title='bbox 1770 574 1931 675; x_wconf 73' lang='lat' dir='ltr'>veneni·</span> 
     </span>
     <span class='ocr_line' id='line_1_3' title="bbox 478 682 1923 818; baseline -0.013 -46"><span class='ocrx_word' id='word_1_15' title='bbox 478 687 835 801; x_wconf 80' lang='lat' dir='ltr'>altiuspenetrantis</span> <span class='ocrx_word' id='word_1_16' title='bbox 846 682 1042 770; x_wconf 83' lang='lat' dir='ltr'>abstuleris</span> <span class='ocrx_word' id='word_1_17' title='bbox 1049 717 1098 793; x_wconf 87' lang='lat' dir='ltr'>‚a</span> <span class='ocrx_word' id='word_1_18' title='bbox 1153 717 1198 772; x_wconf 93' lang='lat' dir='ltr'>nt</span> <span class='ocrx_word' id='word_1_19' title='bbox 1210 714 1255 770; x_wconf 94' lang='lat' dir='ltr'>ut</span> <span class='ocrx_word' id='word_1_20' title='bbox 1269 717 1439 802; x_wconf 88' lang='lat' dir='ltr'>corpora</span> <span class='ocrx_word' id='word_1_21' title='bbox 1453 691 1688 818; x_wconf 78' lang='lat' dir='ltr'>pungentia,</span> <span class='ocrx_word' id='word_1_22' title='bbox 1702 683 1923 802; x_wconf 52' lang='lat' dir='ltr'>aliquanda„</span> 
     </span>
    </p>
   </div>
   <div class='ocr_carea' id='block_1_3' title="bbox 427 795 1912 2262">
    <p class='ocr_par' dir='ltr' id='par_1_3' title="bbox 427 795 1912 2262">
     <span class='ocr_line' id='line_1_4' title="bbox 478 795 1911 914; baseline -0.001 -28"><span class='ocrx_word' id='word_1_23' title='bbox 478 805 601 886; x_wconf 87' lang='lat' dir='ltr'>etiarn</span> <span class='ocrx_word' id='word_1_24' title='bbox 627 795 739 882; x_wconf 79' lang='lat' dir='ltr'>simul</span> <span class='ocrx_word' id='word_1_25' title='bbox 765 795 1061 884; x_wconf 89' lang='lat' dir='ltr'>contundentia.</span> <span class='ocrx_word' id='word_1_26' title='bbox 1116 805 1201 884; x_wconf 71' lang='lat' dir='ltr'>‘’nc</span> <span class='ocrx_word' id='word_1_27' title='bbox 1231 797 1458 884; x_wconf 86' lang='lat' dir='ltr'>animalium</span> <span class='ocrx_word' id='word_1_28' title='bbox 1482 798 1736 914; x_wconf 81' lang='lat' dir='ltr'>grandiorum</span> <span class='ocrx_word' id='word_1_29' title='bbox 1763 802 1911 884; x_wconf 90' lang='lat' dir='ltr'>morsus</span> 
     </span>
     <span class='ocr_line' id='line_1_5' title="bbox 480 910 1912 1026; baseline -0.003 -28"><span class='ocrx_word' id='word_1_30' title='bbox 480 912 665 998; x_wconf 77' lang='lat' dir='ltr'>dentibus</span> <span class='ocrx_word' id='word_1_31' title='bbox 684 910 851 1022; x_wconf 77' lang='lat' dir='ltr'>impressi</span> <span class='ocrx_word' id='word_1_32' title='bbox 871 911 1065 1017; x_wconf 86' lang='lat' dir='ltr'>incisrvis,</span> <span class='ocrx_word' id='word_1_33' title='bbox 1081 917 1205 997; x_wconf 90' lang='lat' dir='ltr'>acutis</span> <span class='ocrx_word' id='word_1_34' title='bbox 1221 911 1381 1023; x_wconf 90' lang='lat' dir='ltr'>quidem</span> <span class='ocrx_word' id='word_1_35' title='bbox 1396 915 1524 1026; x_wconf 81' lang='lat' dir='ltr'>primo</span> <span class='ocrx_word' id='word_1_36' title='bbox 1533 974 1548 1017; x_wconf 91' lang='lat'><em>,</em></span> <span class='ocrx_word' id='word_1_37' title='bbox 1566 940 1663 994; x_wconf 88' lang='lat' dir='ltr'>mox</span> <span class='ocrx_word' id='word_1_38' title='bbox 1683 913 1724 993; x_wconf 93' lang='lat' dir='ltr'>in</span> <span class='ocrx_word' id='word_1_39' title='bbox 1743 939 1912 996; x_wconf 89' lang='lat' dir='ltr'>cuneum</span> 
     </span>
     <span class='ocr_line' id='line_1_6' title="bbox 478 1020 1909 1139; baseline -0.001 -31"><span class='ocrx_word' id='word_1_40' title='bbox 478 1021 713 1110; x_wconf 89' lang='lat' dir='ltr'>abeuntibus</span> <span class='ocrx_word' id='word_1_41' title='bbox 730 1029 771 1104; x_wconf 75' lang='lat' dir='ltr'>dt</span> <span class='ocrx_word' id='word_1_42' title='bbox 790 1022 985 1130; x_wconf 89' lang='lat' dir='ltr'>rotundis,</span> <span class='ocrx_word' id='word_1_43' title='bbox 1000 1022 1097 1108; x_wconf 71' lang='lat' dir='ltr'>licet</span> <span class='ocrx_word' id='word_1_44' title='bbox 1109 1023 1211 1108; x_wconf 72' lang='lat' dir='ltr'>ultra</span> <span class='ocrx_word' id='word_1_45' title='bbox 1223 1028 1348 1108; x_wconf 89' lang='lat' dir='ltr'>cutim</span> <span class='ocrx_word' id='word_1_46' title='bbox 1363 1053 1446 1107; x_wconf 94' lang='lat' dir='ltr'>non</span> <span class='ocrx_word' id='word_1_47' title='bbox 1461 1050 1688 1139; x_wconf 85' lang='lat' dir='ltr'>penetrent,</span> <span class='ocrx_word' id='word_1_48' title='bbox 1702 1020 1909 1133; x_wconf 79' lang='lat' dir='ltr'>aliquando</span> 
     </span>
     <span class='ocr_line' id='line_1_7' title="bbox 478 1133 1912 1250; baseline 0.001 -31"><span class='ocrx_word' id='word_1_49' title='bbox 478 1141 612 1222; x_wconf 84' lang='lat' dir='ltr'>tarn&#39;en</span> <span class='ocrx_word' id='word_1_50' title='bbox 628 1136 957 1226; x_wconf 86' lang='lat' dir='ltr'>inflammationes</span> <span class='ocrx_word' id='word_1_51' title='bbox 972 1139 1177 1222; x_wconf 87' lang='lat' dir='ltr'>concitant</span> <span class='ocrx_word' id='word_1_52' title='bbox 1191 1135 1410 1242; x_wconf 89' lang='lat' dir='ltr'>notabiles,</span> <span class='ocrx_word' id='word_1_53' title='bbox 1427 1143 1469 1220; x_wconf 74' lang='grc' dir='ltr'>δι</span> <span class='ocrx_word' id='word_1_54' title='bbox 1487 1133 1692 1250; x_wconf 77' lang='lat' dir='ltr'>erysipelas</span> <span class='ocrx_word' id='word_1_55' title='bbox 1713 1140 1796 1218; x_wconf 91' lang='lat' dir='ltr'>curi</span> <span class='ocrx_word' id='word_1_56' title='bbox 1815 1140 1912 1221; x_wconf 87' lang='lat' dir='ltr'>nati-</span> 
     </span>
     <span class='ocr_line' id='line_1_8' title="bbox 480 1243 1912 1363; baseline -0.002 -27"><span class='ocrx_word' id='word_1_57' title='bbox 480 1279 577 1336; x_wconf 87' lang='lat' dir='ltr'>vum</span> <span class='ocrx_word' id='word_1_58' title='bbox 598 1277 691 1332; x_wconf 92' lang='lat' dir='ltr'>curn</span> <span class='ocrx_word' id='word_1_59' title='bbox 712 1243 1014 1333; x_wconf 84' lang='lat' dir='ltr'>laceratione&amp;</span> <span class='ocrx_word' id='word_1_60' title='bbox 1036 1252 1270 1334; x_wconf 83' lang='lat' dir='ltr'>contufione</span> <span class='ocrx_word' id='word_1_61' title='bbox 1292 1277 1440 1333; x_wconf 87' lang='lat' dir='ltr'>natum.</span> <span class='ocrx_word' id='word_1_62' title='bbox 1463 1247 1692 1358; x_wconf 82' lang='lat' dir='ltr'>Aliquando</span> <span class='ocrx_word' id='word_1_63' title='bbox 1713 1250 1755 1329; x_wconf 93' lang='lat' dir='ltr'>in</span> <span class='ocrx_word' id='word_1_64' title='bbox 1773 1247 1912 1363; x_wconf 84' lang='lat' dir='ltr'>phleg-</span> 
     </span>
     <span class='ocr_line' id='line_1_9' title="bbox 427 1361 1911 1475; baseline 0 -30"><span class='ocrx_word' id='word_1_65' title='bbox 427 1443 431 1450; x_wconf 81' lang='grc'><em>,</em></span> <span class='ocrx_word' id='word_1_66' title='bbox 482 1388 645 1448; x_wconf 87' lang='lat' dir='ltr'>monem</span> <span class='ocrx_word' id='word_1_67' title='bbox 673 1362 838 1444; x_wconf 86' lang='lat' dir='ltr'>vertitur</span> <span class='ocrx_word' id='word_1_68' title='bbox 865 1361 1017 1445; x_wconf 74' lang='lat' dir='ltr'>morsis</span> <span class='ocrx_word' id='word_1_69' title='bbox 1043 1363 1272 1475; x_wconf 82' lang='lat' dir='ltr'>impreffio,</span> <span class='ocrx_word' id='word_1_70' title='bbox 1300 1363 1507 1475; x_wconf 75' lang='lat' dir='ltr'>prasertim</span> <span class='ocrx_word' id='word_1_71' title='bbox 1531 1366 1623 1444; x_wconf 81' lang='lat' dir='ltr'>ciun</span> <span class='ocrx_word' id='word_1_72' title='bbox 1651 1361 1803 1444; x_wconf 88' lang='lat' dir='ltr'>morsus</span> <span class='ocrx_word' id='word_1_73' title='bbox 1833 1389 1911 1445; x_wconf 91' lang='lat' dir='ltr'>non</span> 
     </span>
     <span class='ocr_line' id='line_1_10' title="bbox 481 1468 1911 1668; baseline 0 -110"><span class='ocrx_word' id='word_1_74' title='bbox 481 1501 533 1560; x_wconf 84' lang='lat' dir='ltr'>ex</span> <span class='ocrx_word' id='word_1_75' title='bbox 553 1469 728 1588; x_wconf 74' lang='lat' dir='ltr'>aperturi</span> <span class='ocrx_word' id='word_1_76' title='bbox 749 1468 913 1584; x_wconf 85' lang='lat' dir='ltr'>fimplici</span> <span class='ocrx_word' id='word_1_77' title='bbox 934 1475 1110 1579; x_wconf 90' lang='lat' dir='ltr'>constet,</span> <span class='ocrx_word' id='word_1_78' title='bbox 1128 1475 1194 1560; x_wconf 92' lang='lat' dir='ltr'>sed</span> <span class='ocrx_word' id='word_1_79' title='bbox 1213 1475 1407 1590; x_wconf 83' lang='lat' dir='ltr'>pressrone</span> <span class='ocrx_word' id='word_1_80' title='bbox 1420 1471 1567 1586; x_wconf 72' lang='lat' dir='ltr'>&#39;magni</span> <span class='ocrx_word' id='word_1_81' title='bbox 1584 1503 1682 1668; x_wconf 75' lang='lat' dir='ltr'>opus</span> <span class='ocrx_word' id='word_1_82' title='bbox 1702 1474 1747 1555; x_wconf 87' lang='lat' dir='ltr'>stt</span> <span class='ocrx_word' id='word_1_83' title='bbox 1765 1472 1911 1587; x_wconf 87' lang='lat' dir='ltr'>duplici</span> 
     </span>
     <span class='ocr_line' id='line_1_11' title="bbox 480 1580 1602 1701; baseline -0.003 -30"><span class='ocrx_word' id='word_1_84' title='bbox 480 1591 525 1671; x_wconf 89' lang='lat' dir='ltr'>in</span> <span class='ocrx_word' id='word_1_85' title='bbox 548 1580 738 1696; x_wconf 50' lang='lat' dir='ltr'>pundo),</span> <span class='ocrx_word' id='word_1_86' title='bbox 755 1609 964 1692; x_wconf 87' lang='lat' dir='ltr'>antequam</span> <span class='ocrx_word' id='word_1_87' title='bbox 990 1583 1212 1674; x_wconf 88' lang='lat' dir='ltr'>lacerentur</span> <span class='ocrx_word' id='word_1_88' title='bbox 1240 1609 1365 1701; x_wconf 88' lang='lat' dir='ltr'>partes</span> <span class='ocrx_word' id='word_1_89' title='bbox 1394 1589 1521 1692; x_wconf 88' lang='lat' dir='ltr'>cutis,</span> <span class='ocrx_word' id='word_1_90' title='bbox 1547 1615 1602 1670; x_wconf 89' lang='lat' dir='ltr'>un</span> 
     </span>
     <span class='ocr_line' id='line_1_12' title="bbox 481 1693 1911 1816; baseline -0.003 -33"><span class='ocrx_word' id='word_1_91' title='bbox 481 1698 561 1784; x_wconf 89' lang='lat' dir='ltr'>esse</span> <span class='ocrx_word' id='word_1_92' title='bbox 581 1697 701 1783; x_wconf 93' lang='lat' dir='ltr'>debet</span> <span class='ocrx_word' id='word_1_93' title='bbox 717 1719 869 1782; x_wconf 83' lang='lat' dir='ltr'>textum</span> <span class='ocrx_word' id='word_1_94' title='bbox 891 1693 1119 1782; x_wconf 88' lang='lat' dir='ltr'>cellularem</span> <span class='ocrx_word' id='word_1_95' title='bbox 1140 1708 1180 1784; x_wconf 77' lang='lat' dir='ltr'>dr</span> <span class='ocrx_word' id='word_1_96' title='bbox 1207 1727 1332 1816; x_wconf 88' lang='lat' dir='ltr'>partes</span> <span class='ocrx_word' id='word_1_97' title='bbox 1355 1696 1542 1804; x_wconf 70' lang='lat' dir='ltr'>subjetos</span> <span class='ocrx_word' id='word_1_98' title='bbox 1562 1727 1646 1781; x_wconf 92' lang='lat' dir='ltr'>non</span> <span class='ocrx_word' id='word_1_99' title='bbox 1669 1699 1712 1780; x_wconf 93' lang='lat' dir='ltr'>in</span> <span class='ocrx_word' id='word_1_100' title='bbox 1739 1725 1911 1780; x_wconf 90' lang='lat' dir='ltr'>commu·</span> 
     </span>
     <span class='ocr_line' id='line_1_13' title="bbox 481 1807 1911 1924; baseline -0.003 -28"><span class='ocrx_word' id='word_1_101' title='bbox 481 1816 647 1896; x_wconf 90' lang='lat' dir='ltr'>nionem</span> <span class='ocrx_word' id='word_1_102' title='bbox 666 1807 758 1892; x_wconf 88' lang='lat' dir='ltr'>mali</span> <span class='ocrx_word' id='word_1_103' title='bbox 776 1811 872 1924; x_wconf 87' lang='lat' dir='ltr'>rapi.</span> <span class='ocrx_word' id='word_1_104' title='bbox 906 1809 996 1893; x_wconf 87' lang='grc' dir='ltr'>Ιιιιὸ</span> <span class='ocrx_word' id='word_1_105' title='bbox 1017 1815 1255 1921; x_wconf 87' lang='lat' dir='ltr'>&amp;quamvis</span> <span class='ocrx_word' id='word_1_106' title='bbox 1283 1809 1414 1894; x_wconf 93' lang='lat' dir='ltr'>Plinio</span> <span class='ocrx_word' id='word_1_107' title='bbox 1440 1819 1482 1896; x_wconf 76' lang='grc' dir='ltr'>δι</span> <span class='ocrx_word' id='word_1_108' title='bbox 1512 1809 1661 1894; x_wconf 76' lang='lat' dir='ltr'>Charus</span> <span class='ocrx_word' id='word_1_109' title='bbox 1686 1836 1771 1892; x_wconf 91' lang='lat' dir='ltr'>non</span> <span class='ocrx_word' id='word_1_110' title='bbox 1796 1810 1911 1894; x_wconf 78' lang='lat' dir='ltr'>assen-</span> 
     </span>
     <span class='ocr_line' id='line_1_14' title="bbox 480 1918 1909 2038; baseline 0.001 -32"><span class='ocrx_word' id='word_1_111' title='bbox 480 1925 555 2006; x_wconf 90' lang='lat' dir='ltr'>tiar</span> <span class='ocrx_word' id='word_1_112' title='bbox 577 1918 826 2007; x_wconf 85' lang='lat' dir='ltr'>credentibus</span> <span class='ocrx_word' id='word_1_113' title='bbox 850 1919 1032 2005; x_wconf 89' lang='lat' dir='ltr'>animalia</span> <span class='ocrx_word' id='word_1_114' title='bbox 1052 1953 1135 2033; x_wconf 86' lang='lat' dir='ltr'>quae</span> <span class='ocrx_word' id='word_1_115' title='bbox 1157 1924 1342 2008; x_wconf 87' lang='lat' dir='ltr'>mordent</span> <span class='ocrx_word' id='word_1_116' title='bbox 1365 1926 1576 2007; x_wconf 86' lang='lat' dir='ltr'>maximam</span> <span class='ocrx_word' id='word_1_117' title='bbox 1598 1923 1742 2006; x_wconf 87' lang='lat' dir='ltr'>veneni</span> <span class='ocrx_word' id='word_1_118' title='bbox 1763 1949 1909 2038; x_wconf 85' lang='lat' dir='ltr'>partem</span> 
     </span>
     <span class='ocr_line' id='line_1_15' title="bbox 480 2031 1911 2146; baseline 0 -28"><span class='ocrx_word' id='word_1_119' title='bbox 480 2033 532 2122; x_wconf 87' lang='lat' dir='ltr'>ab</span> <span class='ocrx_word' id='word_1_120' title='bbox 552 2034 608 2118; x_wconf 69' lang='lat' dir='ltr'>irai</span> <span class='ocrx_word' id='word_1_121' title='bbox 626 2032 844 2139; x_wconf 88' lang='lat' dir='ltr'>insumere,</span> <span class='ocrx_word' id='word_1_122' title='bbox 862 2033 947 2115; x_wconf 78' lang='lat' dir='ltr'>imi&gt;</span> <span class='ocrx_word' id='word_1_123' title='bbox 965 2031 1062 2116; x_wconf 77' lang='lat' dir='ltr'>licet</span> <span class='ocrx_word' id='word_1_124' title='bbox 1080 2035 1194 2119; x_wconf 92' lang='lat' dir='ltr'>multi</span> <span class='ocrx_word' id='word_1_125' title='bbox 1212 2038 1284 2118; x_wconf 84' lang='lat' dir='ltr'>fint</span> <span class='ocrx_word' id='word_1_126' title='bbox 1297 2039 1475 2120; x_wconf 66' lang='lat' dir='ltr'>austeres</span> <span class='ocrx_word' id='word_1_127' title='bbox 1490 2038 1557 2146; x_wconf 93' lang='lat' dir='ltr'>qui</span> <span class='ocrx_word' id='word_1_128' title='bbox 1573 2033 1623 2119; x_wconf 91' lang='lat' dir='ltr'>de</span> <span class='ocrx_word' id='word_1_129' title='bbox 1639 2033 1771 2118; x_wconf 90' lang='lat' dir='ltr'>morsu</span> <span class='ocrx_word' id='word_1_130' title='bbox 1786 2038 1911 2118; x_wconf 88' lang='lat' dir='ltr'>honri-</span> 
     </span>
     <span class='ocr_line' id='line_1_16' title="bbox 481 2143 1908 2262; baseline 0.001 -32"><span class='ocrx_word' id='word_1_131' title='bbox 481 2150 542 2230; x_wconf 86' lang='lat' dir='ltr'>nis</span> <span class='ocrx_word' id='word_1_132' title='bbox 564 2148 650 2230; x_wconf 90' lang='lat' dir='ltr'>irati</span> <span class='ocrx_word' id='word_1_133' title='bbox 670 2171 855 2253; x_wconf 90' lang='lat' dir='ltr'>tanquam</span> <span class='ocrx_word' id='word_1_134' title='bbox 875 2143 925 2228; x_wconf 90' lang='lat' dir='ltr'>de</span> <span class='ocrx_word' id='word_1_135' title='bbox 938 2173 1134 2230; x_wconf 87' lang='lat' dir='ltr'>venenato</span> <span class='ocrx_word' id='word_1_136' title='bbox 1154 2148 1400 2262; x_wconf 84' lang='lat' dir='ltr'>scripserint,</span> <span class='ocrx_word' id='word_1_137' title='bbox 1419 2175 1553 2231; x_wconf 88' lang='lat' dir='ltr'>tamen</span> <span class='ocrx_word' id='word_1_138' title='bbox 1568 2147 1609 2230; x_wconf 93' lang='lat' dir='ltr'>id</span> <span class='ocrx_word' id='word_1_139' title='bbox 1628 2143 1776 2230; x_wconf 91' lang='lat' dir='ltr'>habent</span> <span class='ocrx_word' id='word_1_140' title='bbox 1793 2152 1846 2230; x_wconf 89' lang='lat' dir='ltr'>ira</span> <span class='ocrx_word' id='word_1_141' title='bbox 1867 2156 1908 2232; x_wconf 77' lang='lat' dir='ltr'>dt</span> 
     </span>
    </p>
   </div>
   <div class='ocr_carea' id='block_1_4' title="bbox 481 2255 1920 2372">
    <p class='ocr_par' dir='ltr' id='par_1_4' title="bbox 481 2255 1920 2372">
     <span class='ocr_line' id='line_1_17' title="bbox 481 2255 1920 2372; baseline -0.003 -26"><span class='ocrx_word' id='word_1_142' title='bbox 481 2259 593 2346; x_wconf 80' lang='lat' dir='ltr'>furor</span> <span class='ocrx_word' id='word_1_143' title='bbox 611 2255 718 2368; x_wconf 78' lang='lat' dir='ltr'>quod</span> <span class='ocrx_word' id='word_1_144' title='bbox 737 2255 887 2339; x_wconf 90' lang='lat' dir='ltr'>morsus</span> <span class='ocrx_word' id='word_1_145' title='bbox 910 2258 1187 2370; x_wconf 87' lang='lat' dir='ltr'>profundiores</span> <span class='ocrx_word' id='word_1_146' title='bbox 1210 2263 1447 2372; x_wconf 87' lang='lat' dir='ltr'>infligantur.</span> <span class='ocrx_word' id='word_1_147' title='bbox 1479 2260 1532 2342; x_wconf 93' lang='lat' dir='ltr'>Et</span> <span class='ocrx_word' id='word_1_148' title='bbox 1561 2258 1657 2343; x_wconf 93' lang='lat' dir='ltr'>latet</span> <span class='ocrx_word' id='word_1_149' title='bbox 1683 2259 1810 2342; x_wconf 85' lang='lat' dir='ltr'>forsan</span> <span class='ocrx_word' id='word_1_150' title='bbox 1835 2258 1920 2342; x_wconf 64' lang='lat' dir='ltr'>aqi„</span> 
     </span>
    </p>
   </div>
   <div class='ocr_carea' id='block_1_5' title="bbox 475 2365 1912 4933">
    <p class='ocr_par' dir='ltr' id='par_1_5' title="bbox 475 2365 1912 4933">
     <span class='ocr_line' id='line_1_18' title="bbox 483 2365 1907 2485; baseline 0.001 -33"><span class='ocrx_word' id='word_1_151' title='bbox 483 2371 579 2481; x_wconf 93' lang='lat' dir='ltr'>quid</span> <span class='ocrx_word' id='word_1_152' title='bbox 606 2373 705 2454; x_wconf 84' lang='lat' dir='ltr'>acris</span> <span class='ocrx_word' id='word_1_153' title='bbox 729 2397 778 2452; x_wconf 84' lang='lat' dir='ltr'>ex</span> <span class='ocrx_word' id='word_1_154' title='bbox 804 2365 884 2452; x_wconf 89' lang='lat' dir='ltr'>bile</span> <span class='ocrx_word' id='word_1_155' title='bbox 907 2398 977 2483; x_wconf 91' lang='lat' dir='ltr'>per</span> <span class='ocrx_word' id='word_1_156' title='bbox 1004 2370 1195 2485; x_wconf 83' lang='lat' dir='ltr'>spasmum</span> <span class='ocrx_word' id='word_1_157' title='bbox 1223 2373 1343 2455; x_wconf 73' lang='lat' dir='ltr'>reflui</span> <span class='ocrx_word' id='word_1_158' title='bbox 1368 2377 1410 2474; x_wconf 89' lang='lat' dir='ltr'>in</span> <span class='ocrx_word' id='word_1_159' title='bbox 1436 2372 1570 2456; x_wconf 92' lang='lat' dir='ltr'>morsu</span> <span class='ocrx_word' id='word_1_160' title='bbox 1602 2374 1774 2456; x_wconf 91' lang='lat' dir='ltr'>hominis</span> <span class='ocrx_word' id='word_1_161' title='bbox 1800 2375 1907 2478; x_wconf 85' lang='lat' dir='ltr'>irati,</span> 
     </span>
     <span class='ocr_line' id='line_1_19' title="bbox 482 2481 1912 2599; baseline 0.002 -33"><span class='ocrx_word' id='word_1_162' title='bbox 482 2483 589 2566; x_wconf 78' lang='lat' dir='ltr'>unde</span> <span class='ocrx_word' id='word_1_163' title='bbox 606 2509 691 2566; x_wconf 88' lang='lat' dir='ltr'>orta</span> <span class='ocrx_word' id='word_1_164' title='bbox 714 2482 895 2564; x_wconf 78' lang='lat' dir='ltr'>contusio</span> <span class='ocrx_word' id='word_1_165' title='bbox 917 2484 1106 2587; x_wconf 88' lang='lat' dir='ltr'>irritatur,</span> <span class='ocrx_word' id='word_1_166' title='bbox 1134 2491 1176 2568; x_wconf 78' lang='lat' dir='ltr'>de</span> <span class='ocrx_word' id='word_1_167' title='bbox 1197 2483 1482 2599; x_wconf 86' lang='lat' dir='ltr'>phlegmonem</span> <span class='ocrx_word' id='word_1_168' title='bbox 1503 2481 1624 2598; x_wconf 72' lang='lat' dir='ltr'>longi</span> <span class='ocrx_word' id='word_1_169' title='bbox 1648 2492 1690 2569; x_wconf 74' lang='grc' dir='ltr'>ὃ(</span> <span class='ocrx_word' id='word_1_170' title='bbox 1712 2484 1847 2589; x_wconf 76' lang='lat' dir='ltr'>tardi,</span> <span class='ocrx_word' id='word_1_171' title='bbox 1870 2511 1912 2570; x_wconf 92' lang='lat' dir='ltr'>ut</span> 
     </span>
     <span class='ocr_line' id='line_1_20' title="bbox 480 2591 1870 2712; baseline 0.004 -33"><span class='ocrx_word' id='word_1_172' title='bbox 480 2599 525 2679; x_wconf 87' lang='lat' dir='ltr'>in</span> <span class='ocrx_word' id='word_1_173' title='bbox 549 2596 719 2681; x_wconf 82' lang='lat' dir='ltr'>contusis</span> <span class='ocrx_word' id='word_1_174' title='bbox 742 2591 954 2702; x_wconf 86' lang='lat' dir='ltr'>omnibus,</span> <span class='ocrx_word' id='word_1_175' title='bbox 978 2594 1253 2710; x_wconf 87' lang='lat' dir='ltr'>suppuratione</span> <span class='ocrx_word' id='word_1_176' title='bbox 1276 2597 1486 2681; x_wconf 89' lang='lat' dir='ltr'>sanandum</span> <span class='ocrx_word' id='word_1_177' title='bbox 1502 2598 1719 2702; x_wconf 64' lang='lat' dir='ltr'>concitare</span> <span class='ocrx_word' id='word_1_178' title='bbox 1734 2598 1870 2712; x_wconf 82' lang='lat' dir='ltr'>potest.</span> 
     </span>
     <span class='ocr_line' id='line_1_21' title="bbox 535 2706 1909 2824; baseline 0.002 -32"><span class='ocrx_word' id='word_1_179' title='bbox 535 2712 593 2792; x_wconf 89' lang='lat' dir='ltr'>At</span> <span class='ocrx_word' id='word_1_180' title='bbox 619 2706 719 2790; x_wconf 90' lang='lat' dir='ltr'>nihil</span> <span class='ocrx_word' id='word_1_181' title='bbox 746 2710 846 2820; x_wconf 87' lang='lat' dir='ltr'>paris</span> <span class='ocrx_word' id='word_1_182' title='bbox 871 2706 1087 2792; x_wconf 92' lang='lat' dir='ltr'>timendum</span> <span class='ocrx_word' id='word_1_183' title='bbox 1111 2711 1164 2792; x_wconf 91' lang='lat' dir='ltr'>est</span> <span class='ocrx_word' id='word_1_184' title='bbox 1190 2708 1211 2792; x_wconf 77' lang='lat' dir='ltr'>i</span> <span class='ocrx_word' id='word_1_185' title='bbox 1238 2709 1425 2824; x_wconf 66' lang='lat' dir='ltr'>puniluri</span> <span class='ocrx_word' id='word_1_186' title='bbox 1451 2739 1566 2819; x_wconf 84' lang='lat' dir='ltr'>quarn</span> <span class='ocrx_word' id='word_1_187' title='bbox 1595 2709 1769 2794; x_wconf 89' lang='lat' dir='ltr'>inserunt</span> <span class='ocrx_word' id='word_1_188' title='bbox 1793 2737 1909 2822; x_wconf 87' lang='lat' dir='ltr'>vege·</span> 
     </span>
     <span class='ocr_line' id='line_1_22' title="bbox 480 2821 1908 2937; baseline 0 -31"><span class='ocrx_word' id='word_1_189' title='bbox 480 2825 648 2906; x_wconf 90' lang='lat' dir='ltr'>tantium</span> <span class='ocrx_word' id='word_1_190' title='bbox 677 2821 817 2934; x_wconf 76' lang='lat' dir='ltr'>spine,</span> <span class='ocrx_word' id='word_1_191' title='bbox 847 2851 930 2930; x_wconf 86' lang='lat' dir='ltr'>quae</span> <span class='ocrx_word' id='word_1_192' title='bbox 962 2824 1123 2936; x_wconf 89' lang='lat' dir='ltr'>proprio</span> <span class='ocrx_word' id='word_1_193' title='bbox 1155 2825 1336 2908; x_wconf 84' lang='lat' dir='ltr'>acumine</span> <span class='ocrx_word' id='word_1_194' title='bbox 1361 2847 1512 2936; x_wconf 88' lang='lat' dir='ltr'>agunt,</span> <span class='ocrx_word' id='word_1_195' title='bbox 1540 2823 1620 2906; x_wconf 86' lang='lat' dir='ltr'>stne</span> <span class='ocrx_word' id='word_1_196' title='bbox 1646 2821 1732 2906; x_wconf 91' lang='lat' dir='ltr'>ullo</span> <span class='ocrx_word' id='word_1_197' title='bbox 1762 2827 1908 2937; x_wconf 86' lang='lat' dir='ltr'>impetu</span> 
     </span>
     <span class='ocr_line' id='line_1_23' title="bbox 482 2928 1908 3046; baseline -0.001 -28"><span class='ocrx_word' id='word_1_198' title='bbox 482 2958 649 3018; x_wconf 89' lang='lat' dir='ltr'>externo</span> <span class='ocrx_word' id='word_1_199' title='bbox 680 2967 688 3014; x_wconf 93' lang='lat'>:</span> <span class='ocrx_word' id='word_1_200' title='bbox 721 2932 786 3016; x_wconf 90' lang='lat' dir='ltr'>sed</span> <span class='ocrx_word' id='word_1_201' title='bbox 805 2928 910 3015; x_wconf 87' lang='lat' dir='ltr'>aliud</span> <span class='ocrx_word' id='word_1_202' title='bbox 925 2932 1037 3016; x_wconf 87' lang='lat' dir='ltr'>datur</span> <span class='ocrx_word' id='word_1_203' title='bbox 1057 2934 1313 3018; x_wconf 87' lang='lat' dir='ltr'>metuendum</span> <span class='ocrx_word' id='word_1_204' title='bbox 1325 2934 1652 3046; x_wconf 90' lang='lat' dir='ltr'>incommodum,</span> <span class='ocrx_word' id='word_1_205' title='bbox 1669 2935 1821 3022; x_wconf 86' lang='lat' dir='ltr'>scilicet</span> <span class='ocrx_word' id='word_1_206' title='bbox 1835 2934 1908 3017; x_wconf 87' lang='lat' dir='ltr'>bafi</span> 
     </span>
     <span class='ocr_line' id='line_1_24' title="bbox 479 3043 1909 3160; baseline 0.001 -31"><span class='ocrx_word' id='word_1_207' title='bbox 479 3047 556 3134; x_wconf 84' lang='lat' dir='ltr'>suae</span> <span class='ocrx_word' id='word_1_208' title='bbox 575 3050 710 3160; x_wconf 77' lang='lat' dir='ltr'>pariant</span> <span class='ocrx_word' id='word_1_209' title='bbox 728 3043 853 3158; x_wconf 79' lang='lat' dir='ltr'>vulgi&gt;</span> <span class='ocrx_word' id='word_1_210' title='bbox 878 3044 1073 3134; x_wconf 72' lang='lat' dir='ltr'>adherent</span> <span class='ocrx_word' id='word_1_211' title='bbox 1089 3044 1176 3130; x_wconf 84' lang='lat' dir='ltr'>illae.</span> <span class='ocrx_word' id='word_1_212' title='bbox 1203 3045 1313 3132; x_wconf 90' lang='lat' dir='ltr'>Hinc</span> <span class='ocrx_word' id='word_1_213' title='bbox 1335 3051 1375 3130; x_wconf 92' lang='lat' dir='ltr'>in</span> <span class='ocrx_word' id='word_1_214' title='bbox 1394 3047 1580 3160; x_wconf 70' lang='lat' dir='ltr'>punsiuri</span> <span class='ocrx_word' id='word_1_215' title='bbox 1598 3077 1717 3160; x_wconf 87' lang='lat' dir='ltr'>quarn</span> <span class='ocrx_word' id='word_1_216' title='bbox 1734 3049 1909 3130; x_wconf 68' lang='lat' dir='ltr'>inflixere</span> 
     </span>
     <span class='ocr_line' id='line_1_25' title="bbox 479 3155 1908 3271; baseline -0.001 -28"><span class='ocrx_word' id='word_1_217' title='bbox 479 3161 669 3244; x_wconf 85' lang='lat' dir='ltr'>inhaerent</span> <span class='ocrx_word' id='word_1_218' title='bbox 684 3220 697 3261; x_wconf 88' lang='lat'><strong>,</strong></span> <span class='ocrx_word' id='word_1_219' title='bbox 728 3155 984 3269; x_wconf 89' lang='lat' dir='ltr'>corporisque</span> <span class='ocrx_word' id='word_1_220' title='bbox 1010 3161 1184 3242; x_wconf 88' lang='lat' dir='ltr'>extranei</span> <span class='ocrx_word' id='word_1_221' title='bbox 1212 3161 1303 3244; x_wconf 87' lang='lat' dir='ltr'>vice</span> <span class='ocrx_word' id='word_1_222' title='bbox 1331 3157 1573 3271; x_wconf 84' lang='lat' dir='ltr'>funguntur,</span> <span class='ocrx_word' id='word_1_223' title='bbox 1606 3187 1652 3244; x_wconf 90' lang='lat' dir='ltr'>ut</span> <span class='ocrx_word' id='word_1_224' title='bbox 1676 3160 1765 3244; x_wconf 91' lang='lat' dir='ltr'>sunt</span> <span class='ocrx_word' id='word_1_225' title='bbox 1794 3163 1908 3243; x_wconf 86' lang='lat' dir='ltr'>etiarn</span> 
     </span>
     <span class='ocr_line' id='line_1_26' title="bbox 479 3265 1907 3382; baseline 0.004 -31"><span class='ocrx_word' id='word_1_226' title='bbox 479 3279 504 3352; x_wconf 79' lang='lat' dir='ltr'>a</span> <span class='ocrx_word' id='word_1_227' title='bbox 524 3268 641 3380; x_wconf 85' lang='lat' dir='ltr'>lignis</span> <span class='ocrx_word' id='word_1_228' title='bbox 665 3265 802 3350; x_wconf 86' lang='lat' dir='ltr'>derasae</span> <span class='ocrx_word' id='word_1_229' title='bbox 822 3295 948 3379; x_wconf 87' lang='lat' dir='ltr'>partes</span> <span class='ocrx_word' id='word_1_230' title='bbox 968 3266 1289 3377; x_wconf 82' lang='lat' dir='ltr'>solidae‚.scobes</span> <span class='ocrx_word' id='word_1_231' title='bbox 1310 3271 1425 3375; x_wconf 89' lang='lat' dir='ltr'>ferri,</span> <span class='ocrx_word' id='word_1_232' title='bbox 1448 3271 1601 3382; x_wconf 87' lang='lat' dir='ltr'>aliaque</span> <span class='ocrx_word' id='word_1_233' title='bbox 1620 3299 1804 3358; x_wconf 84' lang='lat' dir='ltr'>extranea</span> <span class='ocrx_word' id='word_1_234' title='bbox 1828 3303 1907 3382; x_wconf 80' lang='lat' dir='ltr'>qua</span> 
     </span>
     <span class='ocr_line' id='line_1_27' title="bbox 479 3377 1904 3498; baseline 0.001 -32"><span class='ocrx_word' id='word_1_235' title='bbox 479 3379 572 3470; x_wconf 70' lang='lat' dir='ltr'>inde</span> <span class='ocrx_word' id='word_1_236' title='bbox 600 3379 776 3495; x_wconf 80' lang='lat' dir='ltr'>pessimas</span> <span class='ocrx_word' id='word_1_237' title='bbox 802 3377 1062 3492; x_wconf 85' lang='lat' dir='ltr'>phlegmones</span> <span class='ocrx_word' id='word_1_238' title='bbox 1087 3384 1289 3487; x_wconf 86' lang='lat' dir='ltr'>excitant,</span> <span class='ocrx_word' id='word_1_239' title='bbox 1320 3411 1396 3465; x_wconf 87' lang='lat' dir='ltr'>nec</span> <span class='ocrx_word' id='word_1_240' title='bbox 1420 3386 1488 3466; x_wconf 84' lang='lat' dir='ltr'>nist</span> <span class='ocrx_word' id='word_1_241' title='bbox 1511 3382 1579 3498; x_wconf 93' lang='lat' dir='ltr'>sup</span> <span class='ocrx_word' id='word_1_242' title='bbox 1606 3389 1787 3470; x_wconf 84' lang='lat' dir='ltr'>uratione</span> <span class='ocrx_word' id='word_1_243' title='bbox 1810 3383 1904 3468; x_wconf 68' lang='lat' dir='ltr'>fatte</span> 
     </span>
     <span class='ocr_line' id='line_1_28' title="bbox 480 3417 1903 3608; baseline 0.001 -30"><span class='ocrx_word' id='word_1_244' title='bbox 480 3494 728 3579; x_wconf 85' lang='lat' dir='ltr'>deraduntur,</span> <span class='ocrx_word' id='word_1_245' title='bbox 760 3491 862 3600; x_wconf 88' lang='lat' dir='ltr'>Quae</span> <span class='ocrx_word' id='word_1_246' title='bbox 889 3493 916 3573; x_wconf 92' lang='lat' dir='ltr'>sr</span> <span class='ocrx_word' id='word_1_247' title='bbox 942 3492 1166 3606; x_wconf 90' lang='lat' dir='ltr'>suppuratio</span> <span class='ocrx_word' id='word_1_248' title='bbox 1194 3496 1386 3588; x_wconf 81' lang='lat' dir='ltr'>concitari</span> <span class='ocrx_word' id='word_1_249' title='bbox 1402 3509 1491 3576; x_wconf 85' lang='lat' dir='ltr'>¹non</span> <span class='ocrx_word' id='word_1_250' title='bbox 1517 3417 1659 3608; x_wconf 64' lang='lat' dir='ltr'>podir,</span> <span class='ocrx_word' id='word_1_251' title='bbox 1683 3523 1750 3580; x_wconf 88' lang='lat' dir='ltr'>aut</span> <span class='ocrx_word' id='word_1_252' title='bbox 1771 3499 1903 3602; x_wconf 88' lang='lat' dir='ltr'>exire,</span> 
     </span>
     <span class='ocr_line' id='line_1_29' title="bbox 478 3603 1905 3726; baseline 0.002 -37"><span class='ocrx_word' id='word_1_253' title='bbox 478 3633 525 3690; x_wconf 89' lang='lat' dir='ltr'>ut</span> <span class='ocrx_word' id='word_1_254' title='bbox 551 3608 592 3688; x_wconf 91' lang='lat' dir='ltr'>in</span> <span class='ocrx_word' id='word_1_255' title='bbox 621 3631 799 3692; x_wconf 86' lang='lat' dir='ltr'>extremo</span> <span class='ocrx_word' id='word_1_256' title='bbox 828 3603 1041 3716; x_wconf 84' lang='lat' dir='ltr'>digitorum</span> <span class='ocrx_word' id='word_1_257' title='bbox 1073 3609 1185 3718; x_wconf 90' lang='lat' dir='ltr'>apice</span> <span class='ocrx_word' id='word_1_258' title='bbox 1216 3606 1346 3720; x_wconf 84' lang='lat' dir='ltr'>saepiirs</span> <span class='ocrx_word' id='word_1_259' title='bbox 1380 3606 1554 3714; x_wconf 81' lang='lat' dir='ltr'>accidit,</span> <span class='ocrx_word' id='word_1_260' title='bbox 1581 3634 1677 3692; x_wconf 92' lang='lat' dir='ltr'>tunc</span> <span class='ocrx_word' id='word_1_261' title='bbox 1704 3610 1905 3726; x_wconf 84' lang='lat' dir='ltr'>pelsmtum</span> 
     </span>
     <span class='ocr_line' id='line_1_30' title="bbox 479 3716 1905 3832; baseline 0.002 -31"><span class='ocrx_word' id='word_1_262' title='bbox 479 3721 605 3802; x_wconf 92' lang='lat' dir='ltr'>oritur</span> <span class='ocrx_word' id='word_1_263' title='bbox 619 3716 865 3800; x_wconf 89' lang='lat' dir='ltr'>reduviarurn</span> <span class='ocrx_word' id='word_1_264' title='bbox 875 3778 892 3821; x_wconf 88' lang='lat'><em>‚</em></span> <span class='ocrx_word' id='word_1_265' title='bbox 911 3742 977 3800; x_wconf 89' lang='lat' dir='ltr'>aut</span> <span class='ocrx_word' id='word_1_266' title='bbox 994 3720 1322 3830; x_wconf 87' lang='lat' dir='ltr'>paronychiarum</span> <span class='ocrx_word' id='word_1_267' title='bbox 1342 3747 1492 3832; x_wconf 83' lang='lat' dir='ltr'>genus,</span> <span class='ocrx_word' id='word_1_268' title='bbox 1517 3717 1618 3805; x_wconf 68' lang='lat' dir='ltr'>bend</span> <span class='ocrx_word' id='word_1_269' title='bbox 1642 3747 1784 3816; x_wconf 83' lang='lat' dir='ltr'>notum</span> <span class='ocrx_word' id='word_1_270' title='bbox 1808 3721 1905 3806; x_wconf 83' lang='lat' dir='ltr'>Chi·</span> 
     </span>
     <span class='ocr_line' id='line_1_31' title="bbox 479 3827 1507 3938; baseline 0.001 -24"><span class='ocrx_word' id='word_1_271' title='bbox 479 3859 546 3914; x_wconf 91' lang='lat' dir='ltr'>rur</span> <span class='ocrx_word' id='word_1_272' title='bbox 573 3833 629 3934; x_wconf 84' lang='lat' dir='ltr'>is,</span> <span class='ocrx_word' id='word_1_273' title='bbox 653 3827 721 3918; x_wconf 87' lang='lat' dir='ltr'>sed</span> <span class='ocrx_word' id='word_1_274' title='bbox 744 3828 794 3916; x_wconf 92' lang='lat' dir='ltr'>de</span> <span class='ocrx_word' id='word_1_275' title='bbox 817 3857 898 3937; x_wconf 89' lang='lat' dir='ltr'>quo</span> <span class='ocrx_word' id='word_1_276' title='bbox 921 3830 986 3916; x_wconf 77' lang='lat' dir='ltr'>hle</span> <span class='ocrx_word' id='word_1_277' title='bbox 1010 3828 1123 3938; x_wconf 91' lang='lat' dir='ltr'>loqui</span> <span class='ocrx_word' id='word_1_278' title='bbox 1144 3859 1229 3914; x_wconf 93' lang='lat' dir='ltr'>non</span> <span class='ocrx_word' id='word_1_279' title='bbox 1249 3833 1421 3917; x_wconf 86' lang='lat' dir='ltr'>nostrum</span> <span class='ocrx_word' id='word_1_280' title='bbox 1442 3835 1507 3916; x_wconf 86' lang='lat' dir='ltr'>est.</span> 
     </span>
     <span class='ocr_line' id='line_1_32' title="bbox 535 3860 1903 4059; baseline 0.003 -35"><span class='ocrx_word' id='word_1_281' title='bbox 535 3860 594 4024; x_wconf 70' lang='lat' dir='ltr'>ria</span> <span class='ocrx_word' id='word_1_282' title='bbox 615 3968 745 4048; x_wconf 84' lang='lat' dir='ltr'>autern</span> <span class='ocrx_word' id='word_1_283' title='bbox 760 3939 1018 4027; x_wconf 88' lang='lat' dir='ltr'>incommoda</span> <span class='ocrx_word' id='word_1_284' title='bbox 1038 3945 1088 4024; x_wconf 80' lang='lat' dir='ltr'>eo</span> <span class='ocrx_word' id='word_1_285' title='bbox 1105 3945 1286 4056; x_wconf 86' lang='lat' dir='ltr'>graviora</span> <span class='ocrx_word' id='word_1_286' title='bbox 1302 3942 1411 4050; x_wconf 87' lang='lat' dir='ltr'>sunt,</span> <span class='ocrx_word' id='word_1_287' title='bbox 1434 3947 1515 4054; x_wconf 77' lang='lat' dir='ltr'>quo</span> <span class='ocrx_word' id='word_1_288' title='bbox 1528 3971 1653 4059; x_wconf 86' lang='lat' dir='ltr'>partes</span> <span class='ocrx_word' id='word_1_289' title='bbox 1675 3946 1803 4030; x_wconf 80' lang='lat' dir='ltr'>infixa·</span> <span class='ocrx_word' id='word_1_290' title='bbox 1822 3943 1903 4028; x_wconf 82' lang='lat' dir='ltr'>lon-</span> 
     </span>
     <span class='ocr_line' id='line_1_33' title="bbox 506 4050 1898 4172; baseline 0.005 -37"><span class='ocrx_word' id='word_1_291' title='bbox 506 4057 609 4138; x_wconf 87' lang='lat' dir='ltr'>iores</span> <span class='ocrx_word' id='word_1_292' title='bbox 638 4054 749 4159; x_wconf 88' lang='lat' dir='ltr'>sunt,</span> <span class='ocrx_word' id='word_1_293' title='bbox 777 4052 956 4162; x_wconf 79' lang='lat' dir='ltr'>adeoque</span> <span class='ocrx_word' id='word_1_294' title='bbox 982 4050 1352 4166; x_wconf 74' lang='lat' dir='ltr'>altius‘penetrant,</span> <span class='ocrx_word' id='word_1_295' title='bbox 1382 4059 1464 4166; x_wconf 83' lang='lat' dir='ltr'>quo</span> <span class='ocrx_word' id='word_1_296' title='bbox 1485 4059 1597 4172; x_wconf 86' lang='lat' dir='ltr'>apice</span> <span class='ocrx_word' id='word_1_297' title='bbox 1620 4060 1790 4142; x_wconf 86' lang='lat' dir='ltr'>acutiori</span> <span class='ocrx_word' id='word_1_298' title='bbox 1813 4055 1898 4142; x_wconf 81' lang='lat' dir='ltr'>basra</span> 
     </span>
     <span class='ocr_line' id='line_1_34' title="bbox 477 4086 1900 4284; baseline 0.001 -36"><span class='ocrx_word' id='word_1_299' title='bbox 477 4086 595 4257; x_wconf 65' lang='lat' dir='ltr'>satior</span> <span class='ocrx_word' id='word_1_300' title='bbox 611 4169 681 4270; x_wconf 88' lang='lat' dir='ltr'>est,</span> <span class='ocrx_word' id='word_1_301' title='bbox 698 4171 781 4268; x_wconf 77' lang='lat' dir='ltr'>rum</span> <span class='ocrx_word' id='word_1_302' title='bbox 797 4169 893 4249; x_wconf 80' lang='lat' dir='ltr'>vero</span> <span class='ocrx_word' id='word_1_303' title='bbox 909 4164 956 4269; x_wconf 84' lang='lat' dir='ltr'>st,</span> <span class='ocrx_word' id='word_1_304' title='bbox 970 4191 1015 4246; x_wconf 92' lang='lat' dir='ltr'>ut</span> <span class='ocrx_word' id='word_1_305' title='bbox 1027 4167 1066 4246; x_wconf 90' lang='lat' dir='ltr'>iu</span> <span class='ocrx_word' id='word_1_306' title='bbox 1079 4165 1225 4272; x_wconf 73' lang='lat' dir='ltr'>urrici,</span> <span class='ocrx_word' id='word_1_307' title='bbox 1241 4171 1322 4254; x_wconf 84' lang='lat' dir='ltr'>exit</span> <span class='ocrx_word' id='word_1_308' title='bbox 1336 4196 1405 4284; x_wconf 91' lang='lat' dir='ltr'>per</span> <span class='ocrx_word' id='word_1_309' title='bbox 1420 4166 1598 4252; x_wconf 89' lang='lat' dir='ltr'>tubulum</span> <span class='ocrx_word' id='word_1_310' title='bbox 1616 4169 1730 4283; x_wconf 78' lang='lat' dir='ltr'>spina</span> <span class='ocrx_word' id='word_1_311' title='bbox 1742 4171 1900 4264; x_wconf 82' lang='lat' dir='ltr'>infixum</span> 
     </span>
     <span class='ocr_line' id='line_1_35' title="bbox 476 4276 1899 4394; baseline 0.001 -32"><span class='ocrx_word' id='word_1_312' title='bbox 476 4277 611 4388; x_wconf 91' lang='lat' dir='ltr'>liquor</span> <span class='ocrx_word' id='word_1_313' title='bbox 630 4276 766 4388; x_wconf 91' lang='lat' dir='ltr'>aliquis</span> <span class='ocrx_word' id='word_1_314' title='bbox 793 4303 882 4361; x_wconf 91' lang='lat' dir='ltr'>acer</span> <span class='ocrx_word' id='word_1_315' title='bbox 906 4284 946 4359; x_wconf 78' lang='grc'>8(</span> <span class='ocrx_word' id='word_1_316' title='bbox 966 4281 1108 4360; x_wconf 88' lang='lat' dir='ltr'>veneni</span> <span class='ocrx_word' id='word_1_317' title='bbox 1134 4281 1223 4364; x_wconf 89' lang='lat' dir='ltr'>vice</span> <span class='ocrx_word' id='word_1_318' title='bbox 1243 4308 1421 4394; x_wconf 85' lang='lat' dir='ltr'>pungens</span> <span class='ocrx_word' id='word_1_319' title='bbox 1443 4307 1559 4389; x_wconf 88' lang='lat' dir='ltr'>atque</span> <span class='ocrx_word' id='word_1_320' title='bbox 1584 4285 1870 4367; x_wconf 78' lang='lat' dir='ltr'>cathaereticum</span> <span class='ocrx_word' id='word_1_321' title='bbox 1883 4340 1899 4387; x_wconf 84' lang='lat'><strong><em>,</em></strong></span> 
     </span>
     <span class='ocr_line' id='line_1_36' title="bbox 477 4387 1900 4506; baseline 0.001 -34"><span class='ocrx_word' id='word_1_322' title='bbox 477 4414 665 4506; x_wconf 92' lang='lat' dir='ltr'>poterunt</span> <span class='ocrx_word' id='word_1_323' title='bbox 690 4390 796 4473; x_wconf 88' lang='lat' dir='ltr'>nasci</span> <span class='ocrx_word' id='word_1_324' title='bbox 819 4389 952 4474; x_wconf 87' lang='lat' dir='ltr'>ulcera</span> <span class='ocrx_word' id='word_1_325' title='bbox 973 4387 1067 4472; x_wconf 87' lang='lat' dir='ltr'>mali</span> <span class='ocrx_word' id='word_1_326' title='bbox 1085 4395 1234 4494; x_wconf 82' lang='lat' dir='ltr'>moris,</span> <span class='ocrx_word' id='word_1_327' title='bbox 1256 4391 1305 4473; x_wconf 88' lang='lat' dir='ltr'>ad</span> <span class='ocrx_word' id='word_1_328' title='bbox 1325 4421 1408 4501; x_wconf 84' lang='lat' dir='ltr'>quae</span> <span class='ocrx_word' id='word_1_329' title='bbox 1425 4389 1508 4475; x_wconf 89' lang='lat' dir='ltr'>sola</span> <span class='ocrx_word' id='word_1_330' title='bbox 1531 4392 1751 4479; x_wconf 88' lang='lat' dir='ltr'>reseruntur</span> <span class='ocrx_word' id='word_1_331' title='bbox 1772 4395 1900 4477; x_wconf 88' lang='lat' dir='ltr'>omnia</span> 
     </span>
     <span class='ocr_line' id='line_1_37' title="bbox 476 4499 1900 4618; baseline 0.002 -33"><span class='ocrx_word' id='word_1_332' title='bbox 476 4499 581 4585; x_wconf 85' lang='lat' dir='ltr'>mala</span> <span class='ocrx_word' id='word_1_333' title='bbox 604 4532 685 4610; x_wconf 84' lang='lat' dir='ltr'>quae</span> <span class='ocrx_word' id='word_1_334' title='bbox 712 4505 753 4583; x_wconf 92' lang='lat' dir='ltr'>in</span> <span class='ocrx_word' id='word_1_335' title='bbox 782 4529 874 4586; x_wconf 83' lang='lat' dir='ltr'>oute</span> <span class='ocrx_word' id='word_1_336' title='bbox 900 4500 922 4584; x_wconf 76' lang='lat' dir='ltr'>i</span> <span class='ocrx_word' id='word_1_337' title='bbox 949 4502 1081 4586; x_wconf 90' lang='lat' dir='ltr'>morsu</span> <span class='ocrx_word' id='word_1_338' title='bbox 1113 4505 1261 4586; x_wconf 65' lang='lat' dir='ltr'>inflicto</span> <span class='ocrx_word' id='word_1_339' title='bbox 1292 4503 1396 4587; x_wconf 90' lang='lat' dir='ltr'>nasci</span> <span class='ocrx_word' id='word_1_340' title='bbox 1424 4504 1604 4618; x_wconf 88' lang='lat' dir='ltr'>possunt,</span> <span class='ocrx_word' id='word_1_341' title='bbox 1632 4506 1703 4588; x_wconf 87' lang='lat' dir='ltr'>nist</span> <span class='ocrx_word' id='word_1_342' title='bbox 1729 4505 1900 4590; x_wconf 66' lang='lat' dir='ltr'>lacerate</span> 
     </span>
     <span class='ocr_line' id='line_1_38' title="bbox 476 4609 1901 4730; baseline 0 -32"><span class='ocrx_word' id='word_1_343' title='bbox 476 4609 591 4714; x_wconf 81' lang='lat' dir='ltr'>strnul</span> <span class='ocrx_word' id='word_1_344' title='bbox 605 4639 720 4722; x_wconf 90' lang='lat' dir='ltr'>atque</span> <span class='ocrx_word' id='word_1_345' title='bbox 733 4613 887 4714; x_wconf 78' lang='lat' dir='ltr'>divulsa</span> <span class='ocrx_word' id='word_1_346' title='bbox 903 4639 1028 4728; x_wconf 88' lang='lat' dir='ltr'>partes</span> <span class='ocrx_word' id='word_1_347' title='bbox 1043 4613 1210 4707; x_wconf 78' lang='lat' dir='ltr'>fuerint,</span> <span class='ocrx_word' id='word_1_348' title='bbox 1234 4641 1278 4698; x_wconf 94' lang='lat' dir='ltr'>ut</span> <span class='ocrx_word' id='word_1_349' title='bbox 1291 4612 1339 4697; x_wconf 88' lang='lat' dir='ltr'>ab</span> <span class='ocrx_word' id='word_1_350' title='bbox 1356 4646 1560 4730; x_wconf 86' lang='lat' dir='ltr'>aprorum,</span> <span class='ocrx_word' id='word_1_351' title='bbox 1582 4616 1776 4725; x_wconf 87' lang='lat' dir='ltr'>ursarum,</span> <span class='ocrx_word' id='word_1_352' title='bbox 1797 4619 1901 4729; x_wconf 86' lang='lat' dir='ltr'>tigri·</span> 
     </span>
     <span class='ocr_line' id='line_1_39' title="bbox 475 4724 1899 4866; baseline 0.001 -54"><span class='ocrx_word' id='word_1_353' title='bbox 475 4724 651 4838; x_wconf 84' lang='lat' dir='ltr'>dumque</span> <span class='ocrx_word' id='word_1_354' title='bbox 670 4727 801 4813; x_wconf 91' lang='lat' dir='ltr'>morsu</span> <span class='ocrx_word' id='word_1_355' title='bbox 821 4730 888 4844; x_wconf 80' lang='lat' dir='ltr'>fit,</span> <span class='ocrx_word' id='word_1_356' title='bbox 911 4757 1011 4850; x_wconf 92' lang='lat' dir='ltr'>quos</span> <span class='ocrx_word' id='word_1_357' title='bbox 1033 4725 1083 4830; x_wconf 85' lang='lat' dir='ltr'>ad</span> <span class='ocrx_word' id='word_1_358' title='bbox 1105 4727 1268 4824; x_wconf 83' lang='lat' dir='ltr'>morbos</span> <span class='ocrx_word' id='word_1_359' title='bbox 1288 4732 1389 4816; x_wconf 91' lang='lat' dir='ltr'>cutis</span> <span class='ocrx_word' id='word_1_360' title='bbox 1410 4729 1552 4819; x_wconf 86' lang='lat' dir='ltr'>referre</span> <span class='ocrx_word' id='word_1_361' title='bbox 1569 4727 1664 4819; x_wconf 83' lang='lat' dir='ltr'>esset</span> <span class='ocrx_word' id='word_1_362' title='bbox 1679 4728 1899 4866; x_wconf 70' lang='lat' dir='ltr'>piaculum,</span> 
     </span>
     <span class='ocr_line' id='line_1_40' title="bbox 1813 4865 1902 4933; baseline 0.011 -1"><span class='ocrx_word' id='word_1_363' title='bbox 1813 4865 1902 4933; x_wconf 76' lang='lat' dir='ltr'>cum</span> 
     </span>
    </p>
   </div>
   <div class='ocr_carea' id='block_1_6' title="bbox 1631 1583 1926 1684">
    <p class='ocr_par' dir='ltr' id='par_1_6' title="bbox 1631 1583 1926 1684">
     <span class='ocr_line' id='line_1_41' title="bbox 1631 1583 1926 1684; baseline -0.007 -16"><span class='ocrx_word' id='word_1_364' title='bbox 1631 1583 1653 1668; x_wconf 80' lang='grc' dir='ltr'><strong>ὲ</strong></span> <span class='ocrx_word' id='word_1_365' title='bbox 1667 1679 1671 1684; x_wconf 46' lang='grc'>,</span> <span class='ocrx_word' id='word_1_366' title='bbox 1683 1586 1926 1670; x_wconf 77' lang='lat' dir='ltr'>rarissimum</span> 
     </span>
    </p>
   </div>
   <div class='ocr_carea' id='block_1_7' title="bbox 0 0 2130 5893">
    <p class='ocr_par' dir='ltr' id='par_1_7' title="bbox 0 0 2130 5893">
     <span class='ocr_line' id='line_1_42' title="bbox 0 0 2130 5893; baseline 0 0"><span class='ocrx_word' id='word_1_367' title='bbox 0 0 2130 5893; x_wconf 95' lang='lat' dir='ltr'> </span> 
     </span>
    </p>
   </div>
  </div>
 </body>
</html>
