<?xml version="1.0" encoding="UTF-8"?>
<!DOCTYPE html PUBLIC "-//W3C//DTD XHTML 1.0 Transitional//EN"
    "http://www.w3.org/TR/xhtml1/DTD/xhtml1-transitional.dtd">
<html xmlns="http://www.w3.org/1999/xhtml" xml:lang="en" lang="en">
 <head>
  <title>
</title>
<meta http-equiv="Content-Type" content="text/html;charset=utf-8" />
  <meta name='ocr-system' content='tesseract 3.04.00' />
  <meta name='ocr-capabilities' content='ocr_page ocr_carea ocr_par ocr_line ocrx_word'/>
</head>
<body>
  <div class='ocr_page' id='page_1' title='image "./tractatusdemorb00cavegoog_0460.png"; bbox 0 0 4226 5916; ppageno 0'>
   <div class='ocr_carea' id='block_1_1' title="bbox 668 387 1637 510">
    <p class='ocr_par' dir='ltr' id='par_1_1' title="bbox 668 387 1637 510">
     <span class='ocr_line' id='line_1_1' title="bbox 668 387 1637 510; baseline 0.001 -36"><span class='ocrx_word' id='word_1_1' title='bbox 668 387 1171 476; x_wconf 73' lang='lat' dir='ltr'>cornuria</span> <span class='ocrx_word' id='word_1_2' title='bbox 1553 425 1637 510; x_wconf 63' lang='lat'>4„</span> 
     </span>
    </p>
   </div>
   <div class='ocr_carea' id='block_1_2' title="bbox 196 549 1758 3038">
    <p class='ocr_par' dir='ltr' id='par_1_2' title="bbox 196 549 1758 3006">
     <span class='ocr_line' id='line_1_2' title="bbox 205 549 1634 666; baseline 0.011 -30"><span class='ocrx_word' id='word_1_3' title='bbox 205 549 307 636; x_wconf 70' lang='lat' dir='ltr'>aime</span> <span class='ocrx_word' id='word_1_4' title='bbox 332 555 488 665; x_wconf 83' lang='lat' dir='ltr'>vergit,</span> <span class='ocrx_word' id='word_1_5' title='bbox 515 554 568 634; x_wconf 85' lang='lat' dir='ltr'>ita</span> <span class='ocrx_word' id='word_1_6' title='bbox 588 577 632 633; x_wconf 92' lang='lat' dir='ltr'>ut</span> <span class='ocrx_word' id='word_1_7' title='bbox 657 551 858 658; x_wconf 66' lang='lat' dir='ltr'>deludor,</span> <span class='ocrx_word' id='word_1_8' title='bbox 884 562 924 638; x_wconf 71' lang='lat' dir='ltr'>dt</span> <span class='ocrx_word' id='word_1_9' title='bbox 946 550 1090 636; x_wconf 83' lang='lat' dir='ltr'>halitus</span> <span class='ocrx_word' id='word_1_10' title='bbox 1111 551 1369 666; x_wconf 88' lang='lat' dir='ltr'>perspirabilis</span> <span class='ocrx_word' id='word_1_11' title='bbox 1393 562 1634 652; x_wconf 88' lang='lat' dir='ltr'>tenellorum</span> 
     </span>
     <span class='ocr_line' id='line_1_3' title="bbox 203 663 1758 780; baseline 0.007 -33"><span class='ocrx_word' id='word_1_12' title='bbox 203 665 395 749; x_wconf 91' lang='lat' dir='ltr'>horumce</span> <span class='ocrx_word' id='word_1_13' title='bbox 415 694 631 779; x_wconf 88' lang='lat' dir='ltr'>corporum</span> <span class='ocrx_word' id='word_1_14' title='bbox 652 663 810 747; x_wconf 79' lang='lat' dir='ltr'>massam</span> <span class='ocrx_word' id='word_1_15' title='bbox 836 664 1142 750; x_wconf 84' lang='lat' dir='ltr'>fermentantem</span> <span class='ocrx_word' id='word_1_16' title='bbox 1166 671 1378 780; x_wconf 88' lang='lat' dir='ltr'>exprima.·,</span> <span class='ocrx_word' id='word_1_17' title='bbox 1407 684 1450 758; x_wconf 72' lang='lat' dir='ltr'>dt</span> <span class='ocrx_word' id='word_1_18' title='bbox 1468 677 1635 766; x_wconf 87' lang='lat' dir='ltr'>volatile</span> <span class='ocrx_word' id='word_1_19' title='bbox 1746 745 1758 758; x_wconf 72' lang='grc'>,</span> 
     </span>
     <span class='ocr_line' id='line_1_4' title="bbox 204 775 1635 896; baseline 0.015 -38"><span class='ocrx_word' id='word_1_20' title='bbox 204 775 300 885; x_wconf 87' lang='lat' dir='ltr'>quid</span> <span class='ocrx_word' id='word_1_21' title='bbox 325 776 526 862; x_wconf 90' lang='lat' dir='ltr'>acidulum</span> <span class='ocrx_word' id='word_1_22' title='bbox 559 775 727 863; x_wconf 86' lang='lat' dir='ltr'>exhalet.</span> <span class='ocrx_word' id='word_1_23' title='bbox 764 778 851 860; x_wconf 89' lang='lat' dir='ltr'>Sed</span> <span class='ocrx_word' id='word_1_24' title='bbox 882 780 909 860; x_wconf 88' lang='lat' dir='ltr'>sr</span> <span class='ocrx_word' id='word_1_25' title='bbox 944 777 998 860; x_wconf 94' lang='lat' dir='ltr'>ob</span> <span class='ocrx_word' id='word_1_26' title='bbox 1033 783 1318 866; x_wconf 73' lang='lat' dir='ltr'>concosliones</span> <span class='ocrx_word' id='word_1_27' title='bbox 1351 789 1535 896; x_wconf 85' lang='lat' dir='ltr'>vitiatas,</span> <span class='ocrx_word' id='word_1_28' title='bbox 1567 821 1635 879; x_wconf 89' lang='lat' dir='ltr'>aut</span> 
     </span>
     <span class='ocr_line' id='line_1_5' title="bbox 203 888 1633 1006; baseline 0.014 -36"><span class='ocrx_word' id='word_1_29' title='bbox 203 890 330 973; x_wconf 78' lang='lat' dir='ltr'>minus</span> <span class='ocrx_word' id='word_1_30' title='bbox 356 888 458 974; x_wconf 71' lang='lat' dir='ltr'>bene</span> <span class='ocrx_word' id='word_1_31' title='bbox 481 892 680 976; x_wconf 65' lang='lat' dir='ltr'>confertas</span> <span class='ocrx_word' id='word_1_32' title='bbox 693 953 707 995; x_wconf 94' lang='lat'>,</span> <span class='ocrx_word' id='word_1_33' title='bbox 732 889 799 974; x_wconf 92' lang='lat' dir='ltr'>vel</span> <span class='ocrx_word' id='word_1_34' title='bbox 821 891 1076 1006; x_wconf 72' lang='lat' dir='ltr'>praepediatur</span> <span class='ocrx_word' id='word_1_35' title='bbox 1102 891 1300 976; x_wconf 84' lang='lat' dir='ltr'>exhalatio</span> <span class='ocrx_word' id='word_1_36' title='bbox 1321 895 1410 1006; x_wconf 90' lang='lat' dir='ltr'>illa,</span> <span class='ocrx_word' id='word_1_37' title='bbox 1433 903 1498 986; x_wconf 92' lang='lat' dir='ltr'>vel</span> <span class='ocrx_word' id='word_1_38' title='bbox 1516 910 1633 990; x_wconf 81' lang='lat' dir='ltr'>cohi-</span> 
     </span>
     <span class='ocr_line' id='line_1_6' title="bbox 202 997 1633 1118; baseline 0.012 -30"><span class='ocrx_word' id='word_1_39' title='bbox 202 997 338 1088; x_wconf 81' lang='lat' dir='ltr'>beatur</span> <span class='ocrx_word' id='word_1_40' title='bbox 364 1006 405 1087; x_wconf 93' lang='lat' dir='ltr'>in</span> <span class='ocrx_word' id='word_1_41' title='bbox 428 1006 549 1110; x_wconf 82' lang='lat' dir='ltr'>vasis,</span> <span class='ocrx_word' id='word_1_42' title='bbox 580 1030 677 1087; x_wconf 80' lang='lat' dir='ltr'>tarne</span> <span class='ocrx_word' id='word_1_43' title='bbox 703 1001 902 1088; x_wconf 87' lang='lat' dir='ltr'>evolvitur</span> <span class='ocrx_word' id='word_1_44' title='bbox 928 1005 977 1089; x_wconf 91' lang='lat' dir='ltr'>ad</span> <span class='ocrx_word' id='word_1_45' title='bbox 999 1005 1225 1090; x_wconf 80' lang='lat' dir='ltr'>acredinem</span> <span class='ocrx_word' id='word_1_46' title='bbox 1250 1007 1371 1118; x_wconf 93' lang='lat' dir='ltr'>usque</span> <span class='ocrx_word' id='word_1_47' title='bbox 1393 1017 1633 1106; x_wconf 85' lang='lat' dir='ltr'>manifestam</span> 
     </span>
     <span class='ocr_line' id='line_1_7' title="bbox 202 1115 1634 1234; baseline 0.01 -31"><span class='ocrx_word' id='word_1_48' title='bbox 202 1115 421 1203; x_wconf 80' lang='lat' dir='ltr'>acescentia</span> <span class='ocrx_word' id='word_1_49' title='bbox 434 1115 526 1218; x_wconf 81' lang='lat' dir='ltr'>illa3</span> <span class='ocrx_word' id='word_1_50' title='bbox 548 1119 631 1202; x_wconf 80' lang='lat' dir='ltr'>&amp;fi</span> <span class='ocrx_word' id='word_1_51' title='bbox 651 1120 691 1200; x_wconf 92' lang='lat' dir='ltr'>in</span> <span class='ocrx_word' id='word_1_52' title='bbox 707 1115 911 1232; x_wconf 83' lang='lat' dir='ltr'>glandulas</span> <span class='ocrx_word' id='word_1_53' title='bbox 927 1118 1072 1202; x_wconf 90' lang='lat' dir='ltr'>seratur</span> <span class='ocrx_word' id='word_1_54' title='bbox 1086 1118 1239 1228; x_wconf 87' lang='lat' dir='ltr'>aliaque</span> <span class='ocrx_word' id='word_1_55' title='bbox 1260 1148 1405 1234; x_wconf 85' lang='lat' dir='ltr'>organa</span> <span class='ocrx_word' id='word_1_56' title='bbox 1424 1126 1634 1218; x_wconf 88' lang='lat' dir='ltr'>secretioni</span> 
     </span>
     <span class='ocr_line' id='line_1_8' title="bbox 202 1227 1634 1346; baseline 0.013 -36"><span class='ocrx_word' id='word_1_57' title='bbox 202 1227 416 1314; x_wconf 90' lang='lat' dir='ltr'>humorum</span> <span class='ocrx_word' id='word_1_58' title='bbox 430 1230 580 1338; x_wconf 89' lang='lat' dir='ltr'>dicata,</span> <span class='ocrx_word' id='word_1_59' title='bbox 598 1231 827 1316; x_wconf 88' lang='lat' dir='ltr'>indurantur</span> <span class='ocrx_word' id='word_1_60' title='bbox 842 1231 1003 1340; x_wconf 91' lang='lat' dir='ltr'>quidem</span> <span class='ocrx_word' id='word_1_61' title='bbox 1021 1230 1090 1314; x_wconf 92' lang='lat' dir='ltr'>illa</span> <span class='ocrx_word' id='word_1_62' title='bbox 1102 1230 1291 1315; x_wconf 75' lang='lat' dir='ltr'>sacillimb</span> <span class='ocrx_word' id='word_1_63' title='bbox 1305 1241 1355 1318; x_wconf 85' lang='lat' dir='ltr'>eo</span> <span class='ocrx_word' id='word_1_64' title='bbox 1372 1239 1480 1346; x_wconf 81' lang='lat' dir='ltr'>quod</span> <span class='ocrx_word' id='word_1_65' title='bbox 1492 1241 1634 1328; x_wconf 81' lang='lat' dir='ltr'>seleni-</span> 
     </span>
     <span class='ocr_line' id='line_1_9' title="bbox 201 1341 1634 1454; baseline 0.014 -32"><span class='ocrx_word' id='word_1_66' title='bbox 201 1343 326 1425; x_wconf 90' lang='lat' dir='ltr'>ticum</span> <span class='ocrx_word' id='word_1_67' title='bbox 347 1344 559 1454; x_wconf 88' lang='lat' dir='ltr'>quemdam</span> <span class='ocrx_word' id='word_1_68' title='bbox 579 1342 911 1453; x_wconf 89' lang='lat' dir='ltr'>insolubilemque</span> <span class='ocrx_word' id='word_1_69' title='bbox 930 1341 1050 1426; x_wconf 88' lang='lat' dir='ltr'>salem</span> <span class='ocrx_word' id='word_1_70' title='bbox 1069 1374 1162 1426; x_wconf 89' lang='lat' dir='ltr'>curn</span> <span class='ocrx_word' id='word_1_71' title='bbox 1183 1345 1284 1428; x_wconf 77' lang='lat' dir='ltr'>terrai</span> <span class='ocrx_word' id='word_1_72' title='bbox 1305 1347 1538 1438; x_wconf 82' lang='lat' dir='ltr'>absorbente</span> <span class='ocrx_word' id='word_1_73' title='bbox 1555 1355 1634 1442; x_wconf 88' lang='lat' dir='ltr'>ubi·</span> 
     </span>
     <span class='ocr_line' id='line_1_10' title="bbox 202 1454 1635 1571; baseline 0.012 -34"><span class='ocrx_word' id='word_1_74' title='bbox 202 1481 278 1562; x_wconf 89' lang='lat' dir='ltr'>que</span> <span class='ocrx_word' id='word_1_75' title='bbox 291 1458 334 1539; x_wconf 89' lang='lat' dir='ltr'>in</span> <span class='ocrx_word' id='word_1_76' title='bbox 346 1454 593 1571; x_wconf 89' lang='lat' dir='ltr'>lymphatico</span> <span class='ocrx_word' id='word_1_77' title='bbox 604 1459 774 1541; x_wconf 91' lang='lat' dir='ltr'>humore</span> <span class='ocrx_word' id='word_1_78' title='bbox 788 1485 831 1541; x_wconf 92' lang='lat' dir='ltr'>re</span> <span class='ocrx_word' id='word_1_79' title='bbox 859 1457 1021 1542; x_wconf 75' lang='lat' dir='ltr'>eriundi</span> <span class='ocrx_word' id='word_1_80' title='bbox 1034 1459 1209 1559; x_wconf 85' lang='lat' dir='ltr'>efficiant</span> <span class='ocrx_word' id='word_1_81' title='bbox 1217 1457 1525 1566; x_wconf 73' lang='lat' dir='ltr'>,obstrusliones</span> <span class='ocrx_word' id='word_1_82' title='bbox 1537 1494 1635 1555; x_wconf 90' lang='lat' dir='ltr'>tunc</span> 
     </span>
     <span class='ocr_line' id='line_1_11' title="bbox 201 1488 1635 1674; baseline 0.013 -25"><span class='ocrx_word' id='word_1_83' title='bbox 201 1593 382 1654; x_wconf 90' lang='lat' dir='ltr'>creantur</span> <span class='ocrx_word' id='word_1_84' title='bbox 389 1569 624 1662; x_wconf 72' lang='lat' dir='ltr'>difficillime</span> <span class='ocrx_word' id='word_1_85' title='bbox 632 1488 890 1655; x_wconf 72' lang='lat' dir='ltr'>resolvenda:</span> <span class='ocrx_word' id='word_1_86' title='bbox 907 1574 1094 1674; x_wconf 88' lang='lat' dir='ltr'>humores</span> <span class='ocrx_word' id='word_1_87' title='bbox 1103 1574 1199 1654; x_wconf 82' lang='lat' dir='ltr'>vero</span> <span class='ocrx_word' id='word_1_88' title='bbox 1211 1577 1387 1657; x_wconf 89' lang='lat' dir='ltr'>nativum</span> <span class='ocrx_word' id='word_1_89' title='bbox 1400 1583 1635 1666; x_wconf 75' lang='lat' dir='ltr'>carasierem</span> 
     </span>
     <span class='ocr_line' id='line_1_12' title="bbox 200 1683 1635 1798; baseline 0.012 -34"><span class='ocrx_word' id='word_1_90' title='bbox 200 1687 409 1790; x_wconf 86' lang='lat' dir='ltr'>amittunt,</span> <span class='ocrx_word' id='word_1_91' title='bbox 426 1686 603 1796; x_wconf 87' lang='lat' dir='ltr'>fiuntque</span> <span class='ocrx_word' id='word_1_92' title='bbox 613 1684 728 1790; x_wconf 75' lang='lat' dir='ltr'>inde,</span> <span class='ocrx_word' id='word_1_93' title='bbox 746 1709 813 1768; x_wconf 91' lang='lat' dir='ltr'>aut</span> <span class='ocrx_word' id='word_1_94' title='bbox 827 1683 943 1788; x_wconf 89' lang='lat' dir='ltr'>fatui,</span> <span class='ocrx_word' id='word_1_95' title='bbox 958 1710 1076 1793; x_wconf 85' lang='lat' dir='ltr'>atque</span> <span class='ocrx_word' id='word_1_96' title='bbox 1090 1683 1192 1768; x_wconf 76' lang='lat' dir='ltr'>terrai</span> <span class='ocrx_word' id='word_1_97' title='bbox 1208 1687 1341 1770; x_wconf 83' lang='lat' dir='ltr'>&amp;sale</span> <span class='ocrx_word' id='word_1_98' title='bbox 1358 1690 1550 1798; x_wconf 87' lang='lat' dir='ltr'>destituti,</span> <span class='ocrx_word' id='word_1_99' title='bbox 1567 1723 1635 1782; x_wconf 90' lang='lat' dir='ltr'>aut</span> 
     </span>
     <span class='ocr_line' id='line_1_13' title="bbox 200 1794 1635 1906; baseline 0.008 -27"><span class='ocrx_word' id='word_1_100' title='bbox 200 1794 1635 1906; x_wconf 81' lang='lat' dir='ltr'>resinosratqueacescentes.Inhocultimocasubilisviridescensvitium</span> 
     </span>
     <span class='ocr_line' id='line_1_14' title="bbox 198 1907 1634 2026; baseline 0.008 -32"><span class='ocrx_word' id='word_1_101' title='bbox 198 1907 303 1996; x_wconf 91' lang='lat' dir='ltr'>illud</span> <span class='ocrx_word' id='word_1_102' title='bbox 319 1909 447 1994; x_wconf 85' lang='lat' dir='ltr'>oculis</span> <span class='ocrx_word' id='word_1_103' title='bbox 463 1913 659 2026; x_wconf 84' lang='lat' dir='ltr'>exprimit.</span> <span class='ocrx_word' id='word_1_104' title='bbox 679 1909 778 1992; x_wconf 80' lang='lat' dir='ltr'>Hac</span> <span class='ocrx_word' id='word_1_105' title='bbox 799 1907 928 1993; x_wconf 84' lang='lat' dir='ltr'>feralis</span> <span class='ocrx_word' id='word_1_106' title='bbox 949 1910 1108 2018; x_wconf 88' lang='lat' dir='ltr'>quidem</span> <span class='ocrx_word' id='word_1_107' title='bbox 1122 1910 1239 1996; x_wconf 90' lang='lat' dir='ltr'>scena</span> <span class='ocrx_word' id='word_1_108' title='bbox 1252 1916 1303 1996; x_wconf 90' lang='lat' dir='ltr'>est</span> <span class='ocrx_word' id='word_1_109' title='bbox 1314 1977 1326 2017; x_wconf 93' lang='lat'>,</span> <span class='ocrx_word' id='word_1_110' title='bbox 1348 1923 1390 1995; x_wconf 72' lang='grc' dir='ltr'>ὃ(</span> <span class='ocrx_word' id='word_1_111' title='bbox 1410 1917 1461 1997; x_wconf 85' lang='lat' dir='ltr'>eb</span> <span class='ocrx_word' id='word_1_112' title='bbox 1476 1918 1526 2000; x_wconf 91' lang='lat' dir='ltr'>ad</span> <span class='ocrx_word' id='word_1_113' title='bbox 1540 1920 1634 2005; x_wconf 89' lang='lat' dir='ltr'>den-</span> 
     </span>
     <span class='ocr_line' id='line_1_15' title="bbox 198 2020 1632 2139; baseline 0.006 -29"><span class='ocrx_word' id='word_1_114' title='bbox 198 2027 384 2110; x_wconf 86' lang='lat' dir='ltr'>titionem</span> <span class='ocrx_word' id='word_1_115' title='bbox 399 2021 678 2139; x_wconf 82' lang='lat' dir='ltr'>periculosior,</span> <span class='ocrx_word' id='word_1_116' title='bbox 699 2020 807 2133; x_wconf 85' lang='lat' dir='ltr'>qubd</span> <span class='ocrx_word' id='word_1_117' title='bbox 822 2050 872 2105; x_wconf 93' lang='lat' dir='ltr'>eo</span> <span class='ocrx_word' id='word_1_118' title='bbox 887 2047 1067 2136; x_wconf 90' lang='lat' dir='ltr'>tempore</span> <span class='ocrx_word' id='word_1_119' title='bbox 1089 2023 1177 2137; x_wconf 89' lang='lat' dir='ltr'>plus</span> <span class='ocrx_word' id='word_1_120' title='bbox 1197 2051 1305 2108; x_wconf 86' lang='lat' dir='ltr'>terrae</span> <span class='ocrx_word' id='word_1_121' title='bbox 1324 2023 1428 2109; x_wconf 78' lang='lat' dir='ltr'>illins</span> <span class='ocrx_word' id='word_1_122' title='bbox 1453 2031 1632 2120; x_wconf 84' lang='lat' dir='ltr'>animalia</span> 
     </span>
     <span class='ocr_line' id='line_1_16' title="bbox 201 2134 1634 2256; baseline 0.005 -34"><span class='ocrx_word' id='word_1_123' title='bbox 201 2136 341 2222; x_wconf 90' lang='lat' dir='ltr'>debuit</span> <span class='ocrx_word' id='word_1_124' title='bbox 355 2136 489 2222; x_wconf 87' lang='lat' dir='ltr'>evolvi</span> <span class='ocrx_word' id='word_1_125' title='bbox 505 2137 554 2220; x_wconf 91' lang='lat' dir='ltr'>ad</span> <span class='ocrx_word' id='word_1_126' title='bbox 573 2136 712 2220; x_wconf 79' lang='lat' dir='ltr'>ossium</span> <span class='ocrx_word' id='word_1_127' title='bbox 734 2163 1101 2246; x_wconf 89' lang='lat' dir='ltr'>quorumcumque,</span> <span class='ocrx_word' id='word_1_128' title='bbox 1118 2134 1183 2218; x_wconf 90' lang='lat' dir='ltr'>sed</span> <span class='ocrx_word' id='word_1_129' title='bbox 1198 2139 1415 2224; x_wconf 81' lang='lat' dir='ltr'>evidentibs</span> <span class='ocrx_word' id='word_1_130' title='bbox 1430 2139 1634 2256; x_wconf 88' lang='lat' dir='ltr'>dentium,</span> 
     </span>
     <span class='ocr_line' id='line_1_17' title="bbox 200 2247 1634 2360; baseline 0.008 -27"><span class='ocrx_word' id='word_1_131' title='bbox 200 2249 574 2350; x_wconf 79' lang='lat' dir='ltr'>corroborationem</span> <span class='ocrx_word' id='word_1_132' title='bbox 595 2282 608 2348; x_wconf 83' lang='lat'>3</span> <span class='ocrx_word' id='word_1_133' title='bbox 630 2247 736 2331; x_wconf 70' lang='lat' dir='ltr'>unde</span> <span class='ocrx_word' id='word_1_134' title='bbox 756 2249 852 2334; x_wconf 83' lang='lat' dir='ltr'>dum</span> <span class='ocrx_word' id='word_1_135' title='bbox 877 2275 1014 2332; x_wconf 81' lang='lat' dir='ltr'>catera</span> <span class='ocrx_word' id='word_1_136' title='bbox 1041 2277 1189 2360; x_wconf 87' lang='lat' dir='ltr'>organa</span> <span class='ocrx_word' id='word_1_137' title='bbox 1215 2279 1298 2360; x_wconf 85' lang='lat' dir='ltr'>quae</span> <span class='ocrx_word' id='word_1_138' title='bbox 1323 2251 1461 2336; x_wconf 88' lang='lat' dir='ltr'>mollia</span> <span class='ocrx_word' id='word_1_139' title='bbox 1482 2255 1634 2344; x_wconf 86' lang='lat' dir='ltr'>servare</span> 
     </span>
     <span class='ocr_line' id='line_1_18' title="bbox 198 2358 1634 2478; baseline 0.006 -32"><span class='ocrx_word' id='word_1_140' title='bbox 198 2391 340 2448; x_wconf 86' lang='lat' dir='ltr'>natura</span> <span class='ocrx_word' id='word_1_141' title='bbox 363 2361 576 2467; x_wconf 82' lang='lat' dir='ltr'>debuisset,</span> <span class='ocrx_word' id='word_1_142' title='bbox 602 2360 882 2464; x_wconf 90' lang='lat' dir='ltr'>indurescunt,</span> <span class='ocrx_word' id='word_1_143' title='bbox 915 2358 1064 2444; x_wconf 65' lang='lat' dir='ltr'>sublati</span> <span class='ocrx_word' id='word_1_144' title='bbox 1094 2359 1218 2467; x_wconf 75' lang='lat' dir='ltr'>terrd,</span> <span class='ocrx_word' id='word_1_145' title='bbox 1245 2363 1459 2478; x_wconf 89' lang='lat' dir='ltr'>additoque</span> <span class='ocrx_word' id='word_1_146' title='bbox 1483 2370 1634 2478; x_wconf 83' lang='lat' dir='ltr'>acido,</span> 
     </span>
     <span class='ocr_line' id='line_1_19' title="bbox 198 2470 1638 2597; baseline 0.008 -38"><span class='ocrx_word' id='word_1_147' title='bbox 198 2476 311 2559; x_wconf 79' lang='lat' dir='ltr'>ossea</span> <span class='ocrx_word' id='word_1_148' title='bbox 335 2501 550 2588; x_wconf 84' lang='lat' dir='ltr'>compages</span> <span class='ocrx_word' id='word_1_149' title='bbox 578 2470 802 2579; x_wconf 91' lang='lat' dir='ltr'>mollescit,</span> <span class='ocrx_word' id='word_1_150' title='bbox 827 2473 1052 2578; x_wconf 87' lang='lat' dir='ltr'>flaccescit,</span> <span class='ocrx_word' id='word_1_151' title='bbox 1079 2472 1234 2558; x_wconf 87' lang='lat' dir='ltr'>articuli</span> <span class='ocrx_word' id='word_1_152' title='bbox 1258 2476 1412 2562; x_wconf 89' lang='lat' dir='ltr'>molem</span> <span class='ocrx_word' id='word_1_153' title='bbox 1434 2484 1638 2597; x_wconf 88' lang='lat' dir='ltr'>accipiunt</span> 
     </span>
     <span class='ocr_line' id='line_1_20' title="bbox 198 2581 1635 2704; baseline 0.008 -32"><span class='ocrx_word' id='word_1_154' title='bbox 198 2586 461 2694; x_wconf 89' lang='lat' dir='ltr'>molliorem,</span> <span class='ocrx_word' id='word_1_155' title='bbox 486 2609 719 2695; x_wconf 86' lang='lat' dir='ltr'>torquentur</span> <span class='ocrx_word' id='word_1_156' title='bbox 742 2583 1058 2668; x_wconf 84' lang='lat' dir='ltr'>&amp;distrahuntur</span> <span class='ocrx_word' id='word_1_157' title='bbox 1081 2581 1103 2668; x_wconf 71' lang='lat' dir='ltr'>a</span> <span class='ocrx_word' id='word_1_158' title='bbox 1127 2586 1314 2671; x_wconf 86' lang='lat' dir='ltr'>musculis</span> <span class='ocrx_word' id='word_1_159' title='bbox 1335 2593 1415 2675; x_wconf 85' lang='lat' dir='ltr'>ossa</span> <span class='ocrx_word' id='word_1_160' title='bbox 1434 2589 1635 2704; x_wconf 83' lang='lat' dir='ltr'>longiora.</span> 
     </span>
     <span class='ocr_line' id='line_1_21' title="bbox 196 2693 1634 2817; baseline 0.006 -32"><span class='ocrx_word' id='word_1_161' title='bbox 196 2700 266 2786; x_wconf 74' lang='lat' dir='ltr'>‘Ab</span> <span class='ocrx_word' id='word_1_162' title='bbox 296 2729 380 2784; x_wconf 92' lang='lat' dir='ltr'>uno</span> <span class='ocrx_word' id='word_1_163' title='bbox 408 2703 488 2782; x_wconf 91' lang='lat' dir='ltr'>hoc</span> <span class='ocrx_word' id='word_1_164' title='bbox 514 2699 628 2782; x_wconf 90' lang='lat' dir='ltr'>fonte</span> <span class='ocrx_word' id='word_1_165' title='bbox 652 2693 814 2781; x_wconf 89' lang='lat' dir='ltr'>millena</span> <span class='ocrx_word' id='word_1_166' title='bbox 841 2694 943 2782; x_wconf 87' lang='lat' dir='ltr'>mala</span> <span class='ocrx_word' id='word_1_167' title='bbox 971 2702 1012 2780; x_wconf 92' lang='lat' dir='ltr'>in</span> <span class='ocrx_word' id='word_1_168' title='bbox 1040 2721 1191 2782; x_wconf 78' lang='lat' dir='ltr'>aetatem</span> <span class='ocrx_word' id='word_1_169' title='bbox 1217 2723 1391 2786; x_wconf 88' lang='lat' dir='ltr'>teneram</span> <span class='ocrx_word' id='word_1_170' title='bbox 1418 2703 1602 2794; x_wconf 89' lang='lat' dir='ltr'>diffluunt</span> <span class='ocrx_word' id='word_1_171' title='bbox 1617 2769 1634 2817; x_wconf 94' lang='lat'>,</span> 
     </span>
     <span class='ocr_line' id='line_1_22' title="bbox 196 2808 1353 3006; baseline -0.005 -110"><span class='ocrx_word' id='word_1_172' title='bbox 196 2841 287 2926; x_wconf 23' lang='lat' dir='ltr'>pquae</span> <span class='ocrx_word' id='word_1_173' title='bbox 308 2808 439 2926; x_wconf 70' lang='lat' dir='ltr'>postel</span> <span class='ocrx_word' id='word_1_174' title='bbox 455 2813 522 2896; x_wconf 79' lang='lat' dir='ltr'>vix</span> <span class='ocrx_word' id='word_1_175' title='bbox 542 2836 730 2926; x_wconf 91' lang='lat' dir='ltr'>poterunt</span> <span class='ocrx_word' id='word_1_176' title='bbox 750 2811 911 3006; x_wconf 76' lang='lat' dir='ltr'>corrigi.</span> <span class='ocrx_word' id='word_1_177' title='bbox 1047 2910 1051 2924; x_wconf 19' lang='grc' dir='ltr'>ι</span> <span class='ocrx_word' id='word_1_178' title='bbox 1351 2847 1353 2853; x_wconf 37' lang='lat' dir='ltr'><em>s</em></span> 
     </span>
    </p>

    <p class='ocr_par' dir='ltr' id='par_1_3' title="bbox 256 2923 1635 3038">
     <span class='ocr_line' id='line_1_23' title="bbox 256 2923 1635 3038; baseline 0.009 -29"><span class='ocrx_word' id='word_1_179' title='bbox 256 2924 360 3009; x_wconf 85' lang='lat' dir='ltr'>Haec</span> <span class='ocrx_word' id='word_1_180' title='bbox 390 2925 551 3035; x_wconf 90' lang='lat' dir='ltr'>quidem</span> <span class='ocrx_word' id='word_1_181' title='bbox 580 2923 684 3008; x_wconf 88' lang='lat' dir='ltr'>mala</span> <span class='ocrx_word' id='word_1_182' title='bbox 716 2952 801 3008; x_wconf 92' lang='lat' dir='ltr'>non</span> <span class='ocrx_word' id='word_1_183' title='bbox 829 2953 850 3005; x_wconf 90' lang='lat' dir='ltr'>a</span> <span class='ocrx_word' id='word_1_184' title='bbox 879 2925 929 3008; x_wconf 82' lang='lat' dir='ltr'>eb</span> <span class='ocrx_word' id='word_1_185' title='bbox 964 2952 1048 3006; x_wconf 90' lang='lat' dir='ltr'>rara</span> <span class='ocrx_word' id='word_1_186' title='bbox 1078 2923 1165 3010; x_wconf 89' lang='lat' dir='ltr'>sunt</span> <span class='ocrx_word' id='word_1_187' title='bbox 1181 2989 1193 3029; x_wconf 94' lang='lat'>‚</span> <span class='ocrx_word' id='word_1_188' title='bbox 1230 2952 1275 3010; x_wconf 91' lang='lat' dir='ltr'>ut</span> <span class='ocrx_word' id='word_1_189' title='bbox 1310 2931 1437 3038; x_wconf 81' lang='lat' dir='ltr'>quivis</span> <span class='ocrx_word' id='word_1_190' title='bbox 1470 2960 1517 3016; x_wconf 89' lang='lat' dir='ltr'>ea</span> <span class='ocrx_word' id='word_1_191' title='bbox 1551 2963 1635 3024; x_wconf 92' lang='lat' dir='ltr'>non</span> 
     </span>
    </p>
   </div>
   <div class='ocr_carea' id='block_1_3' title="bbox 197 3035 1834 3155">
    <p class='ocr_par' dir='ltr' id='par_1_4' title="bbox 197 3035 1834 3155">
     <span class='ocr_line' id='line_1_24' title="bbox 197 3035 1834 3155; baseline 0.013 -33"><span class='ocrx_word' id='word_1_192' title='bbox 197 3035 502 3145; x_wconf 85' lang='lat' dir='ltr'>observaverit,</span> <span class='ocrx_word' id='word_1_193' title='bbox 529 3037 738 3155; x_wconf 77' lang='lat' dir='ltr'>prasertim</span> <span class='ocrx_word' id='word_1_194' title='bbox 761 3040 803 3119; x_wconf 92' lang='lat' dir='ltr'>in</span> <span class='ocrx_word' id='word_1_195' title='bbox 821 3039 1011 3122; x_wconf 83' lang='lat' dir='ltr'>tenuioris</span> <span class='ocrx_word' id='word_1_196' title='bbox 1035 3037 1152 3122; x_wconf 86' lang='lat' dir='ltr'>sortis</span> <span class='ocrx_word' id='word_1_197' title='bbox 1173 3038 1385 3127; x_wconf 81' lang='lat' dir='ltr'>infantibus</span> <span class='ocrx_word' id='word_1_198' title='bbox 1411 3073 1513 3154; x_wconf 85' lang='lat' dir='ltr'>quos</span> <span class='ocrx_word' id='word_1_199' title='bbox 1540 3048 1636 3136; x_wconf 91' lang='lat' dir='ltr'>dura</span> <span class='ocrx_word' id='word_1_200' title='bbox 1724 3095 1728 3106; x_wconf 94' lang='lat'><strong>·</strong></span> <span class='ocrx_word' id='word_1_201' title='bbox 1831 3064 1834 3071; x_wconf 87' lang='grc'><strong>’</strong></span> 
     </span>
    </p>
   </div>
   <div class='ocr_carea' id='block_1_4' title="bbox 171 3149 1641 4962">
    <p class='ocr_par' dir='ltr' id='par_1_5' title="bbox 171 3149 1640 4734">
     <span class='ocr_line' id='line_1_25' title="bbox 200 3149 1637 3274; baseline 0.006 -36"><span class='ocrx_word' id='word_1_202' title='bbox 200 3179 224 3238; x_wconf 91' lang='lat' dir='ltr'>e</span> <span class='ocrx_word' id='word_1_203' title='bbox 252 3153 349 3238; x_wconf 79' lang='lat' dir='ltr'>estas</span> <span class='ocrx_word' id='word_1_204' title='bbox 370 3155 483 3267; x_wconf 84' lang='lat' dir='ltr'>cogit</span> <span class='ocrx_word' id='word_1_205' title='bbox 507 3152 556 3237; x_wconf 90' lang='lat' dir='ltr'>ad</span> <span class='ocrx_word' id='word_1_206' title='bbox 574 3149 853 3236; x_wconf 86' lang='lat' dir='ltr'>alimentorum</span> <span class='ocrx_word' id='word_1_207' title='bbox 873 3150 1118 3256; x_wconf 89' lang='lat' dir='ltr'>crudorum,</span> <span class='ocrx_word' id='word_1_208' title='bbox 1147 3150 1379 3262; x_wconf 90' lang='lat' dir='ltr'>duriorum,</span> <span class='ocrx_word' id='word_1_209' title='bbox 1409 3154 1637 3274; x_wconf 60' lang='lat' dir='ltr'>&amp;vegetan-</span> 
     </span>
     <span class='ocr_line' id='line_1_26' title="bbox 199 3183 1636 3378; baseline 0.008 -28"><span class='ocrx_word' id='word_1_210' title='bbox 199 3183 309 3350; x_wconf 67' lang='lat' dir='ltr'>eiius</span> <span class='ocrx_word' id='word_1_211' title='bbox 330 3265 506 3350; x_wconf 77' lang='lat' dir='ltr'>sarinofis</span> <span class='ocrx_word' id='word_1_212' title='bbox 524 3262 766 3378; x_wconf 83' lang='lat' dir='ltr'>ingluviem,</span> <span class='ocrx_word' id='word_1_213' title='bbox 794 3290 861 3348; x_wconf 89' lang='lat' dir='ltr'>aut</span> <span class='ocrx_word' id='word_1_214' title='bbox 883 3263 924 3346; x_wconf 93' lang='lat' dir='ltr'>in</span> <span class='ocrx_word' id='word_1_215' title='bbox 946 3260 1242 3377; x_wconf 85' lang='lat' dir='ltr'>opulentiorum</span> <span class='ocrx_word' id='word_1_216' title='bbox 1264 3265 1368 3351; x_wconf 75' lang='lat' dir='ltr'>male</span> <span class='ocrx_word' id='word_1_217' title='bbox 1388 3299 1636 3362; x_wconf 87' lang='lat' dir='ltr'>moratorum</span> 
     </span>
     <span class='ocr_line' id='line_1_27' title="bbox 200 3374 1635 3490; baseline 0.006 -28"><span class='ocrx_word' id='word_1_218' title='bbox 200 3377 318 3484; x_wconf 86' lang='lat' dir='ltr'>filiis,</span> <span class='ocrx_word' id='word_1_219' title='bbox 337 3377 480 3490; x_wconf 79' lang='lat' dir='ltr'>quibua</span> <span class='ocrx_word' id='word_1_220' title='bbox 500 3377 600 3462; x_wconf 92' lang='lat' dir='ltr'>nihil</span> <span class='ocrx_word' id='word_1_221' title='bbox 624 3409 709 3462; x_wconf 89' lang='lat' dir='ltr'>non</span> <span class='ocrx_word' id='word_1_222' title='bbox 732 3374 974 3462; x_wconf 86' lang='lat' dir='ltr'>concessum.</span> <span class='ocrx_word' id='word_1_223' title='bbox 999 3374 1112 3486; x_wconf 87' lang='lat' dir='ltr'>Quid</span> <span class='ocrx_word' id='word_1_224' title='bbox 1133 3378 1161 3460; x_wconf 90' lang='lat' dir='ltr'>sr</span> <span class='ocrx_word' id='word_1_225' title='bbox 1180 3383 1377 3486; x_wconf 88' lang='lat' dir='ltr'>innatum,</span> <span class='ocrx_word' id='word_1_226' title='bbox 1401 3411 1468 3468; x_wconf 88' lang='lat' dir='ltr'>aut</span> <span class='ocrx_word' id='word_1_227' title='bbox 1487 3385 1635 3472; x_wconf 88' lang='lat' dir='ltr'>adven·</span> 
     </span>
     <span class='ocr_line' id='line_1_28' title="bbox 201 3489 1634 3604; baseline 0.006 -30"><span class='ocrx_word' id='word_1_228' title='bbox 201 3493 338 3576; x_wconf 90' lang='lat' dir='ltr'>titium</span> <span class='ocrx_word' id='word_1_229' title='bbox 364 3494 470 3576; x_wconf 89' lang='lat' dir='ltr'>virus</span> <span class='ocrx_word' id='word_1_230' title='bbox 498 3489 603 3576; x_wconf 68' lang='lat' dir='ltr'>male</span> <span class='ocrx_word' id='word_1_231' title='bbox 627 3489 821 3575; x_wconf 79' lang='lat' dir='ltr'>fabricata</span> <span class='ocrx_word' id='word_1_232' title='bbox 842 3492 1112 3573; x_wconf 85' lang='lat' dir='ltr'>constitutioni</span> <span class='ocrx_word' id='word_1_233' title='bbox 1140 3519 1263 3574; x_wconf 90' lang='lat' dir='ltr'>novas</span> <span class='ocrx_word' id='word_1_234' title='bbox 1283 3496 1385 3578; x_wconf 86' lang='lat' dir='ltr'>vires</span> <span class='ocrx_word' id='word_1_235' title='bbox 1410 3497 1559 3604; x_wconf 91' lang='lat' dir='ltr'>addat,</span> <span class='ocrx_word' id='word_1_236' title='bbox 1591 3507 1634 3584; x_wconf 72' lang='lat' dir='ltr'>dt</span> 
     </span>
     <span class='ocr_line' id='line_1_29' title="bbox 201 3598 1632 3719; baseline 0.001 -27"><span class='ocrx_word' id='word_1_237' title='bbox 201 3607 344 3692; x_wconf 88' lang='lat' dir='ltr'>vitium</span> <span class='ocrx_word' id='word_1_238' title='bbox 361 3608 468 3688; x_wconf 53' lang='lat' dir='ltr'>,vitio</span> <span class='ocrx_word' id='word_1_239' title='bbox 495 3603 826 3719; x_wconf 86' lang='lat' dir='ltr'>superingeminet</span> <span class='ocrx_word' id='word_1_240' title='bbox 853 3601 956 3706; x_wconf 88' lang='lat' dir='ltr'>sese,</span> <span class='ocrx_word' id='word_1_241' title='bbox 982 3627 1028 3685; x_wconf 92' lang='lat' dir='ltr'>ut</span> <span class='ocrx_word' id='word_1_242' title='bbox 1049 3598 1147 3714; x_wconf 67' lang='lat' dir='ltr'>sepe</span> <span class='ocrx_word' id='word_1_243' title='bbox 1170 3604 1239 3707; x_wconf 86' lang='lat' dir='ltr'>fit,</span> <span class='ocrx_word' id='word_1_244' title='bbox 1269 3603 1436 3714; x_wconf 75' lang='lat' dir='ltr'>stlasle,</span> <span class='ocrx_word' id='word_1_245' title='bbox 1467 3635 1534 3692; x_wconf 91' lang='lat' dir='ltr'>aut</span> <span class='ocrx_word' id='word_1_246' title='bbox 1559 3609 1632 3696; x_wconf 88' lang='lat' dir='ltr'>ali·</span> 
     </span>
     <span class='ocr_line' id='line_1_30' title="bbox 202 3712 1635 3831; baseline 0.003 -29"><span class='ocrx_word' id='word_1_247' title='bbox 202 3720 348 3804; x_wconf 70' lang='lat' dir='ltr'>men-‘is</span> <span class='ocrx_word' id='word_1_248' title='bbox 374 3715 561 3802; x_wconf 90' lang='lat' dir='ltr'>obruatur</span> <span class='ocrx_word' id='word_1_249' title='bbox 581 3718 640 3800; x_wconf 90' lang='lat' dir='ltr'>vis</span> <span class='ocrx_word' id='word_1_250' title='bbox 661 3713 847 3798; x_wconf 88' lang='lat' dir='ltr'>infantilis</span> <span class='ocrx_word' id='word_1_251' title='bbox 858 3775 872 3820; x_wconf 95' lang='lat'>,</span> <span class='ocrx_word' id='word_1_252' title='bbox 898 3712 1172 3828; x_wconf 83' lang='lat' dir='ltr'>siperspiratio</span> <span class='ocrx_word' id='word_1_253' title='bbox 1199 3715 1432 3802; x_wconf 90' lang='lat' dir='ltr'>cohibeatur</span> <span class='ocrx_word' id='word_1_254' title='bbox 1450 3723 1607 3807; x_wconf 75' lang='lat' dir='ltr'>incaute</span> <span class='ocrx_word' id='word_1_255' title='bbox 1618 3783 1635 3831; x_wconf 83' lang='lat'><em>‚</em></span> 
     </span>
     <span class='ocr_line' id='line_1_31' title="bbox 199 3823 1632 3946; baseline 0.004 -32"><span class='ocrx_word' id='word_1_256' title='bbox 199 3832 232 3914; x_wconf 83' lang='lat' dir='ltr'>si</span> <span class='ocrx_word' id='word_1_257' title='bbox 263 3833 384 3914; x_wconf 90' lang='lat' dir='ltr'>animi</span> <span class='ocrx_word' id='word_1_258' title='bbox 417 3826 703 3946; x_wconf 87' lang='lat' dir='ltr'>pathematibus</span> <span class='ocrx_word' id='word_1_259' title='bbox 731 3823 877 3912; x_wconf 87' lang='lat' dir='ltr'>tenella</span> <span class='ocrx_word' id='word_1_260' title='bbox 913 3829 1041 3910; x_wconf 86' lang='lat' dir='ltr'>anima</span> <span class='ocrx_word' id='word_1_261' title='bbox 1071 3855 1216 3942; x_wconf 80' lang='lat' dir='ltr'>corpus</span> <span class='ocrx_word' id='word_1_262' title='bbox 1248 3827 1410 3914; x_wconf 88' lang='lat' dir='ltr'>imbelle</span> <span class='ocrx_word' id='word_1_263' title='bbox 1442 3833 1601 3920; x_wconf 87' lang='lat' dir='ltr'>divexet</span> <span class='ocrx_word' id='word_1_264' title='bbox 1614 3895 1632 3942; x_wconf 91' lang='lat'>,</span> 
     </span>
     <span class='ocr_line' id='line_1_32' title="bbox 203 3940 1634 4053; baseline 0.002 -25"><span class='ocrx_word' id='word_1_265' title='bbox 203 3945 233 4028; x_wconf 84' lang='lat' dir='ltr'>si</span> <span class='ocrx_word' id='word_1_266' title='bbox 265 3943 428 4028; x_wconf 81' lang='lat' dir='ltr'>dentiam</span> <span class='ocrx_word' id='word_1_267' title='bbox 457 3942 565 4028; x_wconf 87' lang='lat' dir='ltr'>casus</span> <span class='ocrx_word' id='word_1_268' title='bbox 593 3945 837 4053; x_wconf 89' lang='lat' dir='ltr'>quicumque</span> <span class='ocrx_word' id='word_1_269' title='bbox 859 3942 900 4024; x_wconf 90' lang='lat' dir='ltr'>in</span> <span class='ocrx_word' id='word_1_270' title='bbox 928 3941 1094 4050; x_wconf 78' lang='lat' dir='ltr'>eosqui</span> <span class='ocrx_word' id='word_1_271' title='bbox 1121 3940 1188 4026; x_wconf 89' lang='lat' dir='ltr'>vel</span> <span class='ocrx_word' id='word_1_272' title='bbox 1212 3946 1423 4024; x_wconf 87' lang='lat' dir='ltr'>maximam</span> <span class='ocrx_word' id='word_1_273' title='bbox 1448 3945 1634 4032; x_wconf 87' lang='lat' dir='ltr'>adhibent</span> 
     </span>
     <span class='ocr_line' id='line_1_33' title="bbox 201 4053 1634 4172; baseline 0.002 -32"><span class='ocrx_word' id='word_1_274' title='bbox 201 4055 453 4172; x_wconf 87' lang='lat' dir='ltr'>prudentiam</span> <span class='ocrx_word' id='word_1_275' title='bbox 466 4053 727 4141; x_wconf 67' lang='lat' dir='ltr'>includabilis</span> <span class='ocrx_word' id='word_1_276' title='bbox 742 4053 953 4140; x_wconf 74' lang='lat' dir='ltr'>inciderit?</span> <span class='ocrx_word' id='word_1_277' title='bbox 972 4053 1208 4140; x_wconf 87' lang='lat' dir='ltr'>Notandum</span> <span class='ocrx_word' id='word_1_278' title='bbox 1222 4055 1275 4136; x_wconf 88' lang='lat' dir='ltr'>est</span> <span class='ocrx_word' id='word_1_279' title='bbox 1290 4057 1399 4136; x_wconf 89' lang='lat' dir='ltr'>eninr</span> <span class='ocrx_word' id='word_1_280' title='bbox 1412 4058 1634 4165; x_wconf 84' lang='lat' dir='ltr'>quodcum-</span> 
     </span>
     <span class='ocr_line' id='line_1_34' title="bbox 171 4167 1634 4280; baseline 0.001 -24"><span class='ocrx_word' id='word_1_281' title='bbox 171 4171 181 4186; x_wconf 79' lang='grc'><strong>“</strong></span> <span class='ocrx_word' id='word_1_282' title='bbox 204 4197 286 4280; x_wconf 93' lang='lat' dir='ltr'>que</span> <span class='ocrx_word' id='word_1_283' title='bbox 299 4169 560 4255; x_wconf 88' lang='lat' dir='ltr'>infortunium</span> <span class='ocrx_word' id='word_1_284' title='bbox 583 4172 625 4252; x_wconf 91' lang='lat' dir='ltr'>in</span> <span class='ocrx_word' id='word_1_285' title='bbox 641 4167 843 4253; x_wconf 79' lang='lat' dir='ltr'>sarritatem</span> <span class='ocrx_word' id='word_1_286' title='bbox 859 4167 1053 4252; x_wconf 89' lang='lat' dir='ltr'>infantum</span> <span class='ocrx_word' id='word_1_287' title='bbox 1073 4167 1314 4250; x_wconf 86' lang='lat' dir='ltr'>uniformem</span> <span class='ocrx_word' id='word_1_288' title='bbox 1329 4192 1488 4252; x_wconf 88' lang='lat' dir='ltr'>exerere</span> <span class='ocrx_word' id='word_1_289' title='bbox 1503 4175 1634 4256; x_wconf 75' lang='lat' dir='ltr'>astuo-</span> 
     </span>
     <span class='ocr_line' id='line_1_35' title="bbox 202 4273 1631 4393; baseline 0.004 -29"><span class='ocrx_word' id='word_1_290' title='bbox 202 4285 358 4367; x_wconf 84' lang='lat' dir='ltr'>srtatem</span> <span class='ocrx_word' id='word_1_291' title='bbox 373 4316 381 4366; x_wconf 93' lang='lat'><strong>:</strong></span> <span class='ocrx_word' id='word_1_292' title='bbox 396 4282 503 4368; x_wconf 75' lang='lat' dir='ltr'>unde</span> <span class='ocrx_word' id='word_1_293' title='bbox 522 4309 604 4367; x_wconf 92' lang='lat' dir='ltr'>non</span> <span class='ocrx_word' id='word_1_294' title='bbox 625 4310 753 4364; x_wconf 87' lang='lat' dir='ltr'>rarum</span> <span class='ocrx_word' id='word_1_295' title='bbox 770 4278 889 4386; x_wconf 73' lang='lat' dir='ltr'>est,l</span> <span class='ocrx_word' id='word_1_296' title='bbox 909 4279 1043 4392; x_wconf 88' lang='lat' dir='ltr'>lapsu,</span> <span class='ocrx_word' id='word_1_297' title='bbox 1061 4282 1168 4385; x_wconf 66' lang='lat' dir='ltr'>iciu,</span> <span class='ocrx_word' id='word_1_298' title='bbox 1192 4273 1355 4364; x_wconf 78' lang='lat' dir='ltr'>uulnere</span> <span class='ocrx_word' id='word_1_299' title='bbox 1378 4309 1631 4393; x_wconf 88' lang='lat' dir='ltr'>quocumque</span> 
     </span>
     <span class='ocr_line' id='line_1_36' title="bbox 204 4389 1637 4490; baseline 0.001 -10"><span class='ocrx_word' id='word_1_300' title='bbox 204 4395 375 4480; x_wconf 83' lang='lat' dir='ltr'>infantes</span> <span class='ocrx_word' id='word_1_301' title='bbox 405 4399 448 4480; x_wconf 91' lang='lat' dir='ltr'>in</span> <span class='ocrx_word' id='word_1_302' title='bbox 482 4395 734 4482; x_wconf 88' lang='lat' dir='ltr'>miserrimam</span> <span class='ocrx_word' id='word_1_303' title='bbox 765 4392 943 4478; x_wconf 80' lang='lat' dir='ltr'>incidisse</span> <span class='ocrx_word' id='word_1_304' title='bbox 971 4391 1232 4490; x_wconf 89' lang='lat' dir='ltr'>rachitidem;</span> <span class='ocrx_word' id='word_1_305' title='bbox 1258 4419 1335 4476; x_wconf 90' lang='lat' dir='ltr'>nec</span> <span class='ocrx_word' id='word_1_306' title='bbox 1364 4389 1385 4474; x_wconf 78' lang='grc' dir='ltr'>ὲ</span> <span class='ocrx_word' id='word_1_307' title='bbox 1416 4393 1637 4482; x_wconf 87' lang='lat' dir='ltr'>dentitione</span> 
     </span>
     <span class='ocr_line' id='line_1_37' title="bbox 205 4501 1640 4620; baseline 0.004 -28"><span class='ocrx_word' id='word_1_308' title='bbox 205 4507 364 4594; x_wconf 90' lang='lat' dir='ltr'>difficili</span> <span class='ocrx_word' id='word_1_309' title='bbox 380 4506 465 4593; x_wconf 70' lang='lat' dir='ltr'>solit</span> <span class='ocrx_word' id='word_1_310' title='bbox 476 4571 494 4616; x_wconf 91' lang='lat'>,</span> <span class='ocrx_word' id='word_1_311' title='bbox 507 4508 575 4594; x_wconf 88' lang='lat' dir='ltr'>sed</span> <span class='ocrx_word' id='word_1_312' title='bbox 588 4505 611 4591; x_wconf 74' lang='lat' dir='ltr'>h</span> <span class='ocrx_word' id='word_1_313' title='bbox 626 4503 773 4592; x_wconf 83' lang='lat' dir='ltr'>casibus</span> <span class='ocrx_word' id='word_1_314' title='bbox 788 4501 1305 4615; x_wconf 85' lang='lat' dir='ltr'>quibuscumquemorbosrs</span> <span class='ocrx_word' id='word_1_315' title='bbox 1322 4504 1483 4620; x_wconf 88' lang='lat' dir='ltr'>puerilia</span> <span class='ocrx_word' id='word_1_316' title='bbox 1495 4503 1640 4598; x_wconf 71' lang='lat' dir='ltr'>sanitae·</span> 
     </span>
     <span class='ocr_line' id='line_1_38' title="bbox 205 4615 1085 4734; baseline -0.005 -30"><span class='ocrx_word' id='word_1_317' title='bbox 205 4618 490 4729; x_wconf 77' lang='lat' dir='ltr'>labefattatur,</span> <span class='ocrx_word' id='word_1_318' title='bbox 520 4621 736 4734; x_wconf 80' lang='lat' dir='ltr'>&amp;semper</span> <span class='ocrx_word' id='word_1_319' title='bbox 759 4615 898 4704; x_wconf 73' lang='lat' dir='ltr'>eadem</span> <span class='ocrx_word' id='word_1_320' title='bbox 919 4616 1085 4700; x_wconf 88' lang='lat' dir='ltr'>ratione.</span> 
     </span>
    </p>

    <p class='ocr_par' dir='ltr' id='par_1_6' title="bbox 203 4727 1641 4962">
     <span class='ocr_line' id='line_1_39' title="bbox 267 4727 1641 4849; baseline -0.001 -32"><span class='ocrx_word' id='word_1_321' title='bbox 267 4735 414 4818; x_wconf 83' lang='lat' dir='ltr'>AEtatis</span> <span class='ocrx_word' id='word_1_322' title='bbox 434 4737 634 4849; x_wconf 80' lang='lat' dir='ltr'>progressu</span> <span class='ocrx_word' id='word_1_323' title='bbox 654 4733 817 4846; x_wconf 88' lang='lat' dir='ltr'>lympha</span> <span class='ocrx_word' id='word_1_324' title='bbox 831 4732 981 4846; x_wconf 87' lang='lat' dir='ltr'>semper</span> <span class='ocrx_word' id='word_1_325' title='bbox 996 4731 1120 4842; x_wconf 88' lang='lat' dir='ltr'>magis</span> <span class='ocrx_word' id='word_1_326' title='bbox 1136 4727 1340 4844; x_wconf 86' lang='lat' dir='ltr'>magisque</span> <span class='ocrx_word' id='word_1_327' title='bbox 1358 4729 1405 4815; x_wconf 90' lang='lat' dir='ltr'>ab</span> <span class='ocrx_word' id='word_1_328' title='bbox 1422 4761 1641 4846; x_wconf 89' lang='lat' dir='ltr'>augmento</span> 
     </span>
     <span class='ocr_line' id='line_1_40' title="bbox 203 4845 1641 4962; baseline -0.001 -28"><span class='ocrx_word' id='word_1_329' title='bbox 203 4845 356 4934; x_wconf 75' lang='lat' dir='ltr'>uirium</span> <span class='ocrx_word' id='word_1_330' title='bbox 379 4873 598 4958; x_wconf 89' lang='lat' dir='ltr'>eorumque</span> <span class='ocrx_word' id='word_1_331' title='bbox 626 4845 799 4961; x_wconf 89' lang='lat' dir='ltr'>pleniori</span> <span class='ocrx_word' id='word_1_332' title='bbox 824 4845 1016 4932; x_wconf 81' lang='lat' dir='ltr'>exercitio</span> <span class='ocrx_word' id='word_1_333' title='bbox 1049 4848 1092 4928; x_wconf 74' lang='lat' dir='ltr'>dt</span> <span class='ocrx_word' id='word_1_334' title='bbox 1120 4845 1358 4932; x_wconf 87' lang='lat' dir='ltr'>tenuationia</span> <span class='ocrx_word' id='word_1_335' title='bbox 1386 4853 1430 4932; x_wconf 73' lang='grc' dir='ltr'>δι</span> <span class='ocrx_word' id='word_1_336' title='bbox 1456 4845 1641 4962; x_wconf 79' lang='lat' dir='ltr'>phlogisti</span> 
     </span>
    </p>
   </div>
   <div class='ocr_carea' id='block_1_5' title="bbox 0 0 2119 5908">
    <p class='ocr_par' dir='ltr' id='par_1_7' title="bbox 0 0 2119 5908">
     <span class='ocr_line' id='line_1_41' title="bbox 0 0 2119 5908; baseline 0 0"><span class='ocrx_word' id='word_1_337' title='bbox 0 0 2119 5908; x_wconf 95' lang='lat' dir='ltr'> </span> 
     </span>
    </p>
   </div>
  </div>
 </body>
</html>
