4190 5884
465 419 496 508 ‚³8
723 421 816 510 DE
884 421 1185 510 MORBIS
1258 415 1652 540 CUTANEIS.

473 579 697 696 presentia,
722 615 768 671 ut
792 588 967 702 plurimis
984 589 1259 703 phoenomenis
1285 584 1476 672 morbosis
1504 581 1808 701 comprobatur,
1835 585 1890 672 ita

474 701 516 776 ὅ(
532 695 698 809 plurima
713 703 819 784 eirca
837 699 928 783 illos
947 697 1189 812 problemata
1204 698 1333 782 solvit.
1350 701 1433 784 Cur
1448 704 1490 781 in
1506 698 1697 809 aliquibus
1715 705 1890 784 cutaneis

474 809 623 894 morbis
638 839 688 894 ex
703 810 866 895 illorum
884 839 1027 922 genere
1048 841 1147 922 quos
1167 812 1353 895 mucosos
1375 809 1505 924 postea
1520 810 1773 916 vocabimus,
1789 817 1891 898 cutis

475 921 692 1006 densetur?
715 925 798 1008 Cur
812 929 853 1006 in
875 949 978 1006 areas
995 950 1170 1037 parentes
1190 923 1331 1009 abeat?
1354 932 1434 1008 &o
1458 923 1541 1009 Cur
1565 924 1753 1008 destrublo
1778 949 1889 1008 textu

475 1032 680 1144 cellulati,
703 1040 804 1120 cutis
824 1036 950 1118 forma
958 1097 972 1139 ,
1000 1032 1081 1140 ejus
1102 1036 1339 1140 humiditas,
1367 1032 1448 1141 eius
1471 1037 1696 1148 perspiratio
1716 1034 1889 1120 sunditbs

477 1144 707 1230 deleantur?
727 1155 805 1231 &o
823 1149 913 1230 Nec
933 1150 1060 1230 minus
1073 1145 1122 1228 ab
1137 1145 1212 1230 hic
1222 1149 1411 1231 constanti
1430 1145 1647 1257 repletione
1659 1145 1890 1232 cellularum

473 1261 662 1344 harumce
687 1259 833 1374 pendet
852 1259 1045 1342 diversitas
1063 1257 1199 1341 sormae
1221 1263 1263 1340 in
1286 1257 1494 1341 mulierum
1515 1290 1561 1342 ac
1576 1262 1752 1342 virorum
1773 1285 1888 1365 cute,

471 1374 515 1454 in
537 1369 583 1456 eit
604 1403 687 1481 quae
711 1369 878 1454 tenellos
906 1378 947 1452 bt
973 1368 1157 1454 ludentes
1179 1370 1425 1475 circumdat,
1445 1397 1512 1453 aut
1528 1369 1598 1454 illi
1621 1401 1703 1480 quae
1721 1372 1825 1456 arida
1847 1381 1891 1458 ὅ(

473 1483 640 1568 exsucca
660 1483 862 1570 flaccidior
885 1481 1030 1594 pendet
1051 1485 1092 1564 in
1116 1481 1270 1568 senibus
1288 1481 1560 1592 undequaque.
1574 1485 1766 1582 Verhmli
1787 1487 1888 1568 cutis

472 1597 714 1700 strusluram,
728 1624 819 1677 cum
835 1593 1065 1678 morborum
1078 1597 1296 1677 nostrorum
1308 1596 1502 1682 theoriam
1519 1599 1632 1678 firmo
1650 1593 1890 1678 fulciendam

471 1706 728 1792 fundamento
753 1710 914 1790 maximi
935 1709 979 1789 srt
1002 1711 1223 1813 momenti,
1241 1704 1342 1790 ultra
1363 1708 1696 1796 demonstrare'est
1716 1710 1889 1816 animus,

474 1849 545 1902 cur
570 1849 653 1902 non
678 1847 764 1901 eam
783 1847 832 1902 ex
855 1821 941 1931 ipsrs
962 1817 1152 1924 morbosis
1172 1821 1449 1931 phoenomenis
1471 1823 1674 1903 eruimus?

548 1933 591 2014 Si
607 1959 650 2014 er
679 1960 704 2012 o
725 1959 858 2014 cutem
878 1929 1052 2015 animalis
1068 1935 1149 2015 vivi
1173 1931 1222 2022 ad
1243 1931 1365 2041 usque
1381 1932 1535 2045 adipem
1558 1930 1624 2015 seu
1641 1957 1794 2014 textum
1810 1930 1890 2016 cel-

470 2041 637 2136 lularem
649 1962 815 2128 secteris
824 2102 837 2148 ,
856 2045 952 2126 fluet
963 2070 1013 2126 ex
1026 2041 1209 2128 omnibus
1224 2043 1396 2153 undique
1410 2047 1560 2158 punsiis
1572 2043 1723 2156 sanguis
1734 2043 1833 2149 ,seu,
1846 2070 1890 2128 ut

472 2182 619 2240 vocant
628 2217 642 2262 ,
659 2161 788 2238 cru'or.
799 2153 1022 2240 Cohibetur
1037 2157 1195 2240 tandem
1205 2153 1275 2240 ille
1280 2165 1437 2264 ,eoque
1448 2153 1629 2243 cohibito
1638 2215 1651 2259 ,
1664 2156 1828 2239 nascitur
1839 2187 1890 2241 ex

470 2270 484 2350 i
514 2266 556 2350 so
568 2265 710 2352 lentibs
724 2271 870 2352 fluente
884 2271 1006 2351 crusta
1023 2268 1087 2352 seu
1100 2267 1247 2380 ἷσχᾶμ
1265 2297 1395 2381 graeoo
1421 2271 1583 2352 nomine
1601 2300 1613 2368 ς
1630 2265 1706 2352 hac
1728 2294 1796 2378 per
1816 2301 1888 2382 pus

470 2299 684 2486 lilbjeslum
702 2389 743 2465 ὅ(
759 2380 967 2494 copiosum
977 2379 1139 2489 sublata,
1150 2383 1252 2490 quali
1265 2411 1335 2492 pus
1343 2377 1442 2464 illud
1455 2378 1638 2468 boellulis
1649 2381 1804 2484 flueret,
1818 2379 1890 2464 sub

469 2519 570 2604 pure
593 2495 727 2576 omnia
753 2497 904 2606 integra
924 2497 1119 2605 reperies,
1146 2492 1388 2597 uniformia,
1419 2489 1616 2603 aequaliter
1653 2491 1861 2576 tumesadia
1872 2552 1887 2600 ,

472 2611 515 2686 bt
535 2602 730 2718 granulis,
751 2607 829 2688 srve
844 2607 1009 2688 acinosrs
1034 2603 1227 2717 punslulis
1249 2604 1414 2710 referta,
1434 2632 1516 2713 quae
1534 2605 1562 2686 sr
1627 2599 1741 2686 anula
1764 2602 1888 2687 oculo

471 2740 622 2799 armato
642 2713 857 2799 lustraveris
874 2719 1055 2800 attentilrs
1065 2779 1079 2822 ,
1099 2718 1227 2829 primb
1246 2713 1405 2825 quidem
1420 2744 1580 2800 mucoo
1611 2715 1723 2798 dueta
1737 2721 1778 2798 ὅ(
1790 2744 1889 2798 coo·

474 2853 585 2940 perta
617 2829 840 2912 tenuiffimo
867 2825 1116 2912 filamentoso
1152 2831 1347 2939 reperies,
1377 2827 1468 2918 dein
1490 2825 1562 2918 tibi
1589 2822 1800 2912 reticulum
1823 2859 1889 2911 va-

472 2941 605 3022 sorum
630 2935 898 3044 exhibebunt,
916 2937 938 3021 b
957 2935 1066 3046 cujus
1087 2937 1290 3052 superficie
1310 2939 1484 3047 undique
1505 2938 1681 3052 penicilli
1697 2937 1804 3030 leves
1820 2968 1890 3023 to-

471 3055 639 3135 mentosr
653 3050 733 3134 sese
752 3051 947 3156 offerent,
965 3077 1129 3164 urgente
1141 3049 1272 3146 subtbs
1286 3047 1431 3134 cellulrl
1449 3048 1599 3158 hiulci,
1619 3053 1673 3134 ira
1702 3077 1746 3136 ut
1768 3051 1890 3136 cellu-

471 3159 556 3246 losa
576 3165 652 3248 elle
679 3165 813 3246 omnia
825 3166 925 3248 cutis
936 3167 1079 3280 pundo
1094 3224 1109 3270 ,
1127 3163 1212 3282 ipso
1228 3161 1352 3259 oculo
1366 3162 1498 3258 iudice
1523 3162 1616 3255 verb
1631 3171 1672 3248 ὅ(
1692 3166 1822 3278 aperte
1835 3168 1892 3250 vi<

469 3275 644 3369 deantur.

525 3390 617 3472 Nec
639 3391 748 3502 quod
771 3388 878 3472 oculi
894 3387 1157 3504 speslaculum
1175 3391 1246 3476 srbi
1265 3393 1490 3499 vindicant,
1513 3391 1592 3506 ipsa
1613 3393 1712 3476 ratio
1735 3390 1889 3502 respuit.

468 3501 577 3584 Nam
599 3527 705 3588 tanta
732 3507 790 3588 vis
806 3501 860 3584 ibi
889 3506 1101 3587 humorum
1128 3503 1309 3618 appellit,
1337 3504 1435 3588 cibis
1464 3505 1660 3616 alhrmptis
1682 3503 1777 3616 saepe
1798 3501 1921 3615 pro!

470 3614 704 3730 portionalis
717 3676 731 3721 ,
747 3617 867 3723 hique
878 3615 1063 3702 humores
1074 3618 1278 3702 mucosum
1287 3643 1463 3705 naturam
1476 3616 1577 3702 adeo
1596 3616 1797 3701 evidenter
1808 3614 1890 3698 ser-

442 3761 445 3768 ’
469 3751 564 3813 vant
587 3735 628 3810 ὃ(
655 3725 873 3833 exhibent,
896 3754 939 3810 ut
963 3731 990 3811 st
1014 3727 1345 3842 retropellantut,
1366 3728 1486 3824 illici),
1504 3730 1739 3816 secretiones
1767 3757 1889 3810 muco

467 3837 675 3922 vacuando
711 3839 910 3930 destinatas
946 3867 1118 3955 occupet
1151 3843 1359 3951 undique,
1388 3865 1454 3931 aut
1486 3844 1526 3934 in
1562 3840 1671 3950 sputa
1700 3837 1887 3942 facessat,

468 3976 534 4038 aut
559 3953 687 4034 urinas
709 3953 918 4064 mucagine
944 3953 1105 4066 impleat
1129 3953 1221 4037 vere
1242 3951 1420 4038 mucidus
1443 3953 1597 4032 humor.
1617 3951 1655 4032 Is
1683 3975 1811 4032 aurem
1835 3953 1891 4032 est

469 4061 713 4146 nascentium
752 4067 944 4151 horumce
974 4069 1178 4149 acinorum
1213 4065 1313 4158 ordo
1347 4125 1361 4168 ,
1405 4088 1449 4146 ut
1485 4065 1551 4172 qui
1585 4061 1783 4145 crassiores
1814 4061 1888 4144 srnt

468 4171 672 4256 volumine
705 4183 746 4257 bt
778 4173 980 4258 substantii
1017 4177 1247 4280 densiores,
1287 4177 1334 4257 ad
1369 4173 1536 4262 fundum
1573 4173 1814 4276 nascantur,
1846 4181 1888 4256 bc

470 4285 714 4367 craliioribus
743 4289 869 4370 adhuc
902 4289 1127 4403 superpositi
1152 4287 1355 4370 videantur
1370 4348 1384 4393 ,
1413 4289 1613 4368 tenuiores
1642 4290 1814 4370 oriantur
1839 4285 1890 4367 ad

467 4393 625 4500 latera,
655 4397 863 4479 tenuissimi
895 4401 944 4482 ad
969 4404 1160 4514 margines
1197 4397 1381 4504 ulceris,
1412 4393 1632 4508 limbusque
1661 4394 1891 4480 observetur

468 4509 547 4592 line
565 4507 655 4594 ullis
674 4511 822 4614 acinis,
850 4507 1073 4596 enliffimus
1093 4512 1161 4598 ille
1183 4519 1223 4596 bt
1244 4538 1442 4603 extremos
1462 4537 1661 4620 occupans
1683 4513 1889 4615 margines.

468 4619 579 4712 Hinc
595 4619 643 4704 ad
664 4619 828 4704 fundum
847 4624 966 4704 etiam
990 4620 1147 4706 uberior
1169 4627 1220 4707 est
1241 4623 1282 4706 su
1312 4625 1492 4736 putatio,
1512 4622 1560 4704 ad
1578 4647 1749 4704 extrema
1765 4595 1892 4705 latera

469 4735 629 4840 minor,
652 4761 726 4816 nec
743 4731 843 4814 adeo
863 4733 999 4842 cotta,
1020 4734 1087 4817 sed
1105 4735 1242 4837 setosa,
1256 4653 1353 4835 llice
1372 4733 1531 4844 quidem
1551 4737 1683 4816 omnia
1698 4731 1893 4818 salubrem

470 4848 647 4975 corporis
667 4849 804 4930 statum
831 4849 1099 4956 comitantur,
1121 4875 1159 4946 at
1181 4850 1207 4932 st
1233 4847 1389 4948 deficiat
1412 4843 1611 4946 salubritas
1634 4849 1896 4962 incorpore,

1789 4985 1899 5044 nore.
