4188 5916
372 1303 381 1312 ·
506 1264 668 1374 quidem
688 1259 774 1376 plus
795 1260 997 1344 fidendum
1015 1265 1066 1344 est
1081 1264 1289 1368 remediis,
1313 1260 1429 1373 quim

504 426 592 537 ζῆ
959 415 1067 506 DE
1121 419 1172 510 M
1202 417 1244 510 0
1273 413 1379 510 RssB
1407 420 1488 512 IsS

505 588 902 704 viperinamsscatnem
916 579 1184 698 prosequitur.
1203 587 1295 672 Alia
1315 590 1515 704 empyrica
1533 583 1938 703 proponlt‘r'emedia,

505 704 703 807 cedriam,
726 698 955 802 brafficam,
980 699 1262 812 staphylinum,
1286 705 1471 810 variaque
1491 730 1661 810 quorum
1675 701 1845 808 utilitas,
1869 727 1934 790 aut

505 815 614 898 nulla
635 840 701 897 aut
720 811 769 894 ad
785 808 1089 894 antiscorbutica
1107 814 1282 897 refertur.
1308 813 1550 896 Munditiem
1565 816 1661 900 verb
1683 814 1874 897 summam
1894 817 1936 896 in

504 925 671 1017 vestibus
691 923 775 1030 jure
787 924 1008 1032 meritoque
1020 925 1286 1010 commendat.
1302 923 1510 1035 Simulque
1523 933 1564 1008 bt
1578 928 1936 1039 peregrinationem

505 1059 624 1150 atque
635 1039 927 1148 navigationem
939 1040 1134 1151 precipit,
1148 1036 1289 1149 quibus
1301 1062 1344 1120 ut
1357 1050 1421 1121 aer
1436 1041 1585 1153 purior,
1602 1039 1654 1120 stc
1667 1042 1786 1122 etiam
1801 1039 1847 1119 sae
1876 1040 1936 1122 ihs

505 1175 715 1236 renovatus
738 1153 821 1232 cuti
841 1145 1084 1262 applicatur,
1105 1178 1314 1234 revocatur
1337 1159 1443 1234 &au
1472 1175 1557 1236 stru
1571 1151 1820 1265 'perspiratio
1850 1069 1935 1233 illis

1444 1181 1587 1345 leviori
1604 1259 1663 1345 illi
1679 1265 1934 1376 stypticorum

484 1375 761 1491 -applicationi
788 1403 906 1484 quam
937 1371 1159 1457 inconsulte
1189 1384 1229 1459 bt
1262 1373 1451 1458 inutiliter
1479 1374 1666 1458 admovet
1691 1378 1750 1457 vir
1805 1373 1866 1456 lus
1895 1379 1934 1457 in

504 1487 724 1572 theoretical
753 1485 980 1591 medicine,
1004 1484 1122 1596 quim
1149 1491 1190 1571 in
1211 1490 1319 1603 praxi
1339 1487 1521 1571 versatus.
1547 1487 1695 1571 Melius
1712 1405 1854 1570 Celsus
1869 1495 1934 1590 (o)

506 1595 733 1718 precipiens
760 1627 956 1682 veratrum
994 1603 1150 1711 nigrum
1186 1603 1272 1713 post
1302 1600 1450 1714 largam
1483 1600 1677 1713 sanguinis
1711 1599 1934 1682 missionem

533 1713 753 1827 urgandum
780 1709 910 1796 valide
942 1741 1085 1826 corpus
1117 1711 1271 1818 edicit,
1304 1712 1603 1822 ducendamque
1628 1712 1760 1826 saepihs
1787 1709 1932 1797 alvum.

408 1913 413 1918 ,
503 1747 761 1910 iostehuerb
785 1827 1102 1930 exercitatione,
1124 1825 1261 1930 cursu,
1282 1823 1475 1934 nullisque
1499 1824 1581 1906 aliis
1604 1822 1930 1930 medicamentis,

504 1966 640 2054 prater
676 1935 808 2041 justam
847 1937 1170 2047 moderatamque
1202 1939 1361 2022 vivendi
1395 1967 1607 2042 normam,
1643 1935 1832 2019 morbum
1867 1937 1934 2018 fibi

504 2054 757 2162 incognitum
802 2047 1044 2158 rosequitur,
1060 2053 1244 2162 ignotum
1258 2054 1363 2133 enim
1378 2049 1484 2163 pane
1503 2054 1544 2131 in
1560 2046 1671 2131 Italis
1690 2051 1931 2162 pronuntiat.

517 2239 520 2249 .
564 2163 727 2246 Certam
749 2079 819 2243 fili
842 2160 979 2243 idaeam
998 2160 1047 2244 de
1068 2158 1318 2276 elephantiast
1342 2193 1424 2244 non
1450 2160 1599 2244 linxisse
1624 2161 1783 2244 videtur
1810 2159 1933 2260 Gale·

507 2303 579 2358 nus
601 2274 685 2380 (b),
706 2279 798 2355 cum
812 2299 875 2356 tot
895 2273 972 2356 ase
987 2301 1095 2358 vena
1114 2275 1286 2358 seeiione
1305 2297 1422 2386 atque
1436 2301 1589 2358 veratro
1611 2273 1764 2356 sanatos
1787 2271 1932 2379 edicit,

505 2389 727 2500 viperaeque
748 2385 819 2468 usu
846 2389 1011 2470 omnino
1034 2385 1228 2468 sublatum
1251 2387 1436 2470 morbum
1459 2385 1673 2498 gloriatur,
1692 2413 1767 2468 nec
1792 2389 1932 2498 topicis

504 2497 674 2582 multum
699 2498 828 2582 differt
854 2497 902 2581 ab
923 2503 1078 2582 Aretaeo
1104 2529 1197 2582 cum
1220 2527 1381 2583 externa
1404 2502 1640 2612 epithemata
1657 2495 1931 2600 collaudatlc)

504 2613 622 2695 faciei
638 2614 693 2694 im
724 2611 879 2696 orrenda
893 2640 942 2694 ex
964 2616 1116 2723 gummi
1136 2616 1413 2719 ammoniaco,
1434 2609 1568 2726 spuml
1587 2613 1700 2720 nitri,
1723 2607 1931 2723 sulphure,

502 2726 650 2837 sapone
713 2723 832 2808 allico
849 2785 862 2830 ,
887 2727 1106 2834 mastyche,
1128 2733 1207 2810 &c

561 2835 699 2919 Multi)
715 2834 870 2942 uberius
883 2838 1129 2948 Archigenes
1149 2839 1199 2942 (d)
1224 2866 1244 2918 a
1301 2838 1500 2921 dhetium
1519 2833 1696 2919 eamdem
1716 2839 1869 2949 praxim
1890 2843 1934 2922 bc

505 2947 661 3034 casdem
675 2949 933 3031 indicationes
946 2949 1203 3061 prosequitur.
1216 2867 1323 3030 nliln
1336 2951 1448 3032 misso
1461 2977 1510 3034 ex
1523 2975 1693 3057 utroque
1704 2945 1843 3031 cubito
1856 2949 1932 3031 san·

504 3065 646 3174 guine,
664 3063 858 3173 catapotia
872 3087 922 3141 ex
937 3059 1224 3172 colocynthide
1239 3061 1449 3174 praescribit
1464 3068 1535 3166 (e),
1557 3059 1648 3144 dein
1664 3061 1761 3143 verb
1777 3064 1931 3174 nigrum

504 3197 701 3256 veratrum
722 3202 814 3254 cum
841 3172 1095 3256 scammoneo
1123 3177 1320 3279 mixtum,
1353 3172 1494 3283 lacque
1523 3173 1709 3254 asininum
1737 3171 1826 3255 vult
1848 3202 1932 3288 pur-

505 3281 685 3398 gantibus
712 3285 965 3398 interrumpi,
988 3284 1191 3394 rursusque
1211 3286 1365 3370 resumi.
1391 3271 1553 3400 Magno
1583 3281 1714 3400 postea
1744 3287 1931 3368 encomio

330 3379 334 3384 ⁵
439 3448 443 3453 ’
504 3401 725 3512 viperarum
748 3395 861 3479 usum
888 3396 1048 3501 laudat,
1076 3424 1289 3507 earumque
1315 3399 1422 3481 esum
1447 3396 1704 3502 familiarem,
1730 3396 1828 3480 dum
1851 3397 1931 3479 san-

505 3513 667 3624 guinem
692 3505 765 3588 illa
793 3511 940 3623 puriori
966 3508 1087 3592 succo
1115 3509 1380 3622 perfundunt,
1410 3536 1658 3620 evocantque
1684 3538 1779 3618 quas
1803 3507 1932 3624 polleal

509 3620 672 3728 ejiciunt
691 3619 740 3702 ad
755 3648 888 3704 cutem
906 3623 1147 3735 impuritates
1165 3653 1177 3722 ;
1197 3627 1351 3733 totique
1367 3626 1559 3707 curationi
1575 3623 1680 3731 quast
1695 3622 1933 3705 coronidem

505 3733 657 3840 addit,
695 3734 910 3816 theriacam
942 3734 1216 3818 Andromachi
1249 3737 1531 3850 compendium
1563 3737 1684 3816 totilas
1718 3737 1933 3816 curationis

506 3847 696 3952 efficere,
726 3845 753 3926 fi
784 3873 852 3960 per
879 3843 1082 3930 intervalla
1115 3847 1276 3931 modice
1308 3852 1392 3962 post
1449 3850 1673 3960 urgationes
1704 3843 1932 3977 praebeatur.

507 3961 586 4045 Cui
599 3958 858 4075 propositioni
870 3955 1115 4071 adstipulatus
1129 3963 1181 4042 est
1193 3958 1367 4044 Galenus
1383 3881 1447 4073 (ll
1465 3962 1532 4070 qui
1547 3986 1635 4043 eam
1652 3965 1693 4040 dt
1706 3955 1850 4040 illitam
1857 4021 1870 4064 ,
1892 3965 1933 4039 bt

507 4076 666 4156 interius
697 4069 889 4184 sumptam
918 4071 1111 4182 predicat.
1147 4075 1226 4156 Vix
1254 4073 1438 4156 differunt
1461 4071 1758 4154 medicamentis
1788 4072 1935 4184 topicis

509 4180 530 4261 ὲ
550 4181 888 4292 predecessoribus
900 4245 913 4288 ,
936 4183 1014 4266 ssve
1029 4186 1191 4290 Aetius,
1214 4187 1291 4268 stve
1305 4187 1571 4297 Archigenes,
1594 4183 1663 4264 nist
1683 4179 1794 4292 qubd
1814 4179 1936 4264 emol-

507 4289 640 4375 lientia
663 4297 785 4404 magis
810 4292 971 4378 laudent
983 4358 997 4402 ,
1025 4292 1227 4406 velintque
1249 4295 1444 4382 detersrvis
1466 4292 1710 4412 praeludere,
1744 4294 1938 4382 deterstra

548 4467 603 4539 (a)
623 4465 687 4528 Lib.
703 4488 716 4546 3
734 4507 743 4540 ,
759 4489 819 4552 cap.
838 4493 887 4549 ²3·
1772 4419 1780 4434 ·

546 4543 603 4621 (b)
622 4545 669 4606 De
688 4547 756 4608 Arte
775 4571 832 4610 cur.
851 4553 885 4610 ad
901 4549 1004 4611 Glauc.
1024 4551 1069 4612 lib.
1091 4573 1203 4636 2,cap.
1226 4577 1268 4616 tr.

546 4631 582 4706 (t
621 4625 668 4686 De
686 4629 785 4710 Simpl.
798 4631 876 4693 Med.
891 4635 989 4690 Virtus.
1006 4631 1053 4706 lib.
1071 4655 1116 4692 rr.

551 4701 587 4784 (tl
623 4705 670 4765 De
689 4708 791 4789 Comp.
809 4711 883 4772 Med.
899 4712 960 4772 Stc.
978 4709 1054 4770 lota
1077 4713 1122 4772 lib.
1139 4731 1167 4783 ς.

450 4803 456 4812 '
541 4797 581 4862 (θ
621 4783 699 4844 Teu.
716 4809 751 4859 4.
770 4789 857 4853 Serm.
879 4813 906 4855 1.
922 4811 979 4871 cap.
999 4809 1052 4864 ar,
1072 4813 1106 4850 22
1124 4800 1150 4852 st
1168 4813 1214 4874 23.

543 4863 602 4948 (s)
624 4864 670 4928 De
687 4865 822 4930 Thetiaci
840 4871 873 4931 ad
890 4869 1026 4932 Pisonem·
