4156 5892
225 479 309 497 ,.
466 405 556 508 236
910 389 1020 532 DE
1080 322 1447 486 MORBIS
1573 413 1575 418 '

470 557 543 648 usu
556 555 740 667 tedioso,
755 554 822 646 sed
839 555 1025 645 diuturno
1040 563 1178 646 curam
1191 559 1382 670 absolvit,
1395 557 1540 678 topicis
1554 557 1696 678 parlim*
1707 553 1909 666 confisus,

453 670 542 758 sed
558 701 607 758 ea
624 699 675 758 ex
694 670 979 758 lenilhmomm
997 672 1378 761 medicamentorum
1401 671 1711 784 resolvendum,
1736 674 1908 759 chamae-

471 782 595 892 meli,
619 782 828 894 scabiosa,
848 781 1049 893 meliloti·,
1078 783 1283 896 sambuci,
1305 785 1533 906 lapathique
1552 812 1700 904 genere
1720 781 1793 873 seli
1810 787 1906 874 'ene-
1956 831 1960 846 ·

472 898 610 1095 puapn
624 895 787 1030 quidem
808 897 1105 1096 dodarpffiatque
1119 897 1332 1016 sapientem
1343 898 1580 997 methodum
1598 899 1746 1009 secuti,
1766 900 1791 918 '⁹
1811 899 1908 984 dem

493 1038 516 1096 e
543 1041 557 1096 1
585 1041 631 1096 us
647 1037 931 1096 carauonemr
1002 1039 1171 1098 memus.

561 1126 705 1208 nimiam
725 1123 845 1238 igitur
867 1129 912 1208 dt
931 1123 1021 1210 ante
1044 1108 1180 1260 omria
1198 1122 1373 1214 scabiem
1395 1123 1677 1241 distinguemus
1699 1125 1742 1208 in
1765 1153 1904 1212 recen·-

471 1263 555 1324 tem
572 1238 821 1350 &contagio
838 1240 1080 1322 contradam
1096 1238 1302 1347 evidenti,
1325 1243 1368 1325 in
1386 1235 1584 1347 vetulam,
1603 1237 1672 1325 seu
1691 1237 1904 1324 inveteras-

473 1373 656 1456 centem,
669 1347 861 1465 praecipue
873 1353 916 1433 in
927 1347 1113 1467 provehis
1124 1378 1235 1440 atate
1245 1352 1488 1486 grassantem.
1511 1349 1904 1436 Secundhverhsca-

474 1460 556 1549 biei
567 1459 683 1575 ipsius
696 1461 916 1548 accidentia
925 1463 1228 1580 prosequemur,
1251 1463 1446 1578 inquibus
1457 1463 1623 1548 lerinam
1661 1464 1905 1550 rimb&suie

470 1573 728 1662 'metuendam
764 1574 948 1660 ruritibus
955 1577 1128 1684 ,ξιὲσμοι
1141 1577 1277 1666 dixere
1287 1579 1425 1669 Aetius
1441 1574 1598 1664 &Orib
1638 1605 1717 1683 rua,
1731 1574 1906 1661 scabiem

469 1687 1402 1938 trirememlnleselelmi:
1418 1687 1903 1888 edissenis*

311 1917 323 1934 “
466 1993 468 1998 2
527 1909 595 1998 Ad
628 1939 829 1998 recentem
866 1920 909 1997 dt
942 1911 1134 2028 contagio
1166 1915 1340 2002 evidenti
1371 1917 1612 2000 contradam
1645 1911 1903 2002 solummodh

467 2021 1228 2254 llllss‘hililllillilipllil
1257 2027 1456 2253 leli.
1471 2024 1903 2226 Risinibislil.

473 2252 658 2358 internis,
682 2249 731 2335 ad
750 2248 950 2336 enecanda
972 2249 1116 2336 inseda
1136 2250 1327 2338 illitiones
1348 2277 1399 2337 ex
1426 2250 1609 2367 sulphure
1635 2259 1677 2337 dr
1703 2255 1901 2338 mercurio

392 2407 393 2412 Ν
463 2363 584 2454 dulci
610 2390 680 2478 per
709 2391 928 2477 paucorum
953 2362 1159 2476 mtervallo
1187 2365 1341 2452 dierum
1369 2364 1558 2452 sufficere
1577 2367 1816 2482 pronuntiat.
1848 2365 1903 2450 Et

464 2487 581 2568 certe
610 2475 746 2586 quidni
769 2473 949 2562 nondum
973 2476 1242 2574 introduslum
1269 2505 1339 2593 per
1366 2477 1457 2564 vasa
1480 2505 1678 2564 venenum
1704 2479 1901 2564 invasione

468 2591 598 2682 subire
632 2617 737 2672 occu
766 2615 919 2674 aremus
947 2621 962 2690 3
993 2589 1126 2700 sicque
1159 2589 1347 2675 morbum
1379 2591 1659 2677 destrueremus
1692 2618 1904 2704 antequam

469 2710 704 2794 constitutur
726 2617 784 2784 lit.
809 2697 1053 2814 Simplicem'
1069 2701 1178 2786 illam
1204 2703 1440 2790 methodum
1464 2706 1642 2790 constans
1663 2701 1902 2818 comprobat

335 2821 338 2826 ’
460 2817 723 2929 observatio,
746 2839 822 2898 nec
838 2811 925 2897 ullo
944 2813 1025 2899 alio
1043 2815 1287 2901 adminiculo
1301 2845 1361 2902 res
1377 2815 1539 2931 indiget.
1565 2817 1656 2902 Nec
1676 2815 1900 2930 sulphurata

468 2939 621 3017 tanrhm
636 2951 839 3048 unguenta
862 2924 1120 3034 conducunt,
1143 2927 1211 3012 sed
1234 2929 1509 3048 sumpliciffima
1535 2957 1585 3014 ex
1606 2927 1901 3044 detergentibue

472 3047 644 3129 conflata
662 3041 885 3144 sufficiunt,
905 3065 955 3124 ex
974 3035 1163 3154 lapatho,
1193 3039 1311 3126 enulal
1334 3041 1553 3156 campani,
1583 3069 1651 3126 aur
1670 3041 1770 3128 illud
1789 3043 1901 3154 quod

469 3157 574 3272 apud
590 3185 665 3242 noa
682 3157 831 3272 vulgh,
854 3149 921 3236 vel
943 3153 1012 3265 ipsi
1030 3153 1179 3237 tirones
1201 3155 1244 3236 in
1268 3155 1381 3240 usum
1404 3153 1623 3262 adhibent,
1649 3181 1898 3272 unguentum

464 3269 701 3366 mercuriale
726 3263 861 3356 debile
885 3259 1181 3379 neapolitanum
1211 3267 1371 3354 dishum
1405 3264 1528 3354 Certe
1554 3270 1698 3352 horum
1723 3268 1900 3354 medica·

467 3409 695 3470 mentomm
717 3385 855 3492 usum,
888 3375 959 3463 usu
981 3377 1138 3462 interno
1160 3377 1472 3466 demulcentium
1491 3377 1752 3487 adjuvandum
1773 3379 1850 3468 else
1868 3383 1901 3466 li

466 3494 725 3612 protulerint,
738 3523 900 3582 mecum
912 3488 1176 3582 consentient.
1191 3493 1299 3578 Aere
1309 3497 1417 3578 enim
1428 3493 1734 3607 quodcumque,
1749 3495 1899 3580 etiamsi

465 3605 534 3696 vel
569 3610 732 3693 minima
757 3606 839 3718 ejus
868 3601 1075 3697 molecula
1107 3605 1211 3690 inuis
1242 3605 1467 3804 irrepserit,
1497 3606 1785 3695 remndendum
1820 3607 1900 3692 elle

468 3721 593 3807 edicit
619 3724 733 3808 ratio.
769 3723 863 3808 Nec
886 3721 1130 3808 minhs'chm
1148 3721 1173 3806 d
1193 3715 1282 3804 bilia
1320 3717 1423 3805 acile
1442 3721 1654 3808 evertendi
1677 3720 1899 3806 secretione

452 3833 594 3920 -multa
618 3837 724 3920 acria
748 3837 791 3918 in
823 3861 958 3920 cutem
985 3836 1159 3922 serantur
1169 3895 1186 3942 ,
1213 3833 1418 3921 conducet
1444 3859 1492 3918 ea
1516 3830 1701 3920 adhihere
1727 3831 1898 3918 laxantia

463 3975 549 4079 que
571 3945 704 4034 alvum
725 3944 918 4034 subluant.
948 3945 1059 4034 Hinc
1078 3947 1206 4036 serum
1230 3943 1341 4036 lueis
1364 3944 1466 4032 bend
1489 3945 1743 4031 clarificatum
1763 3973 1896 4029 matu-

450 4083 553 4143 1ono
569 4087 668 4175 potu
679 4124 695 4168 ,
714 4086 780 4145 me
802 4056 961 4169 judice,
984 4061 1263 4169 commendes,
1283 4085 1352 4146 aut
1376 4057 1597 4176 plamarum
1619 4058 1799 4144 mollium
1821 4057 1894 4143 de-

454 4174 607 4279 ·coda,
649 4171 1094 4289 ualiapraebentradicec
1110 4174 1382 4288 lapathorum,
1396 4171 1589 4286 fragariae,
1603 4167 1896 4314 aperientesque

450 4203 710 4370 :radicesue
722 4313 886 4400 omnes,
906 4291 991 4372 tium
1004 4289 1102 4374 verb
1112 4283 1211 4372 solia
1226 4287 1390 4371 endiviae
1397 4348 1413 4394 ,
1426 4280 1767 4392 malvae,c1chorii
1774 4347 1789 4393 ,
1803 4311 1898 4368 tara·
2067 4351 2070 4360 „

465 4397 578 4503 xaci,
599 4393 842 4511 homagium,
862 4429 930 4485 aut
950 4402 1093 4486 minori
1108 4399 1213 4507 dost,
1236 4395 1479 4484 caerefolium
1491 4459 1505 4504 ,
1530 4393 1785 4534 becabunga,
1809 4397 1895 4482 nas-

461 4508 625 4596 mnrium
638 4512 879 4624 aquaticum,
891 4511 1030 4622 quibua
1040 4543 1113 4629 pro
1127 4540 1168 4598 re
1178 4509 1468 4602 nadadduntur
1480 4537 1583 4595 terra
1595 4537 1726 4596 tartari
1739 4510 1893 4618 foliata,

462 4619 519 4707 sal
543 4621 731 4736 vegetalis
742 4685 758 4728 ,
787 4621 854 4708 sed
881 4623 964 4707 dosr
988 4625 1104 4738 parci
1123 4622 1200 4736 qui
1227 4623 1461 4713 sollicitetur
1477 4621 1557 4708 levi
1576 4623 1731 4708 stimulo
1750 4623 1893 4732 alvus,

463 4761 548 4820 non
560 4737 743 4820 irritetur.
758 4736 936 4821 Necnon
949 4740 1067 4821 etiam
1081 4737 1285 4851 prudentia
1296 4734 1424 4846 jubet,
1442 4733 1510 4826 ubi
1521 4735 1590 4822 dis
1608 4740 1708 4821 aruit
1720 4737 1869 4822 malum
1876 4799 1892 4844 ,

458 4849 612 4940 hostem
628 4843 654 4935 i
672 4871 788 4964 tergo
804 4851 1021 4938 cathartico
1037 4846 1118 4937 levi
1129 4848 1302 4964 insequi,
1321 4877 1368 4938 ut
1379 4851 1524 4938 refluus
1532 4911 1549 4957 ,
1568 4765 1706 4938 sadoc
1716 4913 1731 4964 ,
1747 4855 1897 4937 humor
