4292 5904
417 641 420 646 ·
525 593 715 685 monendi
735 589 866 677 sunta

526 442 609 546 648
962 421 1071 514 DE
1138 421 1504 515 MORBI'S

896 591 950 697 ri,
967 620 1011 676 ut
1025 591 1280 678 intestinalem
1295 595 1506 679 circuitum
1525 617 1606 704 prae
1621 580 1768 674 caeteris
1789 571 1959 676 liberum

523 714 679 796 servent
697 739 708 804 ;
728 709 812 787 imo
827 621 991 788 inlienis
1007 706 1198 811 durioris,
1220 708 1298 790 stne
1320 704 1401 789 ulli
1423 703 1497 788 alii
1511 704 1720 786 affeetione
1731 765 1745 809 ,
1766 702 1959 790 scirrhosi

496 823 715 923 ‘diathesm
746 815 994 900 observatum
1019 820 1072 901 est
1097 818 1241 902 nasum'
1256 817 1450 932 praecipue
1478 814 1709 920 rubescere,
1738 823 1781 899 ὃ(
1807 843 1962 928 guttam⁴

520 938 673 1022 roseam
698 933 792 1022 oriri
815 961 827 1030 3
858 933 988 1035 hanc,
1010 929 1182 1042 hyemali
1233 929 1420 1013 raesertim·
1436 939 1643 1042 tempore,
1666 956 1747 1040 quo
1771 931 1959 1015 nostrates

522 1049 804 1134 exercitiorum
831 1045 1085 1127 immemores
1107 961 1230 1126 simul
1243 1043 1557 1126 commessationi
1579 1069 1695 1150 atque
1718 1039 1868 1153 vigiliis
1889 1047 1955 1157 po·‘

521 1162 707 1244 riffimhm
743 1154 961 1261 deduntur,
995 1159 1089 1239 cirm
1116 1158 1160 1237 in
1186 1153 1331 1261 juniori
1363 1164 1405 1240 ὃ(
1435 1152 1593 1238 militari
1620 1156 1708 1238 viro
1743 1154 1955 1262 viderem,

522 1271 593 1356 ille
610 1275 705 1356 verb
727 1267 899 1352 remedia
920 1265 1153 1382 postularet,
1181 1297 1232 1352 ne
1257 1265 1487 1352 mulieribus
1503 1297 1597 1378 quas
1618 1263 1769 1382 perdite
1795 1267 1953 1352 insecta·

522 1383 637 1468 batur
671 1381 816 1465 invisus
847 1381 976 1487 foret,
1011 1379 1211 1466 hirudines
1238 1379 1290 1464 ad
1316 1386 1468 1466 narium
1498 1379 1620 1462 latera
1654 1382 1821 1492 apponi*
1840 1379 1951 1488 julli,
2017 1467 2021 1474 ,

524 1527 616 1580 cum
637 1524 688 1579 eo
711 1491 908 1599 successu,
928 1519 972 1575 ut
992 1491 1041 1576 de
1061 1495 1191 1578 nitore
1210 1492 1327 1578 faciei
1374 1492 1631 1578 ratularentur
1647 1507 1800 1574 omnes.
1816 1495 1871 1576 At
1885 1491 1951 1578 ille

521 1610 713 1692 scitrhum
737 1604 848 1690 lienis
874 1613 896 1686 a
922 1604 1031 1689 febre
1083 1603 1241 1690 uartanh
1267 1526 1373 1690 meld
1404 1605 1537 1690 curati
1567 1603 1590 1688 ”a
1611 1601 1741 1716 longo
1774 1632 1948 1719 tempore

522 1726 698 1835 gestans,
717 1727 758 1803 bc
774 1718 822 1802 ad
839 1714 1007 1802 bellicos
1026 1635 1181 1803 labores
1193 1746 1405 1826 evocatus,
1421 1717 1600 1802 eamdem
1616 1716 1750 1830 sapius
1764 1720 1888 1830 pallus
1901 1721 1948 1804 est

521 1835 765 1936 recidivam,
796 1839 839 1914 bt
869 1829 1021 1944 semper
1045 1832 1245 1916 hirudines
1271 1863 1364 1916 cum
1391 1831 1536 1916 eodem
1562 1829 1737 1912 successu
1763 1830 1945 1918 admovit.

519 1947 610 2031 Imb
630 1947 785 2056 quoties
809 1945 1018 2054 aperientis
1037 1943 1086 2026 ad
1109 1943 1255 2029 lienem
1279 1941 1592 2048 adhibebantur,
1618 1943 1724 2052 quast
1742 1970 1789 2024 ex
1810 1943 1944 2054 fomite

519 2060 780 2144 deduceretur
795 2081 864 2168 per
879 2050 947 2136 illa
965 2055 1139 2142 remedia
1159 2058 1327 2164 humor,
1349 2062 1478 2142 rursirs
1493 2053 1703 2161 ruborem,
1728 2061 1769 2138 br
1785 2056 1943 2168 pustulas

519 2167 818 2285 experiebatur,
850 2164 953 2249 unde
983 2168 1051 2280 ipsi
1087 2169 1210 2250 fixum
1242 2194 1361 2278 atque
1395 2172 1575 2254 statutum
1608 2170 1736 2251 estne
1766 2169 1940 2252 remedie

518 2285 594 2367 istis
621 2281 699 2366 sese
725 2283 875 2363 rursirm
901 2275 1108 2384 redderet,
1134 2278 1199 2362 sed
1222 2277 1334 2364 lienis
1360 2281 1543 2365 duritiem
1570 2283 1726 2385 smeret,
1743 2307 1793 2362 ne
1810 2277 1933 2364 vultus

519 2400 610 2478 artis
635 2391 791 2475 labores
817 2392 1037 2502 exprimens
1056 2393 1099 2473 -in
1122 2389 1257 2505 pejora
1274 2420 1428 2505 rueret,
1450 2401 1494 2476 bt
1513 2391 1606 2476 solis
1631 2390 1710 2476 alvi
1733 2389 1938 2478 laxantibus

518 2508 599 2590 sme
609 2508 826 2587 irritatione
842 2529 1052 2588 contentus
1069 2508 1393 2620 constipationem
1409 2505 1533 2591 solam
1547 2504 1697 2600 alhdub
1710 2508 1829 2605 vitat;
1841 2504 1943 2614 quod

517 2617 680 2728 quidem
709 2613 918 2700 confilium
937 2615 986 2699 ad
1014 2618 1097 2702 haec
1119 2616 1222 2704 levia
1247 2618 1350 2703 mala
1373 2625 1538 2704 unicum
1567 2617 1804 2712 sumendum
1833 2617 1940 2724 esset,

518 2732 546 2813 st
569 2759 651 2812 non
669 2727 857 2835 subeffet,
878 2752 922 2809 ut
933 2726 1057 2842 vulgo
1072 2727 1323 2840 observatur,
1350 2733 1464 2832 causa
1481 2733 1640 2848 gravior
1657 2727 1771 2838 cujus
1787 2729 1940 2820 rubores

514 2839 577 2926 illi
596 2844 673 2925 nasr
694 2870 769 2956 pro
788 2841 1050 2958 symptomate
1068 2843 1168 2940 sunt,
1479 2851 1486 2862 “

763 3013 1648 3206 ranaonnrnusrrr

391 3371 397 3384 ι
513 3275 582 3383 De
603 3275 805 3375 labiorum
827 3279 1357 3478 proterunturolghlfpmore,
1385 3281 1575 3396 aliquibus
1592 3281 1831 3368 Auctoribus
1855 3283 1947 3370 dieo

755 3419 758 3430 ·
1171 3423 1203 3476 er
1220 3424 1342 3485 ococe.
1789 3421 1794 3430 ·
1943 3445 1947 3454 ·

436 3683 440 3691 ,
567 3615 725 3698 Inflatio
748 3613 842 3708 labii
862 3615 1067 3730 superioris
1091 3618 1188 3734 sape
1207 3619 1256 3705 ad
1277 3615 1354 3704 alas
1375 3627 1417 3704 δι
1437 3619 1641 3706 claustrum
1652 3625 1813 3732 ‚narium
1835 3648 1946 3708 cont·

509 3731 737 3834 municata‚
769 3757 887 3836 quam
910 3729 1216 3840 cheilocacem,
1237 3733 1302 3816 seu
1331 3733 1590 3846 lobrofitlcium
1605 3733 1810 3833 Arnoldus
1831 3737 1945 3823 Boo-

509 3843 663 3942 tius(o)
688 3841 847 3922 nattam
874 3839 922 3936 de
946 3841 1145 3936 affedib'us
1173 3846 1317 3928 omilin
1335 3872 1483 3952 vocat,
1508 3875 1559 3931 eo
1583 3849 1680 3942 mihi
1707 3847 1827 3932 titulo
1852 3877 1946 3964 per-

508 3952 706 4036 trudanda
719 3951 800 4034 visa
823 3954 905 4058 est,
930 3954 1037 4062 qubd
1055 3952 1076 4038 *a
1097 3954 1213 4040 nullis
1228 3988 1329 4067 quos
1344 3957 1511 4052 viderim
1525 3957 1776 4067 sudoribus,
1795 3966 1880 4045 imo
1901 3970 1946 4050 δε

506 4061 558 4162 ab
592 4068 751 4148 auctore
784 4064 965 4176 prndiilo
996 4067 1120 4151 levihs
1150 4061 1378 4184 pertrfiata
1403 4071 1548 4178 fuerit,
1578 4099 1654 4166 nec
1681 4099 1815 4159 tamen
1839 4074 1946 4160 adeo

505 4177 678 4262 insolens
704 4181 749 4260 stt
772 4202 839 4272 aut
859 4180 1086 4291 praetervisa.

565 4289 699 4375 Pueris
728 4315 843 4398 atque
869 4291 1065 4404 praecipue
1094 4289 1234 4405 puellis
1258 4291 1336 4398 jam
1368 4298 1572 4411 pueritiam
1602 4304 1645 4380 δι
1674 4295 1946 4384 dentitionem

507 4405 695 4508 emensis,
720 4405 804 4520 imb
823 4402 1101 4489 accedentibus
1113 4405 1172 4488 'ad
1192 4405 1457 4518 pubertatem,
1475 4407 1572 4523 sape
1591 4405 1746 4494 labrum
1763 4411 1947 4528 superius

506 4505 583 4620 quit
602 4540 708 4622 parte
728 4515 863 4597 nasum
882 4520 1063 4628 attingit,
1088 4519 1199 4600 unitis
1216 4524 1341 4604 noetis
1359 4521 1485 4636 spatio
1505 4523 1660 4604 inflatur
1682 4531 1830 4606 &tota
1851 4555 1950 4639 pars

504 4617 624 4733 gibba
648 4631 936 4736 &prominens
960 4630 1036 4710 nasr
1061 4627 1287 4739 crassescit,
1310 4633 1522 4746 aliquandi>
1546 4663 1640 4717 cum
1665 4634 1833 4743 dolore,
1863 4639 1948 4722 ali-

502 4733 663 4844 quando
697 4765 788 4818 cum
819 4739 927 4823 audi
962 4746 1112 4826 tantum
1146 4742 1353 4836 senfilitate
1368 4807 1384 4857 ,
1417 4747 1629 4859 aliquando
1663 4749 1826 4834 demum
1857 4753 1947 4842 fine

506 4927 512 4944 .
543 4893 604 4976 v(a)
629 4889 727 4954 Tne.
748 4889 810 4958 10⁰.
913 4973 914 4976 Ἴ
1231 4871 1238 4882 ’
1425 4894 1428 4902 ’

1848 4985 1949 5076 ullo
