<?xml version="1.0" encoding="UTF-8"?>
<!DOCTYPE html PUBLIC "-//W3C//DTD XHTML 1.0 Transitional//EN"
    "http://www.w3.org/TR/xhtml1/DTD/xhtml1-transitional.dtd">
<html xmlns="http://www.w3.org/1999/xhtml" xml:lang="en" lang="en">
 <head>
  <title>
</title>
<meta http-equiv="Content-Type" content="text/html;charset=utf-8" />
  <meta name='ocr-system' content='tesseract 3.04.00' />
  <meta name='ocr-capabilities' content='ocr_page ocr_carea ocr_par ocr_line ocrx_word'/>
</head>
<body>
  <div class='ocr_page' id='page_1' title='image "./tractatusdemorb00cavegoog_0674.png"; bbox 0 0 4292 5904; ppageno 0'>
   <div class='ocr_carea' id='block_1_1' title="bbox 508 413 1474 542">
    <p class='ocr_par' dir='ltr' id='par_1_1' title="bbox 508 413 1474 542">
     <span class='ocr_line' id='line_1_1' title="bbox 508 413 1474 542; baseline -0.006 -28"><span class='ocrx_word' id='word_1_1' title='bbox 508 437 587 542; x_wconf 77' lang='lat'>65&#39;8</span> <span class='ocrx_word' id='word_1_2' title='bbox 949 413 1060 512; x_wconf 78' lang='lat' dir='ltr'>DE</span> <span class='ocrx_word' id='word_1_3' title='bbox 1116 417 1474 510; x_wconf 74' lang='lat' dir='ltr'>MO-Rnls</span> 
     </span>
    </p>
   </div>
   <div class='ocr_carea' id='block_1_2' title="bbox 433 581 2077 3989">
    <p class='ocr_par' dir='ltr' id='par_1_2' title="bbox 508 581 1946 704">
     <span class='ocr_line' id='line_1_2' title="bbox 508 581 1946 704; baseline -0.001 -28"><span class='ocrx_word' id='word_1_4' title='bbox 508 595 694 676; x_wconf 79' lang='lat' dir='ltr'>circuitus</span> <span class='ocrx_word' id='word_1_5' title='bbox 715 583 896 704; x_wconf 85' lang='lat' dir='ltr'>languet,</span> <span class='ocrx_word' id='word_1_6' title='bbox 921 595 965 672; x_wconf 69' lang='grc' dir='ltr'>ὃ(</span> <span class='ocrx_word' id='word_1_7' title='bbox 981 587 1145 673; x_wconf 90' lang='lat' dir='ltr'>declivis</span> <span class='ocrx_word' id='word_1_8' title='bbox 1162 587 1251 673; x_wconf 83' lang='lat' dir='ltr'>litus</span> <span class='ocrx_word' id='word_1_9' title='bbox 1271 587 1500 702; x_wconf 87' lang='lat' dir='ltr'>sanguinem</span> <span class='ocrx_word' id='word_1_10' title='bbox 1521 605 1765 692; x_wconf 79' lang='lat' dir='ltr'>remoratur,</span> <span class='ocrx_word' id='word_1_11' title='bbox 1786 581 1946 702; x_wconf 84' lang='lat' dir='ltr'>semper</span> 
     </span>
    </p>

    <p class='ocr_par' dir='ltr' id='par_1_3' title="bbox 433 696 2077 1607">
     <span class='ocr_line' id='line_1_3' title="bbox 433 696 1945 817; baseline 0 -29"><span class='ocrx_word' id='word_1_12' title='bbox 433 703 439 714; x_wconf 84' lang='grc'><strong>’</strong></span> <span class='ocrx_word' id='word_1_13' title='bbox 507 707 674 817; x_wconf 90' lang='lat' dir='ltr'>incipir;</span> <span class='ocrx_word' id='word_1_14' title='bbox 697 729 770 786; x_wconf 89' lang='lat' dir='ltr'>nec</span> <span class='ocrx_word' id='word_1_15' title='bbox 787 699 867 784; x_wconf 86' lang='lat' dir='ltr'>ulla</span> <span class='ocrx_word' id='word_1_16' title='bbox 882 700 1006 785; x_wconf 65' lang='lat' dir='ltr'>ferme</span> <span class='ocrx_word' id='word_1_17' title='bbox 1024 700 1284 816; x_wconf 83' lang='lat' dir='ltr'>symptomata</span> <span class='ocrx_word' id='word_1_18' title='bbox 1303 703 1503 805; x_wconf 84' lang='lat' dir='ltr'>concitat,</span> <span class='ocrx_word' id='word_1_19' title='bbox 1528 696 1751 814; x_wconf 71' lang='lat' dir='ltr'>priusqubm</span> <span class='ocrx_word' id='word_1_20' title='bbox 1770 701 1945 788; x_wconf 80' lang='lat' dir='ltr'>evaserit</span> 
     </span>
     <span class='ocr_line' id='line_1_4' title="bbox 506 811 1945 928; baseline 0.001 -30"><span class='ocrx_word' id='word_1_21' title='bbox 506 812 822 928; x_wconf 83' lang='lat' dir='ltr'>immedicabilis.</span> <span class='ocrx_word' id='word_1_22' title='bbox 860 812 960 897; x_wconf 78' lang='lat' dir='ltr'>Hac</span> <span class='ocrx_word' id='word_1_23' title='bbox 999 817 1162 926; x_wconf 84' lang='lat' dir='ltr'>requirit</span> <span class='ocrx_word' id='word_1_24' title='bbox 1197 812 1246 897; x_wconf 90' lang='lat' dir='ltr'>ab</span> <span class='ocrx_word' id='word_1_25' title='bbox 1277 839 1359 898; x_wconf 85' lang='lat' dir='ltr'>arte</span> <span class='ocrx_word' id='word_1_26' title='bbox 1387 811 1651 896; x_wconf 86' lang='lat' dir='ltr'>embammata</span> <span class='ocrx_word' id='word_1_27' title='bbox 1690 841 1773 921; x_wconf 82' lang='lat' dir='ltr'>quae</span> <span class='ocrx_word' id='word_1_28' title='bbox 1809 813 1878 898; x_wconf 73' lang='lat' dir='ltr'>uel</span> <span class='ocrx_word' id='word_1_29' title='bbox 1919 815 1945 899; x_wconf 69' lang='lat' dir='ltr'>*a</span> 
     </span>
     <span class='ocr_line' id='line_1_5' title="bbox 506 923 1946 1037; baseline 0.002 -27"><span class='ocrx_word' id='word_1_30' title='bbox 506 928 699 1012; x_wconf 88' lang='lat' dir='ltr'>cadavere</span> <span class='ocrx_word' id='word_1_31' title='bbox 717 925 905 1011; x_wconf 88' lang='lat' dir='ltr'>soetorem</span> <span class='ocrx_word' id='word_1_32' title='bbox 924 952 1164 1034; x_wconf 88' lang='lat' dir='ltr'>averterent,</span> <span class='ocrx_word' id='word_1_33' title='bbox 1187 925 1281 1010; x_wconf 83' lang='lat' dir='ltr'>dum</span> <span class='ocrx_word' id='word_1_34' title='bbox 1297 928 1339 1008; x_wconf 95' lang='lat' dir='ltr'>in</span> <span class='ocrx_word' id='word_1_35' title='bbox 1354 928 1610 1037; x_wconf 85' lang='lat' dir='ltr'>corruptione</span> <span class='ocrx_word' id='word_1_36' title='bbox 1630 923 1800 1008; x_wconf 70' lang='lat' dir='ltr'>arcendi</span> <span class='ocrx_word' id='word_1_37' title='bbox 1818 929 1946 1014; x_wconf 85' lang='lat' dir='ltr'>medi·</span> 
     </span>
     <span class='ocr_line' id='line_1_6' title="bbox 506 1035 2077 1154; baseline 0.002 -31"><span class='ocrx_word' id='word_1_38' title='bbox 506 1043 597 1123; x_wconf 90' lang='lat' dir='ltr'>cina</span> <span class='ocrx_word' id='word_1_39' title='bbox 616 1037 797 1152; x_wconf 86' lang='lat' dir='ltr'>invigilat</span> <span class='ocrx_word' id='word_1_40' title='bbox 808 1104 822 1149; x_wconf 92' lang='lat'>,</span> <span class='ocrx_word' id='word_1_41' title='bbox 847 1038 999 1147; x_wconf 90' lang='lat' dir='ltr'>donec,</span> <span class='ocrx_word' id='word_1_42' title='bbox 1021 1035 1217 1125; x_wconf 69' lang='lat' dir='ltr'>debellata</span> <span class='ocrx_word' id='word_1_43' title='bbox 1236 1067 1306 1154; x_wconf 89' lang='lat' dir='ltr'>per</span> <span class='ocrx_word' id='word_1_44' title='bbox 1332 1038 1453 1122; x_wconf 85' lang='lat' dir='ltr'>causae</span> <span class='ocrx_word' id='word_1_45' title='bbox 1480 1045 1522 1122; x_wconf 76' lang='grc' dir='ltr'>δι</span> <span class='ocrx_word' id='word_1_46' title='bbox 1546 1067 1760 1151; x_wconf 84' lang='lat' dir='ltr'>gangraenae</span> <span class='ocrx_word' id='word_1_47' title='bbox 1783 1039 1943 1126; x_wconf 89' lang='lat' dir='ltr'>adversa</span> <span class='ocrx_word' id='word_1_48' title='bbox 2060 1108 2077 1150; x_wconf 78' lang='lat'>,</span> 
     </span>
     <span class='ocr_line' id='line_1_7' title="bbox 504 1148 1942 1267; baseline 0.002 -33"><span class='ocrx_word' id='word_1_49' title='bbox 504 1151 791 1236; x_wconf 88' lang='lat' dir='ltr'>medicamenta</span> <span class='ocrx_word' id='word_1_50' title='bbox 797 1157 879 1258; x_wconf 92' lang='lat' dir='ltr'>,im</span> <span class='ocrx_word' id='word_1_51' title='bbox 907 1154 1090 1264; x_wconf 87' lang='lat' dir='ltr'>rimisque</span> <span class='ocrx_word' id='word_1_52' title='bbox 1103 1155 1299 1238; x_wconf 89' lang='lat' dir='ltr'>corticem</span> <span class='ocrx_word' id='word_1_53' title='bbox 1309 1148 1693 1267; x_wconf 87' lang='lat' dir='ltr'>peruvianum,1nali</span> <span class='ocrx_word' id='word_1_54' title='bbox 1706 1149 1843 1258; x_wconf 69' lang='lat' dir='ltr'>causi,</span> <span class='ocrx_word' id='word_1_55' title='bbox 1858 1153 1942 1237; x_wconf 86' lang='lat' dir='ltr'>sub</span> 
     </span>
     <span class='ocr_line' id='line_1_8' title="bbox 504 1185 1941 1398; baseline 0.003 -52"><span class='ocrx_word' id='word_1_56' title='bbox 504 1263 686 1350; x_wconf 87' lang='lat' dir='ltr'>crescens</span> <span class='ocrx_word' id='word_1_57' title='bbox 696 1267 799 1371; x_wconf 86' lang='lat' dir='ltr'>vita,</span> <span class='ocrx_word' id='word_1_58' title='bbox 815 1274 857 1350; x_wconf 66' lang='grc' dir='ltr'>ὃ(</span> <span class='ocrx_word' id='word_1_59' title='bbox 874 1185 1191 1398; x_wconf 75' lang='lat' dir='ltr'>sirpputationem</span> <span class='ocrx_word' id='word_1_60' title='bbox 1205 1269 1372 1350; x_wconf 86' lang='lat' dir='ltr'>incitans</span> <span class='ocrx_word' id='word_1_61' title='bbox 1388 1288 1561 1346; x_wconf 86' lang='lat' dir='ltr'>mortuas</span> <span class='ocrx_word' id='word_1_62' title='bbox 1579 1289 1709 1375; x_wconf 87' lang='lat' dir='ltr'>partes</span> <span class='ocrx_word' id='word_1_63' title='bbox 1724 1263 1748 1348; x_wconf 81' lang='grc' dir='ltr'>ὲ</span> <span class='ocrx_word' id='word_1_64' title='bbox 1768 1293 1941 1380; x_wconf 88' lang='lat' dir='ltr'>corpore</span> 
     </span>
     <span class='ocr_line' id='line_1_9' title="bbox 490 1373 1941 1492; baseline 0.005 -33"><span class='ocrx_word' id='word_1_65' title='bbox 490 1373 698 1492; x_wconf 86' lang='lat' dir='ltr'>projiciat.</span> <span class='ocrx_word' id='word_1_66' title='bbox 735 1377 817 1463; x_wconf 86' lang='lat' dir='ltr'>Sed</span> <span class='ocrx_word' id='word_1_67' title='bbox 837 1378 888 1463; x_wconf 88' lang='lat' dir='ltr'>de</span> <span class='ocrx_word' id='word_1_68' title='bbox 912 1383 973 1463; x_wconf 89' lang='lat' dir='ltr'>lus</span> <span class='ocrx_word' id='word_1_69' title='bbox 997 1376 1152 1464; x_wconf 75' lang='lat' dir='ltr'>abunde</span> <span class='ocrx_word' id='word_1_70' title='bbox 1177 1379 1360 1464; x_wconf 86' lang='lat' dir='ltr'>dixerunt</span> <span class='ocrx_word' id='word_1_71' title='bbox 1382 1379 1559 1462; x_wconf 68' lang='lat' dir='ltr'>aussores</span> <span class='ocrx_word' id='word_1_72' title='bbox 1583 1375 1836 1490; x_wconf 87' lang='lat' dir='ltr'>Chirurgici,</span> <span class='ocrx_word' id='word_1_73' title='bbox 1861 1407 1941 1466; x_wconf 88' lang='lat' dir='ltr'>nec</span> 
     </span>
     <span class='ocr_line' id='line_1_10' title="bbox 503 1476 1022 1607; baseline 0.01 -34"><span class='ocrx_word' id='word_1_74' title='bbox 503 1489 562 1574; x_wconf 86' lang='lat' dir='ltr'>sas</span> <span class='ocrx_word' id='word_1_75' title='bbox 588 1476 640 1573; x_wconf 82' lang='lat' dir='ltr'>eli</span> <span class='ocrx_word' id='word_1_76' title='bbox 665 1494 799 1576; x_wconf 88' lang='lat' dir='ltr'>omnia</span> <span class='ocrx_word' id='word_1_77' title='bbox 818 1494 1022 1607; x_wconf 84' lang='lat' dir='ltr'>attingere.</span> 
     </span>
    </p>

    <p class='ocr_par' dir='ltr' id='par_1_4' title="bbox 467 1599 1939 2392">
     <span class='ocr_line' id='line_1_11' title="bbox 467 1599 1938 1720; baseline 0.003 -36"><span class='ocrx_word' id='word_1_78' title='bbox 467 1617 470 1622; x_wconf 85' lang='lat'>&#39;</span> <span class='ocrx_word' id='word_1_79' title='bbox 560 1601 769 1719; x_wconf 91' lang='lat' dir='ltr'>Proprium</span> <span class='ocrx_word' id='word_1_80' title='bbox 790 1612 831 1690; x_wconf 76' lang='grc' dir='ltr'>δι</span> <span class='ocrx_word' id='word_1_81' title='bbox 856 1603 1053 1720; x_wconf 88' lang='lat' dir='ltr'>peculiare</span> <span class='ocrx_word' id='word_1_82' title='bbox 1073 1607 1156 1692; x_wconf 91' lang='lat' dir='ltr'>cuti</span> <span class='ocrx_word' id='word_1_83' title='bbox 1175 1632 1333 1690; x_wconf 88' lang='lat' dir='ltr'>crurum</span> <span class='ocrx_word' id='word_1_84' title='bbox 1353 1600 1499 1686; x_wconf 89' lang='lat' dir='ltr'>malum</span> <span class='ocrx_word' id='word_1_85' title='bbox 1516 1599 1626 1714; x_wconf 90' lang='lat' dir='ltr'>quod</span> <span class='ocrx_word' id='word_1_86' title='bbox 1645 1603 1688 1683; x_wconf 94' lang='lat' dir='ltr'>in</span> <span class='ocrx_word' id='word_1_87' title='bbox 1704 1603 1785 1687; x_wconf 79' lang='lat' dir='ltr'>oris</span> <span class='ocrx_word' id='word_1_88' title='bbox 1803 1605 1938 1688; x_wconf 84' lang='lat' dir='ltr'>nostris</span> 
     </span>
     <span class='ocr_line' id='line_1_12' title="bbox 501 1713 1937 1828; baseline 0.001 -30"><span class='ocrx_word' id='word_1_89' title='bbox 501 1713 869 1828; x_wconf 85' lang='lat' dir='ltr'>septentrionalibus</span> <span class='ocrx_word' id='word_1_90' title='bbox 891 1715 1003 1803; x_wconf 86' lang='lat' dir='ltr'>tibias</span> <span class='ocrx_word' id='word_1_91' title='bbox 1026 1728 1068 1805; x_wconf 72' lang='grc' dir='ltr'>ὃ(</span> <span class='ocrx_word' id='word_1_92' title='bbox 1090 1749 1204 1804; x_wconf 90' lang='lat' dir='ltr'>cruta</span> <span class='ocrx_word' id='word_1_93' title='bbox 1223 1721 1399 1806; x_wconf 88' lang='lat' dir='ltr'>virorum</span> <span class='ocrx_word' id='word_1_94' title='bbox 1422 1717 1536 1800; x_wconf 84' lang='lat' dir='ltr'>nimls</span> <span class='ocrx_word' id='word_1_95' title='bbox 1557 1713 1707 1798; x_wconf 83' lang='lat' dir='ltr'>affiduo</span> <span class='ocrx_word' id='word_1_96' title='bbox 1728 1713 1828 1798; x_wconf 89' lang='lat' dir='ltr'>foco</span> <span class='ocrx_word' id='word_1_97' title='bbox 1852 1715 1937 1799; x_wconf 86' lang='lat' dir='ltr'>alli-</span> 
     </span>
     <span class='ocr_line' id='line_1_13' title="bbox 505 1824 1939 1939; baseline 0.003 -29"><span class='ocrx_word' id='word_1_98' title='bbox 505 1826 682 1912; x_wconf 89' lang='lat' dir='ltr'>dentium</span> <span class='ocrx_word' id='word_1_99' title='bbox 704 1831 828 1914; x_wconf 88' lang='lat' dir='ltr'>afficit</span> <span class='ocrx_word' id='word_1_100' title='bbox 847 1833 1087 1917; x_wconf 88' lang='lat' dir='ltr'>constituunt</span> <span class='ocrx_word' id='word_1_101' title='bbox 1107 1829 1270 1916; x_wconf 79' lang='lat' dir='ltr'>macula</span> <span class='ocrx_word' id='word_1_102' title='bbox 1287 1827 1499 1939; x_wconf 82' lang='lat' dir='ltr'>aliquandi&gt;</span> <span class='ocrx_word' id='word_1_103' title='bbox 1522 1824 1708 1913; x_wconf 87' lang='lat' dir='ltr'>dolorem</span> <span class='ocrx_word' id='word_1_104' title='bbox 1725 1828 1939 1914; x_wconf 86' lang='lat' dir='ltr'>inferentes</span> 
     </span>
     <span class='ocr_line' id='line_1_14' title="bbox 502 1929 1933 2057; baseline 0.004 -37"><span class='ocrx_word' id='word_1_105' title='bbox 502 1937 632 2024; x_wconf 82' lang='lat' dir='ltr'>livida</span> <span class='ocrx_word' id='word_1_106' title='bbox 651 1949 692 2032; x_wconf 68' lang='grc' dir='ltr'>ὅ(</span> <span class='ocrx_word' id='word_1_107' title='bbox 713 1929 900 2025; x_wconf 81' lang='lat' dir='ltr'>subfusc&#39;ae</span> <span class='ocrx_word' id='word_1_108' title='bbox 918 1971 1023 2052; x_wconf 84' lang='lat' dir='ltr'>quae,</span> <span class='ocrx_word' id='word_1_109' title='bbox 1043 1947 1069 2027; x_wconf 84' lang='lat' dir='ltr'>sr</span> <span class='ocrx_word' id='word_1_110' title='bbox 1088 1942 1272 2057; x_wconf 75' lang='lat' dir='ltr'>negleslae</span> <span class='ocrx_word' id='word_1_111' title='bbox 1293 1941 1462 2048; x_wconf 87' lang='lat' dir='ltr'>fuerint,</span> <span class='ocrx_word' id='word_1_112' title='bbox 1487 1944 1530 2024; x_wconf 92' lang='lat' dir='ltr'>in</span> <span class='ocrx_word' id='word_1_113' title='bbox 1551 1938 1796 2054; x_wconf 75' lang='lat' dir='ltr'>phlysloenas</span> <span class='ocrx_word' id='word_1_114' title='bbox 1817 1945 1933 2026; x_wconf 87' lang='lat' dir='ltr'>etiam</span> 
     </span>
     <span class='ocr_line' id='line_1_15' title="bbox 503 2048 1935 2166; baseline 0.006 -34"><span class='ocrx_word' id='word_1_115' title='bbox 503 2048 720 2134; x_wconf 74' lang='lat' dir='ltr'>elevantun</span> <span class='ocrx_word' id='word_1_116' title='bbox 740 2051 815 2134; x_wconf 83' lang='lat' dir='ltr'>Hae</span> <span class='ocrx_word' id='word_1_117' title='bbox 831 2055 1042 2166; x_wconf 72' lang='lat' dir='ltr'>pendenti</span> <span class='ocrx_word' id='word_1_118' title='bbox 1062 2057 1251 2138; x_wconf 87' lang='lat' dir='ltr'>reficcato</span> <span class='ocrx_word' id='word_1_119' title='bbox 1277 2062 1317 2138; x_wconf 78' lang='lat' dir='ltr'>bt</span> <span class='ocrx_word' id='word_1_120' title='bbox 1342 2054 1513 2138; x_wconf 72' lang='lat' dir='ltr'>arefasto</span> <span class='ocrx_word' id='word_1_121' title='bbox 1535 2079 1647 2136; x_wconf 84' lang='lat' dir='ltr'>textu</span> <span class='ocrx_word' id='word_1_122' title='bbox 1668 2051 1869 2138; x_wconf 84' lang='lat' dir='ltr'>retitulari</span> <span class='ocrx_word' id='word_1_123' title='bbox 1893 2063 1935 2140; x_wconf 72' lang='grc' dir='ltr'>δι</span> 
     </span>
     <span class='ocr_line' id='line_1_16' title="bbox 501 2161 1935 2280; baseline 0.006 -36"><span class='ocrx_word' id='word_1_124' title='bbox 501 2165 623 2274; x_wconf 89' lang='lat' dir='ltr'>ruptis</span> <span class='ocrx_word' id='word_1_125' title='bbox 645 2161 1084 2276; x_wconf 88' lang='lat' dir='ltr'>epidermidis.vinculis</span> <span class='ocrx_word' id='word_1_126' title='bbox 1109 2197 1121 2266; x_wconf 89' lang='lat'>;</span> <span class='ocrx_word' id='word_1_127' title='bbox 1146 2167 1287 2251; x_wconf 89' lang='lat' dir='ltr'>sedita</span> <span class='ocrx_word' id='word_1_128' title='bbox 1310 2165 1442 2271; x_wconf 71' lang='lat' dir='ltr'>lente,</span> <span class='ocrx_word' id='word_1_129' title='bbox 1471 2191 1516 2250; x_wconf 89' lang='lat' dir='ltr'>ut</span> <span class='ocrx_word' id='word_1_130' title='bbox 1537 2162 1608 2248; x_wconf 91' lang='lat' dir='ltr'>sub</span> <span class='ocrx_word' id='word_1_131' title='bbox 1631 2163 1760 2248; x_wconf 72' lang='lat' dir='ltr'>derasi</span> <span class='ocrx_word' id='word_1_132' title='bbox 1782 2167 1935 2280; x_wconf 85' lang='lat' dir='ltr'>epider-</span> 
     </span>
     <span class='ocr_line' id='line_1_17' title="bbox 501 2271 1929 2392; baseline 0.005 -38"><span class='ocrx_word' id='word_1_133' title='bbox 501 2271 609 2356; x_wconf 89' lang='lat' dir='ltr'>mide</span> <span class='ocrx_word' id='word_1_134' title='bbox 631 2274 839 2388; x_wconf 85' lang='lat' dir='ltr'>epidermis</span> <span class='ocrx_word' id='word_1_135' title='bbox 858 2273 932 2359; x_wconf 88' lang='lat' dir='ltr'>alia</span> <span class='ocrx_word' id='word_1_136' title='bbox 950 2279 1182 2362; x_wconf 87' lang='lat' dir='ltr'>renascatur.</span> <span class='ocrx_word' id='word_1_137' title='bbox 1205 2277 1322 2361; x_wconf 72' lang='lat' dir='ltr'>Unde</span> <span class='ocrx_word' id='word_1_138' title='bbox 1343 2277 1413 2360; x_wconf 91' lang='lat' dir='ltr'>ubi</span> <span class='ocrx_word' id='word_1_139' title='bbox 1430 2276 1558 2392; x_wconf 87' lang='lat' dir='ltr'>longo</span> <span class='ocrx_word' id='word_1_140' title='bbox 1578 2279 1757 2390; x_wconf 88' lang='lat' dir='ltr'>temporis</span> <span class='ocrx_word' id='word_1_141' title='bbox 1777 2283 1929 2386; x_wconf 68' lang='lat' dir='ltr'>trastu,</span> 
     </span>
    </p>

    <p class='ocr_par' dir='ltr' id='par_1_5' title="bbox 476 2383 1937 2504">
     <span class='ocr_line' id='line_1_18' title="bbox 476 2383 1937 2504; baseline 0.005 -36"><span class='ocrx_word' id='word_1_142' title='bbox 476 2481 478 2488; x_wconf 15' lang='lat' dir='ltr'>y</span> <span class='ocrx_word' id='word_1_143' title='bbox 497 2383 529 2468; x_wconf 82' lang='lat' dir='ltr'>st</span> <span class='ocrx_word' id='word_1_144' title='bbox 545 2386 704 2494; x_wconf 89' lang='lat' dir='ltr'>quidem</span> <span class='ocrx_word' id='word_1_145' title='bbox 719 2386 817 2470; x_wconf 92' lang='lat' dir='ltr'>nihil</span> <span class='ocrx_word' id='word_1_146' title='bbox 825 2451 839 2493; x_wconf 91' lang='lat'>‚</span> <span class='ocrx_word' id='word_1_147' title='bbox 856 2414 922 2472; x_wconf 89' lang='lat' dir='ltr'>aut</span> <span class='ocrx_word' id='word_1_148' title='bbox 935 2395 1071 2502; x_wconf 80' lang='lat' dir='ltr'>parbm</span> <span class='ocrx_word' id='word_1_149' title='bbox 1084 2393 1186 2475; x_wconf 65' lang='lat' dir='ltr'>attio</span> <span class='ocrx_word' id='word_1_150' title='bbox 1202 2393 1290 2474; x_wconf 79' lang='lat' dir='ltr'>vite</span> <span class='ocrx_word' id='word_1_151' title='bbox 1307 2415 1496 2504; x_wconf 85' lang='lat' dir='ltr'>augetur,</span> <span class='ocrx_word' id='word_1_152' title='bbox 1512 2393 1553 2472; x_wconf 91' lang='lat' dir='ltr'>in</span> <span class='ocrx_word' id='word_1_153' title='bbox 1565 2389 1814 2504; x_wconf 77' lang='lat' dir='ltr'>impressione</span> <span class='ocrx_word' id='word_1_154' title='bbox 1827 2393 1937 2500; x_wconf 83' lang='lat' dir='ltr'>quast</span> 
     </span>
    </p>

    <p class='ocr_par' dir='ltr' id='par_1_6' title="bbox 453 2492 1936 3183">
     <span class='ocr_line' id='line_1_19' title="bbox 453 2492 1936 2617; baseline 0.007 -40"><span class='ocrx_word' id='word_1_155' title='bbox 453 2492 456 2504; x_wconf 87' lang='lat'>&#39;</span> <span class='ocrx_word' id='word_1_156' title='bbox 501 2523 571 2608; x_wconf 92' lang='lat' dir='ltr'>per</span> <span class='ocrx_word' id='word_1_157' title='bbox 600 2495 776 2583; x_wconf 89' lang='lat' dir='ltr'>habitum</span> <span class='ocrx_word' id='word_1_158' title='bbox 802 2497 1001 2588; x_wconf 63' lang='lat' dir='ltr'>contradi</span> <span class='ocrx_word' id='word_1_159' title='bbox 1029 2502 1173 2587; x_wconf 88' lang='lat' dir='ltr'>abeunt</span> <span class='ocrx_word' id='word_1_160' title='bbox 1194 2502 1356 2587; x_wconf 80' lang='lat' dir='ltr'>macula</span> <span class='ocrx_word' id='word_1_161' title='bbox 1382 2500 1489 2610; x_wconf 77' lang='lat' dir='ltr'>illa,</span> <span class='ocrx_word' id='word_1_162' title='bbox 1513 2501 1722 2617; x_wconf 87' lang='lat' dir='ltr'>epidermis</span> <span class='ocrx_word' id='word_1_163' title='bbox 1744 2506 1786 2586; x_wconf 92' lang='lat' dir='ltr'>in</span> <span class='ocrx_word' id='word_1_164' title='bbox 1809 2502 1936 2588; x_wconf 74' lang='lat' dir='ltr'>lemae</span> 
     </span>
     <span class='ocr_line' id='line_1_20' title="bbox 498 2608 1933 2731; baseline 0.009 -43"><span class='ocrx_word' id='word_1_165' title='bbox 498 2633 568 2691; x_wconf 90' lang='lat' dir='ltr'>aut</span> <span class='ocrx_word' id='word_1_166' title='bbox 587 2608 805 2719; x_wconf 87' lang='lat' dir='ltr'>squammas</span> <span class='ocrx_word' id='word_1_167' title='bbox 825 2615 934 2722; x_wconf 80' lang='lat' dir='ltr'>quast</span> <span class='ocrx_word' id='word_1_168' title='bbox 950 2613 1059 2698; x_wconf 72' lang='lat' dir='ltr'>extri</span> <span class='ocrx_word' id='word_1_169' title='bbox 1112 2615 1267 2731; x_wconf 89' lang='lat' dir='ltr'>ropulsa</span> <span class='ocrx_word' id='word_1_170' title='bbox 1292 2611 1502 2722; x_wconf 79' lang='lat' dir='ltr'>subjeslam</span> <span class='ocrx_word' id='word_1_171' title='bbox 1523 2615 1807 2729; x_wconf 90' lang='lat' dir='ltr'>epidermidem</span> <span class='ocrx_word' id='word_1_172' title='bbox 1828 2614 1933 2701; x_wconf 63' lang='lat' dir='ltr'>nous</span> 
     </span>
     <span class='ocr_line' id='line_1_21' title="bbox 499 2720 1933 2844; baseline 0.009 -43"><span class='ocrx_word' id='word_1_173' title='bbox 499 2720 664 2806; x_wconf 90' lang='lat' dir='ltr'>nitidam</span> <span class='ocrx_word' id='word_1_174' title='bbox 677 2720 836 2829; x_wconf 68' lang='lat' dir='ltr'>juventi</span> <span class='ocrx_word' id='word_1_175' title='bbox 851 2727 1029 2814; x_wconf 87' lang='lat' dir='ltr'>ostendit.</span> <span class='ocrx_word' id='word_1_176' title='bbox 1100 2733 1131 2813; x_wconf 88' lang='lat' dir='ltr'>is</span> <span class='ocrx_word' id='word_1_177' title='bbox 1148 2755 1246 2842; x_wconf 86' lang='lat' dir='ltr'>ergo</span> <span class='ocrx_word' id='word_1_178' title='bbox 1264 2727 1430 2812; x_wconf 86' lang='lat' dir='ltr'>maculis</span> <span class='ocrx_word' id='word_1_179' title='bbox 1444 2759 1517 2844; x_wconf 92' lang='lat' dir='ltr'>pro</span> <span class='ocrx_word' id='word_1_180' title='bbox 1532 2729 1711 2814; x_wconf 87' lang='lat' dir='ltr'>remedio</span> <span class='ocrx_word' id='word_1_181' title='bbox 1728 2728 1817 2814; x_wconf 73' lang='lat' dir='ltr'>esta</span> <span class='ocrx_word' id='word_1_182' title='bbox 1833 2729 1933 2814; x_wconf 88' lang='lat' dir='ltr'>foco</span> 
     </span>
     <span class='ocr_line' id='line_1_22' title="bbox 499 2830 1930 2958; baseline 0.01 -44"><span class='ocrx_word' id='word_1_183' title='bbox 499 2830 708 2947; x_wconf 87' lang='lat' dir='ltr'>diligenter</span> <span class='ocrx_word' id='word_1_184' title='bbox 727 2837 769 2920; x_wconf 91' lang='lat' dir='ltr'>se</span> <span class='ocrx_word' id='word_1_185' title='bbox 788 2837 1021 2948; x_wconf 89' lang='lat' dir='ltr'>semovere,</span> <span class='ocrx_word' id='word_1_186' title='bbox 1043 2867 1110 2926; x_wconf 84' lang='lat' dir='ltr'>aut</span> <span class='ocrx_word' id='word_1_187' title='bbox 1132 2869 1244 2926; x_wconf 90' lang='lat' dir='ltr'>cruta</span> <span class='ocrx_word' id='word_1_188' title='bbox 1260 2839 1308 2924; x_wconf 86' lang='lat' dir='ltr'>ab</span> <span class='ocrx_word' id='word_1_189' title='bbox 1325 2838 1408 2948; x_wconf 81' lang='lat' dir='ltr'>ejus</span> <span class='ocrx_word' id='word_1_190' title='bbox 1427 2843 1679 2956; x_wconf 90' lang='lat' dir='ltr'>impressione</span> <span class='ocrx_word' id='word_1_191' title='bbox 1695 2869 1930 2958; x_wconf 86' lang='lat' dir='ltr'>protegere,</span> 
     </span>
     <span class='ocr_line' id='line_1_23' title="bbox 497 2951 1932 3068; baseline 0.01 -43"><span class='ocrx_word' id='word_1_192' title='bbox 497 2971 649 3058; x_wconf 87' lang='lat' dir='ltr'>partem</span> <span class='ocrx_word' id='word_1_193' title='bbox 670 2951 767 3033; x_wconf 86' lang='lat' dir='ltr'>verb</span> <span class='ocrx_word' id='word_1_194' title='bbox 789 2953 932 3060; x_wconf 84' lang='lat' dir='ltr'>ullam,</span> <span class='ocrx_word' id='word_1_195' title='bbox 956 2958 1097 3068; x_wconf 84' lang='lat' dir='ltr'>partim</span> <span class='ocrx_word' id='word_1_196' title='bbox 1114 2953 1335 3040; x_wconf 86' lang='lat' dir='ltr'>laxantibus</span> <span class='ocrx_word' id='word_1_197' title='bbox 1352 2951 1506 3040; x_wconf 84' lang='lat' dir='ltr'>lenibus</span> <span class='ocrx_word' id='word_1_198' title='bbox 1530 2954 1675 3040; x_wconf 85' lang='lat' dir='ltr'>oleofis</span> <span class='ocrx_word' id='word_1_199' title='bbox 1699 2957 1838 3040; x_wconf 81' lang='lat' dir='ltr'>fouere</span> <span class='ocrx_word' id='word_1_200' title='bbox 1850 3016 1865 3063; x_wconf 92' lang='lat'>,</span> <span class='ocrx_word' id='word_1_201' title='bbox 1885 2979 1932 3040; x_wconf 90' lang='lat' dir='ltr'>ut</span> 
     </span>
     <span class='ocr_line' id='line_1_24' title="bbox 495 3051 1931 3183; baseline 0.011 -45"><span class='ocrx_word' id='word_1_202' title='bbox 495 3051 586 3140; x_wconf 91' lang='lat' dir='ltr'>sunt</span> <span class='ocrx_word' id='word_1_203' title='bbox 607 3057 742 3144; x_wconf 88' lang='lat' dir='ltr'>oleum</span> <span class='ocrx_word' id='word_1_204' title='bbox 769 3091 896 3171; x_wconf 86' lang='lat' dir='ltr'>cerae,</span> <span class='ocrx_word' id='word_1_205' title='bbox 925 3093 1101 3152; x_wconf 91' lang='lat' dir='ltr'>ceratum</span> <span class='ocrx_word' id='word_1_206' title='bbox 1128 3065 1308 3174; x_wconf 85' lang='lat' dir='ltr'>Galeni,</span> <span class='ocrx_word' id='word_1_207' title='bbox 1336 3094 1495 3183; x_wconf 87' lang='lat' dir='ltr'>pomata</span> <span class='ocrx_word' id='word_1_208' title='bbox 1510 3067 1641 3175; x_wconf 86' lang='lat' dir='ltr'>lenia,</span> <span class='ocrx_word' id='word_1_209' title='bbox 1669 3067 1855 3182; x_wconf 84' lang='lat' dir='ltr'>butyrum</span> <span class='ocrx_word' id='word_1_210' title='bbox 1879 3069 1931 3154; x_wconf 86' lang='lat' dir='ltr'>de</span> 
     </span>
    </p>

    <p class='ocr_par' dir='ltr' id='par_1_7' title="bbox 447 3177 1932 3296">
     <span class='ocr_line' id='line_1_25' title="bbox 447 3177 1932 3296; baseline 0.011 -47"><span class='ocrx_word' id='word_1_211' title='bbox 447 3228 452 3236; x_wconf 82' lang='grc'><strong>-</strong></span> <span class='ocrx_word' id='word_1_212' title='bbox 477 3195 621 3283; x_wconf 90' lang='lat' dir='ltr'>cacao</span> <span class='ocrx_word' id='word_1_213' title='bbox 633 3234 648 3277; x_wconf 89' lang='lat'><em>‚</em></span> <span class='ocrx_word' id='word_1_214' title='bbox 670 3177 811 3287; x_wconf 91' lang='lat' dir='ltr'>partim</span> <span class='ocrx_word' id='word_1_215' title='bbox 834 3181 951 3261; x_wconf 89' lang='lat' dir='ltr'>etiam</span> <span class='ocrx_word' id='word_1_216' title='bbox 974 3177 1168 3291; x_wconf 88' lang='lat' dir='ltr'>aliquibus</span> <span class='ocrx_word' id='word_1_217' title='bbox 1189 3184 1334 3264; x_wconf 90' lang='lat' dir='ltr'>ronicis</span> <span class='ocrx_word' id='word_1_218' title='bbox 1345 3243 1360 3288; x_wconf 95' lang='lat'>,</span> <span class='ocrx_word' id='word_1_219' title='bbox 1385 3179 1513 3292; x_wconf 85' lang='lat' dir='ltr'>qualia</span> <span class='ocrx_word' id='word_1_220' title='bbox 1526 3185 1698 3296; x_wconf 84' lang='lat' dir='ltr'>prastant</span> <span class='ocrx_word' id='word_1_221' title='bbox 1711 3185 1932 3268; x_wconf 79' lang='lat' dir='ltr'>aromatica</span> 
     </span>
    </p>

    <p class='ocr_par' dir='ltr' id='par_1_8' title="bbox 457 3277 1928 3989">
     <span class='ocr_line' id='line_1_26' title="bbox 457 3277 1927 3411; baseline 0.014 -52"><span class='ocrx_word' id='word_1_222' title='bbox 457 3297 459 3306; x_wconf 80' lang='grc'><strong>“</strong></span> <span class='ocrx_word' id='word_1_223' title='bbox 493 3277 673 3392; x_wconf 72' lang='lat' dir='ltr'>plantae,</span> <span class='ocrx_word' id='word_1_224' title='bbox 703 3287 874 3367; x_wconf 87' lang='lat' dir='ltr'>exustam</span> <span class='ocrx_word' id='word_1_225' title='bbox 902 3293 1025 3372; x_wconf 89' lang='lat' dir='ltr'>cutim</span> <span class='ocrx_word' id='word_1_226' title='bbox 1053 3293 1204 3377; x_wconf 83' lang='lat' dir='ltr'>fovere.</span> <span class='ocrx_word' id='word_1_227' title='bbox 1245 3295 1353 3410; x_wconf 83' lang='lat' dir='ltr'>Narp</span> <span class='ocrx_word' id='word_1_228' title='bbox 1383 3294 1411 3376; x_wconf 84' lang='lat' dir='ltr'>st</span> <span class='ocrx_word' id='word_1_229' title='bbox 1437 3292 1556 3378; x_wconf 92' lang='lat' dir='ltr'>dolor</span> <span class='ocrx_word' id='word_1_230' title='bbox 1582 3294 1725 3406; x_wconf 87' lang='lat' dir='ltr'>aliquis</span> <span class='ocrx_word' id='word_1_231' title='bbox 1749 3296 1927 3411; x_wconf 85' lang='lat' dir='ltr'>superve·</span> 
     </span>
     <span class='ocr_line' id='line_1_27' title="bbox 493 3392 1927 3522; baseline 0.013 -48"><span class='ocrx_word' id='word_1_232' title='bbox 493 3393 603 3499; x_wconf 88' lang='lat' dir='ltr'>niat,</span> <span class='ocrx_word' id='word_1_233' title='bbox 621 3421 687 3478; x_wconf 89' lang='lat' dir='ltr'>aut</span> <span class='ocrx_word' id='word_1_234' title='bbox 707 3392 941 3510; x_wconf 66' lang='lat' dir='ltr'>phlysloenae</span> <span class='ocrx_word' id='word_1_235' title='bbox 962 3400 1192 3517; x_wconf 63' lang='lat' dir='ltr'>exsurgat,</span> <span class='ocrx_word' id='word_1_236' title='bbox 1220 3403 1297 3510; x_wconf 86' lang='lat' dir='ltr'>jam</span> <span class='ocrx_word' id='word_1_237' title='bbox 1325 3435 1420 3490; x_wconf 90' lang='lat' dir='ltr'>cum</span> <span class='ocrx_word' id='word_1_238' title='bbox 1442 3405 1669 3522; x_wconf 75' lang='lat' dir='ltr'>erysipelate</span> <span class='ocrx_word' id='word_1_239' title='bbox 1695 3437 1758 3494; x_wconf 89' lang='lat' dir='ltr'>res</span> <span class='ocrx_word' id='word_1_240' title='bbox 1781 3407 1927 3521; x_wconf 87' lang='lat' dir='ltr'>agenda</span> 
     </span>
     <span class='ocr_line' id='line_1_28' title="bbox 494 3506 1928 3630; baseline 0.012 -43"><span class='ocrx_word' id='word_1_241' title='bbox 494 3507 571 3610; x_wconf 84' lang='lat' dir='ltr'>est,</span> <span class='ocrx_word' id='word_1_242' title='bbox 600 3533 675 3590; x_wconf 93' lang='lat' dir='ltr'>nec</span> <span class='ocrx_word' id='word_1_243' title='bbox 694 3506 777 3593; x_wconf 88' lang='lat' dir='ltr'>ulla</span> <span class='ocrx_word' id='word_1_244' title='bbox 804 3513 858 3596; x_wconf 85' lang='lat' dir='ltr'>est</span> <span class='ocrx_word' id='word_1_245' title='bbox 881 3517 1094 3600; x_wconf 86' lang='lat' dir='ltr'>curationis</span> <span class='ocrx_word' id='word_1_246' title='bbox 1118 3515 1335 3602; x_wconf 85' lang='lat' dir='ltr'>differentia</span> <span class='ocrx_word' id='word_1_247' title='bbox 1362 3517 1410 3600; x_wconf 89' lang='lat' dir='ltr'>ab</span> <span class='ocrx_word' id='word_1_248' title='bbox 1441 3519 1488 3604; x_wconf 76' lang='lat' dir='ltr'>eal</span> <span class='ocrx_word' id='word_1_249' title='bbox 1517 3550 1634 3630; x_wconf 86' lang='lat' dir='ltr'>quam</span> <span class='ocrx_word' id='word_1_250' title='bbox 1661 3522 1703 3604; x_wconf 92' lang='lat' dir='ltr'>in</span> <span class='ocrx_word' id='word_1_251' title='bbox 1728 3523 1928 3608; x_wconf 85' lang='lat' dir='ltr'>exustione</span> 
     </span>
     <span class='ocr_line' id='line_1_29' title="bbox 491 3617 1926 3747; baseline 0.015 -50"><span class='ocrx_word' id='word_1_252' title='bbox 491 3617 703 3703; x_wconf 87' lang='lat' dir='ltr'>ineundam</span> <span class='ocrx_word' id='word_1_253' title='bbox 720 3619 804 3728; x_wconf 83' lang='lat' dir='ltr'>jure</span> <span class='ocrx_word' id='word_1_254' title='bbox 818 3628 961 3710; x_wconf 85' lang='lat' dir='ltr'>meritb</span> <span class='ocrx_word' id='word_1_255' title='bbox 979 3630 1189 3742; x_wconf 75' lang='lat' dir='ltr'>pradicant</span> <span class='ocrx_word' id='word_1_256' title='bbox 1204 3635 1394 3716; x_wconf 68' lang='lat' dir='ltr'>austures.</span> <span class='ocrx_word' id='word_1_257' title='bbox 1419 3629 1543 3716; x_wconf 88' lang='lat' dir='ltr'>Aliud</span> <span class='ocrx_word' id='word_1_258' title='bbox 1561 3661 1684 3747; x_wconf 86' lang='lat' dir='ltr'>genus</span> <span class='ocrx_word' id='word_1_259' title='bbox 1704 3635 1812 3720; x_wconf 85' lang='lat' dir='ltr'>inter</span> <span class='ocrx_word' id='word_1_260' title='bbox 1826 3633 1926 3718; x_wconf 86' lang='lat' dir='ltr'>levia</span> 
     </span>
     <span class='ocr_line' id='line_1_30' title="bbox 493 3728 1926 3860; baseline 0.013 -51"><span class='ocrx_word' id='word_1_261' title='bbox 493 3728 652 3838; x_wconf 89' lang='lat' dir='ltr'>quidem</span> <span class='ocrx_word' id='word_1_262' title='bbox 671 3732 799 3840; x_wconf 89' lang='lat' dir='ltr'>mala,</span> <span class='ocrx_word' id='word_1_263' title='bbox 820 3733 887 3818; x_wconf 91' lang='lat' dir='ltr'>sed</span> <span class='ocrx_word' id='word_1_264' title='bbox 905 3753 1036 3823; x_wconf 85' lang='lat' dir='ltr'>tamen</span> <span class='ocrx_word' id='word_1_265' title='bbox 1056 3740 1270 3852; x_wconf 75' lang='lat' dir='ltr'>aliquando</span> <span class='ocrx_word' id='word_1_266' title='bbox 1288 3744 1546 3828; x_wconf 86' lang='lat' dir='ltr'>Medicorum</span> <span class='ocrx_word' id='word_1_267' title='bbox 1568 3749 1789 3832; x_wconf 87' lang='lat' dir='ltr'>attentione</span> <span class='ocrx_word' id='word_1_268' title='bbox 1811 3748 1926 3860; x_wconf 84' lang='lat' dir='ltr'>digna</span> 
     </span>
     <span class='ocr_line' id='line_1_31' title="bbox 491 3843 1925 3989; baseline 0.011 -65"><span class='ocrx_word' id='word_1_269' title='bbox 491 3843 731 3927; x_wconf 87' lang='lat' dir='ltr'>constituunt</span> <span class='ocrx_word' id='word_1_270' title='bbox 757 3850 967 3958; x_wconf 85' lang='lat' dir='ltr'>perniones</span> <span class='ocrx_word' id='word_1_271' title='bbox 996 3856 1049 3936; x_wconf 87' lang='lat' dir='ltr'>ita</span> <span class='ocrx_word' id='word_1_272' title='bbox 1073 3858 1156 3939; x_wconf 91' lang='lat' dir='ltr'>cuti</span> <span class='ocrx_word' id='word_1_273' title='bbox 1185 3856 1337 3940; x_wconf 85' lang='lat' dir='ltr'>artbum</span> <span class='ocrx_word' id='word_1_274' title='bbox 1369 3859 1546 3989; x_wconf 88' lang='lat' dir='ltr'>proprii,</span> <span class='ocrx_word' id='word_1_275' title='bbox 1577 3880 1621 3941; x_wconf 93' lang='lat' dir='ltr'>ut</span> <span class='ocrx_word' id='word_1_276' title='bbox 1647 3859 1689 3940; x_wconf 90' lang='lat' dir='ltr'>in</span> <span class='ocrx_word' id='word_1_277' title='bbox 1717 3857 1830 3946; x_wconf 70' lang='lat' dir='ltr'>nulli</span> <span class='ocrx_word' id='word_1_278' title='bbox 1853 3857 1925 3942; x_wconf 78' lang='lat' dir='ltr'>alis</span> 
     </span>
    </p>
   </div>
   <div class='ocr_carea' id='block_1_3' title="bbox 490 3954 1927 4154">
    <p class='ocr_par' dir='ltr' id='par_1_9' title="bbox 490 3954 1927 4154">
     <span class='ocr_line' id='line_1_32' title="bbox 490 3954 1927 4147; baseline 0.016 -113"><span class='ocrx_word' id='word_1_279' title='bbox 490 3977 605 4147; x_wconf 68' lang='lat' dir='ltr'>paqte</span> <span class='ocrx_word' id='word_1_280' title='bbox 628 3954 883 4044; x_wconf 87' lang='lat' dir='ltr'>observentur</span> <span class='ocrx_word' id='word_1_281' title='bbox 910 3995 923 4064; x_wconf 74' lang='grc' dir='ltr'>ς</span> <span class='ocrx_word' id='word_1_282' title='bbox 957 3970 1161 4081; x_wconf 88' lang='lat' dir='ltr'>proprium</span> <span class='ocrx_word' id='word_1_283' title='bbox 1190 3995 1290 4082; x_wconf 86' lang='lat' dir='ltr'>ergo</span> <span class='ocrx_word' id='word_1_284' title='bbox 1323 3967 1394 4052; x_wconf 88' lang='lat' dir='ltr'>stbi</span> <span class='ocrx_word' id='word_1_285' title='bbox 1425 3970 1627 4055; x_wconf 82' lang='lat' dir='ltr'>vindicare</span> <span class='ocrx_word' id='word_1_286' title='bbox 1659 3970 1811 4061; x_wconf 89' lang='lat' dir='ltr'>debent</span> <span class='ocrx_word' id='word_1_287' title='bbox 1839 3975 1927 4056; x_wconf 78' lang='lat' dir='ltr'>arri·</span> 
     </span>
     <span class='ocr_line' id='line_1_33' title="bbox 490 4091 902 4154; baseline 0.029 -7"><span class='ocrx_word' id='word_1_288' title='bbox 490 4091 540 4148; x_wconf 91' lang='lat' dir='ltr'>cu</span> <span class='ocrx_word' id='word_1_289' title='bbox 559 4095 638 4154; x_wconf 85' lang='lat' dir='ltr'>um.</span> <span class='ocrx_word' id='word_1_290' title='bbox 900 4093 902 4097; x_wconf 80' lang='grc'>’</span> 
     </span>
    </p>
   </div>
   <div class='ocr_carea' id='block_1_4' title="bbox 729 4180 1677 4279">
    <p class='ocr_par' dir='ltr' id='par_1_10' title="bbox 729 4180 1677 4279">
     <span class='ocr_line' id='line_1_34' title="bbox 729 4180 1677 4279; baseline 0.013 -13"><span class='ocrx_word' id='word_1_291' title='bbox 729 4180 1244 4276; x_wconf 87' lang='lat' dir='ltr'>ARTICULUS</span> <span class='ocrx_word' id='word_1_292' title='bbox 1306 4191 1677 4279; x_wconf 84' lang='lat' dir='ltr'><strong>PRIMUS.</strong></span> 
     </span>
    </p>
   </div>
   <div class='ocr_carea' id='block_1_5' title="bbox 1021 4343 1384 4434">
    <p class='ocr_par' dir='ltr' id='par_1_11' title="bbox 1021 4343 1384 4434">
     <span class='ocr_line' id='line_1_35' title="bbox 1021 4343 1384 4434; baseline 0.011 -6"><span class='ocrx_word' id='word_1_293' title='bbox 1021 4343 1090 4428; x_wconf 86' lang='lat' dir='ltr'>De</span> <span class='ocrx_word' id='word_1_294' title='bbox 1118 4345 1384 4434; x_wconf 83' lang='lat' dir='ltr'>Pemionibus.</span> 
     </span>
    </p>
   </div>
   <div class='ocr_carea' id='block_1_6' title="bbox 441 4483 1922 4998">
    <p class='ocr_par' dir='ltr' id='par_1_12' title="bbox 441 4483 1922 4998">
     <span class='ocr_line' id='line_1_36' title="bbox 496 4483 1922 4622; baseline 0.019 -56"><span class='ocrx_word' id='word_1_295' title='bbox 496 4505 524 4615; x_wconf 41' lang='grc' dir='ltr'>ζ.</span> <span class='ocrx_word' id='word_1_296' title='bbox 541 4483 755 4578; x_wconf 87' lang='lat' dir='ltr'>Petniones</span> <span class='ocrx_word' id='word_1_297' title='bbox 775 4493 908 4582; x_wconf 92' lang='lat' dir='ltr'>Plinio</span> <span class='ocrx_word' id='word_1_298' title='bbox 933 4505 996 4606; x_wconf 84' lang='lat' dir='ltr'>(a)</span> <span class='ocrx_word' id='word_1_299' title='bbox 1022 4501 1115 4588; x_wconf 73' lang='lat' dir='ltr'>dieti</span> <span class='ocrx_word' id='word_1_300' title='bbox 1128 4565 1143 4610; x_wconf 90' lang='lat'>,</span> <span class='ocrx_word' id='word_1_301' title='bbox 1172 4512 1378 4594; x_wconf 88' lang='lat' dir='ltr'>autetiam</span> <span class='ocrx_word' id='word_1_302' title='bbox 1404 4501 1650 4622; x_wconf 90' lang='lat' dir='ltr'>perniunculi</span> <span class='ocrx_word' id='word_1_303' title='bbox 1683 4501 1743 4610; x_wconf 68' lang='lat' dir='ltr'>(b)</span> <span class='ocrx_word' id='word_1_304' title='bbox 1771 4505 1922 4592; x_wconf 79' lang='lat' dir='ltr'>Gratis</span> 
     </span>
     <span class='ocr_line' id='line_1_37' title="bbox 486 4595 1919 4746; baseline 0.013 -58"><span class='ocrx_word' id='word_1_305' title='bbox 486 4595 914 4746; x_wconf 64' lang='lat' dir='ltr'>dlcunturlclxlutlna,</span> <span class='ocrx_word' id='word_1_306' title='bbox 925 4639 991 4699; x_wconf 88' lang='lat' dir='ltr'>aut</span> <span class='ocrx_word' id='word_1_307' title='bbox 1000 4615 1181 4731; x_wconf 66' lang='grc' dir='ltr'>χὲμιθλα,</span> <span class='ocrx_word' id='word_1_308' title='bbox 1193 4621 1384 4738; x_wconf 72' lang='grc' dir='ltr'>χόμεθλα,</span> <span class='ocrx_word' id='word_1_309' title='bbox 1394 4622 1478 4706; x_wconf 83' lang='lat' dir='ltr'>imb</span> <span class='ocrx_word' id='word_1_310' title='bbox 1489 4621 1609 4706; x_wconf 88' lang='lat' dir='ltr'>etiam</span> <span class='ocrx_word' id='word_1_311' title='bbox 1623 4618 1728 4732; x_wconf 89' lang='lat' dir='ltr'>apud</span> <span class='ocrx_word' id='word_1_312' title='bbox 1739 4623 1919 4732; x_wconf 80' lang='lat' dir='ltr'>antiquas</span> 
     </span>
     <span class='ocr_line' id='line_1_38' title="bbox 441 4730 1590 4902; baseline 0.02 -29"><span class='ocrx_word' id='word_1_313' title='bbox 441 4733 584 4888; x_wconf 51' lang='lat' dir='ltr'>„iil</span> <span class='ocrx_word' id='word_1_314' title='bbox 602 4730 668 4876; x_wconf 78' lang='lat' dir='ltr'>ll:</span> <span class='ocrx_word' id='word_1_315' title='bbox 684 4757 742 4890; x_wconf 74' lang='grc' dir='ltr'>ἷῖἰ</span> <span class='ocrx_word' id='word_1_316' title='bbox 757 4761 821 4902; x_wconf 64' lang='lat' dir='ltr'>{iij</span> <span class='ocrx_word' id='word_1_317' title='bbox 838 4765 883 4886; x_wconf 66' lang='lat'>1³1.</span> <span class='ocrx_word' id='word_1_318' title='bbox 1586 4753 1590 4762; x_wconf 28' lang='lat'>³</span> 
     </span>
     <span class='ocr_line' id='line_1_39' title="bbox 520 4895 1265 4998; baseline 0.02 -36"><span class='ocrx_word' id='word_1_319' title='bbox 520 4901 573 4972; x_wconf 74' lang='lat' dir='ltr'>sc)</span> <span class='ocrx_word' id='word_1_320' title='bbox 594 4895 731 4981; x_wconf 79' lang='lat' dir='ltr'>Hippocr.</span> <span class='ocrx_word' id='word_1_321' title='bbox 748 4899 796 4964; x_wconf 91' lang='lat' dir='ltr'>lib.</span> <span class='ocrx_word' id='word_1_322' title='bbox 814 4919 847 4978; x_wconf 78' lang='grc' dir='ltr'>ς,</span> <span class='ocrx_word' id='word_1_323' title='bbox 862 4905 979 4990; x_wconf 82' lang='lat' dir='ltr'>epidtm.</span> <span class='ocrx_word' id='word_1_324' title='bbox 996 4908 1045 4978; x_wconf 86' lang='lat' dir='ltr'>lib.</span> <span class='ocrx_word' id='word_1_325' title='bbox 1064 4933 1101 4992; x_wconf 78' lang='lat' dir='ltr'>a,</span> <span class='ocrx_word' id='word_1_326' title='bbox 1115 4931 1176 4998; x_wconf 81' lang='lat' dir='ltr'>cap.</span> <span class='ocrx_word' id='word_1_327' title='bbox 1196 4933 1265 4998; x_wconf 59' lang='lat'>¹953</span> 
     </span>
    </p>
   </div>
   <div class='ocr_carea' id='block_1_7' title="bbox 0 0 2150 5904">
    <p class='ocr_par' dir='ltr' id='par_1_13' title="bbox 0 0 2150 5904">
     <span class='ocr_line' id='line_1_40' title="bbox 0 0 2150 5904; baseline 0 9"><span class='ocrx_word' id='word_1_328' title='bbox 0 0 2150 5904; x_wconf 95' lang='lat' dir='ltr'> </span> 
     </span>
    </p>
   </div>
  </div>
 </body>
</html>
