4250 5898
650 409 1194 508 curtusrs
1554 444 1649 539 ιη

212 573 324 690 lore,
353 577 487 670 nonne
515 585 641 700 potest
666 588 721 669 ita
744 585 874 670 arrodi
900 591 1022 692 cutis,
1046 591 1099 669 ita
1123 587 1310 670 humores
1335 585 1560 703 depravari,
1590 595 1644 677 ita

208 697 400 784 ‚acescens
425 729 565 783 mucus
589 696 835 804 redundare,
859 723 903 782 ut
925 699 1065 782 musea
1090 695 1165 780 illae
1189 727 1272 808 quae
1294 700 1520 784 animalium
1542 731 1644 788 mor·

213 836 376 896 tuorum
395 839 529 895 carnes
552 808 893 915 circumvolitant,
918 810 1165 893 &facessunt
1184 814 1227 893 in
1241 839 1395 900 vermes
1409 812 1645 925 squallentes

213 950 334 1034 atque
352 913 545 1008 rotundos
561 922 773 1029 exedentes
793 921 1002 1028 cadavera,
1018 924 1163 1036 possint
1176 927 1295 1006 etiam
1312 929 1443 1010 vivam
1464 956 1646 1037 carnem,

212 1036 281 1121 fed
299 1034 489 1150 languore
506 1063 746 1140 emortuam,
763 1034 831 1119 sed
842 1033 1038 1145 squallore
1052 1036 1272 1141 rancidam,
1294 1036 1360 1119 sed
1372 1039 1647 1151 putresaflioni

214 1152 437 1264 proximam
461 1148 631 1252 adoriri,
655 1151 708 1231 ita
732 1174 777 1231 ut
801 1148 941 1231 dentur
965 1149 1147 1231 homines
1177 1145 1455 1258 carihvuosspoloi
1480 1154 1546 1260 qui
1564 1157 1648 1238 vivi

211 1261 407 1347 roduntur
430 1261 451 1348 a
471 1259 696 1367 vermibus,
722 1286 766 1343 ut
786 1257 836 1344 de
851 1263 1056 1343 Antiocho
1076 1249 1178 1375 ap'ud
1197 1262 1475 1368 Machabaeos,
1498 1262 1548 1346 de
1563 1263 1649 1348 He-

212 1375 313 1460 rode
336 1381 376 1459 in
400 1377 508 1458 Astis
534 1371 817 1489 Apostolorum
845 1369 1018 1485 legitur?
1238 1471 1246 1488 x

272 1488 393 1572 Certa
417 1493 458 1571 in
484 1485 683 1571 ulceribus
710 1488 936 1570 cacoetheis
960 1494 1001 1569 &
1023 1487 1309 1600 phagaedenicis
1332 1518 1487 1574 vermes
1513 1491 1649 1577 videre

212 1599 256 1686 in
284 1601 476 1685 mendicis
499 1630 581 1684 non
607 1604 660 1682 ita
680 1627 832 1705 rarum,
860 1624 905 1681 ut
924 1606 965 1681 bt
984 1603 1026 1681 in
1050 1598 1137 1682 diro
1164 1599 1237 1682 illo
1256 1603 1366 1714 pedis
1389 1602 1649 1715 sphacelifmo

212 1707 513 1799 melancholico
532 1741 649 1822 atque
667 1710 788 1794 senili.
812 1714 869 1794 At
891 1714 1020 1794 minus
1040 1711 1223 1821 frequens
1249 1717 1321 1820 est,
1338 1713 1483 1798 'saltem
1512 1721 1648 1802 nostris

212 1833 255 1912 in
277 1831 378 1934 oris,
399 1827 533 1911 videre
549 1825 683 1936 ulcera
703 1821 935 1907 livermibus
952 1849 1064 1929 orta,
1084 1825 1190 1908 unde
1208 1823 1276 1909 illa
1295 1827 1371 1909 fuit
1388 1826 1650 1940 plurimorum

213 1944 376 2056 opinio,
400 1939 509 2050 quod
530 1939 580 2022 de
596 1934 794 2022 vermibus
818 1941 859 2018 in
878 1935 989 2019 sacro
1010 1961 1121 2052 textu
1143 1937 1289 2020 dislum
1307 1943 1359 2022 est
1380 1940 1429 2022 de
1451 1945 1649 2054 phthiriasi

210 2053 385 2166 intelligi
408 2051 564 2135 debere.
590 2054 646 2133 At
665 2047 929 2131 illustrissimus
949 2047 1235 2132 Boerrhaavius
1256 2050 1349 2132 ditm
1371 2056 1452 2165 agit
1477 2053 1527 2136 de
1549 2053 1650 2165 aqui

212 2176 258 2251 br
284 2164 497 2268 imbribus,
524 2188 651 2245 narrat
672 2161 753 2274 dari
774 2159 924 2244 exalto
948 2159 1139 2244 deciduos
1161 2157 1305 2245 imbres
1330 2168 1539 2274 quiquam
1560 2168 1648 2250 ves-

208 2281 313 2364 tium
337 2280 537 2390 tetigerint
566 2301 716 2388 partem
738 2273 1031 2384 putrefaciunt,
1062 2272 1145 2352 inib
1170 2274 1396 2358 vermiculis
1426 2276 1648 2363 excluden-

213 2393 275 2475 dis
302 2390 430 2472 ansam
456 2385 648 2500 praebent,
673 2411 717 2466 ut
735 2410 829 2464 natae
848 2382 940 2465 inde
957 2379 1191 2496 phlyfloenae
1215 2386 1386 2469 scateant
1406 2390 1647 2479 vermiculis.

209 2503 262 2588 Id
283 2527 393 2615 putat
414 2497 517 2614 apud
539 2498 753 2607 AEthiopas
772 2495 965 2578 sevidisse
989 2493 1201 2579 Ludolfus.
1231 2497 1353 2581 Certe
1379 2500 1578 2584 &Africa
1605 2511 1648 2588 81

205 2616 311 2702 Asiae
334 2612 400 2695 illa
426 2641 512 2723 pars
536 2641 619 2720 quae
643 2612 840 2722 tropicum
866 2609 967 2690 inter
993 2614 1034 2688 dr
1058 2605 1201 2688 lineam
1227 2610 1535 2720 equinodialem
1557 2614 1649 2698 sub-

203 2727 341 2838 jacet,
367 2727 477 2808 omni
498 2749 643 2836 genere
666 2720 902 2803 infetlorum
925 2720 1095 2802 terrifica
1119 2723 1196 2802 eii:
1221 2749 1296 2805 nec
1317 2725 1648 2834 hucusquecircl

205 2845 317 2926 hanc
337 2837 485 2954 partein
507 2836 677 2918 Historia
696 2831 894 2916 Naturalis
922 2829 1110 2914 absoluta.
1135 2834 1283 2916 Verlim
1301 2837 1361 2918 his
1382 2838 1540 2922 corrosa
1558 2859 1647 2924 ver*

207 2951 371 3038 miculis
392 2978 562 3062 corpora
582 2949 794 3030 siccitatem
813 2943 1061 3058 summopere
1078 2972 1247 3053 quarere
1266 2947 1435 3056 debent,
1455 2950 1649 3039 discutere

204 3065 391 3149 decotlis
413 3061 631 3176 plantarum
658 3063 807 3142 acrium
833 3064 875 3139 bt
898 3057 1199 3141 aromaticasum
1220 3059 1381 3144 admissa
1401 3069 1441 3145 dr
1469 3065 1649 3149 nondiint

207 3175 329 3261 ulcus
358 3175 630 3260 constituentia
663 3173 818 3256 infesta.
852 3172 951 3280 Quo
978 3173 1019 3252 in
1050 3197 1194 3283 genere
1226 3173 1388 3286 prosunt
1417 3171 1644 3285 nicotiana,
1766 3257 1769 3266 Α

207 3289 459 3402 staphisagria
472 3313 495 3393 ,·
512 3284 741 3398 absynthia,
763 3311 918 3388 amara,
942 3283 1106 3366 odorata
1135 3313 1421 3396 quacumque,
1453 3293 1538 3372 timi
1561 3288 1647 3373 bal·
1671 3289 1674 3296 ‘

203 3397 358 3489 samica
368 3461 382 3507 ,
411 3402 537 3483 resina
558 3398 729 3481 odorata
750 3425 833 3508 quae
851 3396 992 3479 infessa
1011 3396 1149 3506 fugant
1169 3404 1210 3478 ὃ(
1230 3425 1407 3482 enecarit.
1435 3400 1524 3512 Ipse
1542 3431 1647 3510 quo·

205 3543 294 3628 que
311 3509 531 3598 mercurius
549 3513 596 3594 iis
618 3509 829 3594 enecandis
850 3508 1060 3620 aptissimus
1084 3510 1137 3588 est
1148 3570 1161 3614 ,
1191 3507 1258 3590 sed
1287 3539 1369 3592 non
1398 3513 1478 3594 sine
1509 3512 1645 3624 aliquo

206 3625 415 3745 periculo,
445 3627 502 3706 uti
521 3621 598 3729 jam
622 3623 782 3704 diflum.
813 3621 962 3703 Verlim
985 3618 1094 3700 hisce
1123 3618 1309 3702 omnibus
1339 3626 1483 3734 praestat
1513 3625 1646 3711 sedula

204 3739 452 3843 mundities,
485 3733 652 3839 balnea,
677 3753 760 3842 quae
785 3730 850 3815 vel
877 3730 958 3844 ipsa
983 3733 1150 3844 imperat
1174 3732 1353 3817 Asiaticis
1384 3741 1425 3816 ἃ
1451 3737 1649 3823 Africanis

205 3851 386 3966 religio,
409 3846 623 3931 linteorum
655 3849 822 3928 mutatio
845 3842 1100 3956 quotidiana,
1126 3843 1441 3958 capillorumque
1467 3878 1512 3931 ac
1541 3849 1647 3962 pilo·-

206 3995 330 4068 rum,
355 3965 439 4046 ino
468 3968 509 4044 dt
535 3961 725 4071 unguium
750 3987 868 4064 cura,
897 3985 948 4041 iie
973 3956 1144 4040 mucosa
1173 3958 1306 4042 sordes
1336 3959 1420 4070 ipso
1457 3959 1526 4042 usu
1560 3967 1648 4046 vite

204 4079 362 4164 detritae
388 4083 430 4157 dr
455 4069 708 4157 accumulata
734 4070 987 4175 rancescant,
1015 4076 1056 4152 ὃ(
1084 4071 1197 4154 nidos
1227 4073 1425 4184 excipiant
1452 4073 1646 4160 horumce

203 4191 464 4276 infeflorum.
501 4185 660 4268 Etenim
684 4183 883 4296 dispositio
910 4187 1010 4266 cutis
1038 4179 1086 4264 ab
1113 4181 1250 4264 intimi
1278 4185 1489 4266 humorum
1514 4185 1646 4296 dispo-

159 4347 163 4354 ·
204 4305 356 4388 sitione
377 4298 548 4413 pendet,
571 4327 654 4406 qua
678 4298 802 4410 potest
823 4299 864 4377 in
884 4292 1105 4400 hujusmodi
1121 4296 1350 4376 cachexiam
1369 4301 1546 4381 converti
1563 4329 1648 4409 quae

205 4411 421 4527 ingeneret
443 4411 604 4515 infessa,
623 4431 669 4492 ut
686 4407 809 4490 modb
826 4406 960 4490 videre
980 4406 1036 4488 fas
1057 4408 1152 4511 erit,
1170 4406 1262 4488 ditm
1285 4407 1502 4520 singulatim
1522 4411 1648 4495 famo·

205 4529 282 4614 sos
297 4549 486 4608 outaneos
498 4521 763 4635 expendemus
778 4517 941 4601 morbos
958 4521 1038 4626 qui,
1053 4543 1096 4600 ut
1111 4518 1349 4628 frequentiis
1361 4523 1454 4626 visi,
1468 4524 1520 4604 ita
1530 4521 1645 4612 fusilis

205 4638 267 4724 ab
290 4633 510 4720 auetoribus
529 4635 708 4748 descripti
726 4633 833 4737 fuiit,
849 4631 1088 4744 phthiriasim
1104 4630 1256 4715 scilicet
1266 4695 1279 4736 ,
1298 4632 1364 4716 seu
1380 4634 1647 4747 pediculareni

116 4802 120 4808 ·
205 4747 403 4838 morbum
419 4811 432 4854 ,
449 4749 652 4852 crinones,
669 4746 733 4830 seu
747 4744 990 4829 comedones
1007 4746 1074 4853 qui
1088 4743 1280 4828 infantilia
1294 4775 1463 4860 corpora
1478 4775 1647 4860 vexant,

130 4963 134 4974 Ι
208 4873 263 4952 81
279 4861 439 4948 demlrm
453 4887 593 4954 veriam
617 4858 884 4946 medinensem
894 4919 910 4972 ,
930 4856 998 4943 feu
1020 4883 1198 4950 vermem
1217 4855 1332 4952 illum
1355 4857 1403 4947 ab
1427 4857 1652 4968 custoribus
