4250 5898
500 401 589 525 '312'
939 393 1049 487 DE
1115 384 1480 485 MORBIS

502 567 740 664 abstinentia.
764 563 846 653 Sed
862 561 1069 677 prasertim
1088 561 1138 646 ad
1152 589 1291 646 eorum
1307 552 1603 674 temperandam
1622 549 1943 666 idiosyncraliam·

433 733 440 748 ·
504 689 592 806 plbs
640 684 775 768 rosunt
794 677 913 792 quim
937 679 1085 761 carretis
1107 671 1264 869 pogulis
1287 677 1329 756 in
1354 674 1538 785 regiones
1562 665 1799 756 calentiores
1824 671 1940 756 susci·

504 717 648 919 piendi
665 801 820 933 itinera.
847 788 963 876 Nihil
986 792 1092 875 enirn
1114 789 1165 872 ha
1193 789 1266 871 itui
1286 787 1411 898 magis
1436 780 1614 880 medetur
1636 780 1755 894 quim
1782 781 1940 872 habitus

505 939 735 1002 contrartus.

734 1032 1453 1125 ··ARTICUL·US
1518 1033 1607 1132 VI.

606 1277 621 1288 ·
783 1251 850 1335 De
871 1251 970 1334 cutis
996 1249 1237 1336 tenuitate&
1250 1247 1459 1364 sufisitote
1482 1247 1665 1336 morbosa.

567 1480 705 1564 Cutim
720 1473 879 1559 alteram
894 1471 1015 1558 alteri
1032 1479 1252 1559 tenuiorem
1266 1473 1343 1558 effe
1357 1473 1621 1557 demonstrant
1638 1469 1844 1555 evidenter
1888 1499 1943 1554 uae

510 1597 606 1679 hinc
625 1591 857 1674 foemineum
878 1615 1023 1699 corpus
1045 1591 1215 1672 exteribs
1236 1585 1491 1670 commendat
1511 1583 1645 1669 mollis
1667 1586 1811 1698 gratia,
1833 1586 1843 1602 '
1880 1585 1890 1602 '
1919 1610 1943 1666 c

508 1710 689 1792 virorum
707 1699 900 1784 masculus
916 1703 1054 1812 vigor,
1072 1697 1093 1782 i
1110 1700 1150 1784 fe
1169 1703 1342 1784 invicem
1362 1699 1462 1782 adeo
1482 1698 1726 1783 abludentes.
1750 1695 1943 1808 Magnam

512 1823 619 1904 enim
638 1815 862 1901 differentia
881 1837 1031 1927 partem
1055 1815 1155 1896 cutis
1174 1814 1371 1898 diversitas
1389 1812 1525 1897 efficit.
1552 1809 1697 1916 Illam,
1724 1811 1751 1891 sr
1775 1807 1941 1891 micros·

513 1933 636 2044 copio
649 1927 884 2030 lustraveris,
900 1926 1076 2008 invenies
1096 1929 1267 2009 minimis
1286 1923 1479 2040 pertusam
1494 1927 1626 2041 poris,
1643 1947 1836 2033 textuque
1853 1921 1940 2002 infr-

513 2069 632 2156 gnem
653 2037 901 2150 tenuissimo,
921 2034 1026 2117 unde
1045 2037 1218 2122 foeminis
1241 2037 1361 2121 sudor
1380 2040 1514 2122 ratior.
1543 2035 1722 2119 Grandes
1746 2035 1837 2149 pori
1856 2029 1942 2147 pilis

513 2154 655 2238 muniti
671 2173 804 2265 patent
825 2151 867 2231 in
883 2150 999 2248 viris;
1017 2174 1056 2232 at
1075 2153 1142 2259 qui
1188 2149 1232 2233 ili
1252 2153 1417 2235 rariores
1438 2153 1480 2233 in
1498 2149 1672 2232 foeminis
1695 2145 1941 2230 succrescunt

513 2269 556 2351 in
581 2267 628 2348 iis
649 2265 767 2347 etiam
786 2262 985 2346 tenuiores
1006 2259 1105 2346 sunt.
1135 2180 1327 2368 senuitas
1352 2265 1448 2347 verb
1470 2260 1539 2346 illa
1563 2267 1624 2346 ex'
1639 2259 1778 2344 ordine
1802 2283 1939 2342 natura

515 2379 580 2464 est.
605 2381 661 2460 At
683 2375 822 2460 dantur
840 2376 961 2459 etiam
981 2377 1022 2457 in
1047 2378 1162 2460 variis
1188 2375 1398 2460 individuis
1421 2375 1658 2460 diversitates
1681 2403 1764 2483 quae
1785 2371 1939 2456 summi-

514 2518 595 2576 tate
618 2491 842 2596 tenuitatis,
869 2487 1087 2572 intensitate
1107 2487 1322 2574 sensrliratis
1349 2489 1397 2572 ad
1418 2485 1646 2572 morbosam
1663 2485 1788 2596 usque
1810 2481 1942 2580 condi·

514 2605 669 2690 tionem
683 2603 921 2687 evehunturs
936 2599 1117 2710 Quarum
1133 2631 1252 2685 unam
1262 2665 1275 2708 ,
1298 2606 1391 2691 cbm
1406 2603 1504 2686 mihi
1518 2597 1608 2684 anti
1626 2595 1769 2682 oculos
1786 2595 1944 2708 ilongo

515 2743 698 2834 tempore
718 2713 969 2818 observetur,
991 2711 1130 2798 licebit
1149 2714 1267 2799 fufius
1288 2743 1382 2798 cum
1407 2711 1488 2819 ejus
1511 2709 1782 2797 incommodis
1804 2708 1945 2794 descri-v

427 2875 434 2883 ·
515 2827 636 2934 bere,
656 2853 702 2910 ut
720 2825 819 2912 alios
840 2827 867 2910 st
884 2853 1000 2953 pares
1021 2854 1232 2912 occurrant
1252 2823 1506 2942 praemonitos
1526 2824 1742 2910 habuerim.

573 2941 662 3031 Jam
686 2935 708 3022 ir
733 2937 857 3050 primi
881 2964 1084 3046 juventute
1111 2939 1276 3024 foemina
1303 2943 1402 3026 meis
1425 2939 1629 3024 commissa
1651 2939 1704 3022 est
1732 2936 1839 3020 curis
1894 2959 1947 3016 uc

517 3052 674 3140 illibatae
687 3049 863 3162 alioquin
878 3049 928 3134 ad
942 3076 1081 3136 omnes
1095 3049 1259 3138 morbos
1275 3051 1470 3159 sanitatis,
1485 3056 1586 3137 inter
1600 3079 1784 3161 aequaevas
1799 2963 1945 3164 pucilas

518 3165 675 3272 nitide,
699 3162 868 3278 pulchro
898 3172 942 3248 br
967 3163 1058 3248 liliis
1086 3164 1317 3251 candidiore
1342 3168 1442 3250 cutis
1462 3165 1603 3264 colore
1624 3179 1764 3247 omnes
1788 3161 1945 3244 admira-

385 3359 387 3363 .
519 3282 632 3362 tione
649 3274 833 3390 rapiebat.
854 3275 992 3360 Hodie
1007 3276 1179 3361 adultior
1192 3281 1294 3364 inter
1306 3275 1478 3384 juniores
1491 3276 1540 3362 ab
1555 3275 1685 3360 insciis
1702 3299 1947 3377 numeratur,

521 3418 596 3476 nec
619 3388 780 3504 disparia
796 3385 922 3473 vultui
945 3385 1125 3494 brachia,
1152 3386 1332 3496 collum,
1355 3416 1578 3501 ceteraque
1599 3391 1780 3504 corporis
1794 3411 1946 3502 partes,

522 3503 593 3589 nist
615 3502 723 3612 quod
738 3503 779 3583 in
797 3503 907 3612 genis
928 3503 1074 3586 mixtus
1092 3504 1187 3587 huic
1206 3503 1371 3588 candori
1393 3502 1515 3587 rubor
1537 3507 1590 3586 ita
1612 3501 1814 3616 adaptatos
1839 3500 1890 3582 est
1907 3519 1949 3583 ut

522 3643 593 3734 per
610 3638 733 3702 artem
748 3613 919 3696 fucatam
939 3610 1096 3720 jurares.
1120 3617 1357 3732 Attot,ipf1
1373 3615 1480 3700 certi
1496 3615 1708 3730 plurimum
1724 3611 1948 3711 arridentia,

523 3732 661 3813 formae
691 3752 946 3833 ornamenta,
980 3727 1092 3810 mille
1119 3728 1363 3814 redimuntur
1396 3726 1676 3813 incommodis.
1705 3726 1843 3840 Adeps
1871 3721 1950 3806 cuti

523 3838 737 3946 fubjebius,
756 3843 847 3922 cbm
857 3865 942 3922 non
960 3838 1076 3924 facile
1087 3840 1267 3950 exhalet,
1281 3840 1398 3929 facile
1413 3845 1455 3925 in
1467 3868 1642 3926 tumores
1658 3839 1841 3952 assurgit,
1855 3833 1902 3918 sae
1926 3831 1949 3915 ὲ

505 3957 762 4059 renitentes,
780 3960 822 4037 ὃ(
840 3978 909 4072 per
930 3952 1042 4035 unitis
1056 3980 1123 4037 aut
1142 3954 1298 4039 alteribs
1321 3955 1399 4038 diei
1411 3955 1574 4068 spatium
1597 3976 1863 4054 remanentes,
1883 3863 1951 4028 seb.

527 4070 657 4184 poribs
678 4068 779 4152 cutis
801 4064 882 4178 ipsa
902 4065 1103 4147 minimam
1124 4064 1177 4147 ob
1196 4067 1351 4150 causam
1370 4067 1526 4182 assurgit
1537 4129 1551 4174 ,
1575 4076 1618 4152 br
1638 4065 1795 4152 oedema
1818 4053 1950 4144 calens

530 4187 573 4263 br
589 4177 729 4262 dolens
745 4175 886 4262 colore
902 4177 1002 4260 cutis
1020 4207 1103 4260 non
1121 4205 1273 4262 murato
1284 4180 1420 4268 efficit.
1435 4181 1550 4265 Niret
1567 4179 1654 4287 illa,
1677 4180 1761 4263 imb
1778 4171 1953 4294 pessucet

529 4295 740 4378 marmorei
761 4293 874 4374 instar
888 4287 1071 4376 alabastri.
1091 4291 1135 4380 Si
1157 4289 1307 4380 collare
1313 4353 1327 4398 ,
1352 4319 1396 4374 ut
1409 4291 1591 4378 mulieres
1606 4318 1773 4406 gerunt,
1788 4285 1952 4372 nimiirm

530 4403 792 4511 adstrinxerit,
809 4401 997 4512 susdeque
1015 4431 1112 4488 nota
1125 4403 1221 4490 duta
1244 4406 1501 4520 imprimitur,
1526 4413 1568 4490 dt
1586 4405 1778 4520 depressio
1801 4425 1954 4510 marga-

426 4587 437 4602 .
531 4519 690 4602 ritarum
721 4543 877 4602 tumore
906 4515 1019 4599 finrili
1048 4515 1160 4631 sopri
1201 4524 1242 4601 ὃ(
1279 4514 1379 4600 insti
1407 4515 1545 4602 locato
1579 4517 1869 4632 compensatur.
1898 4513 1956 4596 At

532 4633 659 4718 anuo
690 4634 853 4715 nimiirm
886 4629 1021 4714 loricis
1050 4630 1249 4716 foemineis
1282 4657 1452 4746 corpore
1464 4692 1479 4736 ,
1505 4634 1649 4714 mimm
1680 4631 1735 4714 est
1769 4629 1958 4742 quantitm

428 4783 431 4791 ¹
532 4773 790 4836 mammarum
807 4770 970 4856 utraque
988 4772 1080 4830 curn
1096 4746 1269 4828 thoracis
1288 4772 1380 4841 cute
1394 4743 1582 4858 assurgat,
1605 4749 1646 4830 bt
1663 4739 1765 4826 ultrb
1784 4738 1958 4855 pulchri-

532 4859 660 4948 tudini
689 4855 895 4946 conceffos
927 4859 1130 4946 terminos.
1163 4857 1240 4970 Ipsr
1270 4853 1505 4948 invenienda
1533 4856 1609 4946 fuit
1639 4853 1713 4938 alia
1744 4851 1958 4938 cruraliun

976 5019 977 5024 κ
1623 4963 1963 5082 subligaculomm
