4250 5898
500 427 606 536 J'rs
949 407 1479 500 onnonars

501 583 597 685 sint,
619 575 642 660 l
659 573 741 662 bile
755 572 962 694 presertim
978 577 1186 692 depravati
1192 641 1206 685 ‚
1223 578 1461 690 quisquiliis,
1483 571 1584 660 nihil
1599 570 1742 676 melibs
1789 574 1943 664 roderit

504 691 625 806 quim
639 690 833 805 usurpasse
848 689 960 772 usum
975 691 1249 799 quotidianum
1269 718 1387 802 atque
1409 691 1636 774 diuturnum
1658 697 1765 806 capri
1800 691 1940 778 'lauis

505 803 715 935 quodpro
743 801 951 886 universali
973 806 1216 891 nutrimento
1244 803 1422 892 adhiberi
1447 805 1598 917 potest,
1632 805 1806 919 quandiu
1835 807 1939 892 serre

501 942 653 1034 potent
675 941 823 1002 natura.

772 1139 1484 1229 PARAGRAPHUS
1547 1135 1675 1230 111.

518 1453 542 1492 ·
618 1351 688 1438 De
712 1349 972 1437 Dracnnculis
991 1349 1235 1451 Groecorum,
1264 1353 1379 1442 Venti
1399 1351 1600 1461 medinensi
1620 1352 1814 1440 Araban

563 1572 765 1660 nffettum
780 1581 1031 1664 constituunt
1054 1581 1097 1664 in
1113 1578 1250 1666 Africa
1270 1585 1312 1665 dt
1333 1579 1418 1666 aliis
1437 1579 1692 1666 calidioribus
1709 1579 1940 1696 regionibus

507 1688 741 1788 familiarem
756 1690 999 1777 dracunculi.
1025 1690 1090 1775 Ab
1104 1692 1242 1780 Africi
1258 1693 1407 1778 malum
1425 1693 1523 1780 illud
1542 1693 1564 1778 ὲ
1581 1698 1623 1778 ni
1651 1699 1733 1782 ritis
1752 1699 1795 1778 in
1813 1697 1933 1780 Ame-

508 1821 633 1904 ricam
651 1813 908 1923 importatum
926 1805 1038 1890 fuisse
1054 1806 1394 1892 verosimillimum
1409 1809 1480 1916 est,
1502 1810 1530 1890 fi
1549 1727 1709 1916 quidem
1729 1807 1819 1892 ante¹
1839 1807 1936 1893 alios

508 1932 771 2020 Americanos
797 1921 971 2008 colonos
995 1919 1242 2005 dracunculia
1267 1918 1507 2028 objiciuntur
1532 1923 1691 2034 nigritae.
1718 1921 1867 2006 Verbm
1888 1925 1935 2007 iis

510 2046 566 2128 ita
594 2066 728 2155 patent
758 2036 920 2130 illorum
948 2063 1144 2148 corpora,
1174 2060 1219 2118 ut
1238 2062 1310 2119 eos
1331 2032 1459 2116 nullus
1484 2062 1566 2116 non
1589 2032 1876 2144 observaverit,
1892 2041 1931 2118 dt

510 2157 614 2242 inter
627 2146 725 2236 alios
737 2149 803 2234 Cl.
813 2149 925 2232 Hans
941 2148 1089 2232 Sloane
1103 2155 1154 2253 (a)
1168 2151 1236 2257 qui
1250 2175 1321 2232 eos
1338 2145 1542 2232 lumbricis
1558 2145 1792 2232 terrestribus
1806 2146 1933 2233 forme

513 2275 557 2351 dt
568 2263 709 2352 colore
722 2263 892 2349 confert.
905 2263 961 2346 At
974 2260 1214 2371 frequentius
1223 2259 1316 2346 illos
1327 2259 1478 2346 viderat
1488 2260 1591 2376 apud
1603 2258 1762 2345 insulam
1778 2261 1929 2346 Ormoz

511 2387 556 2466 dr
581 2377 777 2464 Persrdem
800 2401 926 2460 totam
946 2374 1191 2488 Kempfaerus
1221 2374 1305 2480 (b),
1338 2376 1404 2485 qui
1436 2376 1685 2484 quantumvis
1709 2370 1931 2460 observator

510 2489 717 2576 sedulitate
741 2487 807 2574 sud
831 2489 949 2572 suerit
969 2485 1058 2570 satis
1078 2490 1288 2600 cognitus,
1307 2513 1390 2570 non
1404 2489 1689 2571 omniatamen
1714 2512 1812 2570 nota
1833 2486 1934 2574 circii

509 2602 675 2692 illorum
696 2605 889 2716 originem
912 2596 1071 2709 reliquit
1094 2607 1171 2704 (c).

570 2715 729 2802 Galeno
752 2716 806 2818 (d)
826 2712 988 2824 quidem
1017 2711 1116 2795 olim
1143 2710 1212 2798 sub
1237 2711 1401 2796 nomine
1427 2707 1656 2796 dracunculi
1682 2715 1740 2801 τῦ
1758 2713 1931 2822 unuln

510 2834 720 2942 cognitum
743 2827 819 2910 suit
849 2823 996 2910 malum
1028 2823 1141 2910 illud.
1176 2823 1258 2910 Sed
1285 2826 1430 2910 fatetur
1454 2828 1514 2908 vir
1543 2825 1834 2912 candidissimus
1853 2827 1930 2914 sese

508 2944 664 3034 tannim
681 2941 733 3026 de
748 2968 800 3025 eo
821 2937 930 3024 malo
952 2942 1191 3024 narrationes
1212 2938 1370 3023 audiisse
1381 2999 1395 3045 ‚
1420 2937 1497 3022 esse
1515 2936 1667 3024 scilicet
1685 2969 1840 3027 vermes
1852 2971 1936 3028 ner-

509 3055 631 3144 vosos
652 3051 815 3158 naturai,
843 3050 1005 3156 colore,
1032 3051 1357 3162 crall'rnrdineque
1381 3049 1583 3136 lumbricis
1606 3051 1749 3138 srmiles
1761 3117 1779 3161 ,
1808 3057 1934 3166 quiin

510 3167 688 3282 quodam
708 3162 861 3248 Arabia
883 3164 981 3248 loco
1007 3168 1119 3272 nari,
1147 3164 1252 3248 tibiis
1282 3168 1492 3248 hominum
1518 3163 1758 3268 insrderenr3
1786 3167 1855 3254 sed
1875 3168 1933 3276 se,

511 3281 606 3366 cdm
617 3276 710 3363 illos
725 3305 925 3388 nunquam
937 3277 1100 3384 viderit,
1116 3303 1246 3388 neque
1260 3277 1311 3361 de
1322 3305 1462 3362 eorum
1473 3302 1580 3384 ornr,
1594 3307 1724 3389 neque
1737 3281 1934 3366 decorum

510 3390 670 3480 essentie
695 3391 696 3398 ‘
717 3389 904 3501 uidquam
922 3392 1174 3506 pronuntiare
1188 3389 1310 3502 polle.
1330 3385 1474 3474 Paulus
1498 3393 1594 3482 verb
1614 3393 1803 3505 AEginera
1820 3401 1870 3500 (e)
1893 3401 1933 3478 dt

509 3509 650 3596 Aetius
667 3421 736 3615 (J)
758 3511 779 3587 i
798 3501 983 3589 Leonidd
1003 3530 1101 3588 acce
1127 3529 1207 3588 tam
1233 3501 1545 3616 descriptionem
1558 3503 1673 3588 fusrds
1694 3507 1913 3621 protulere.

567 3619 841 3728 AEtlriopIcis,
862 3617 998 3722 Indis,
1023 3624 1063 3700 dr
1198 3619 1288 3730 ptiis
1308 3615 1538 3700 familiarem
1559 3615 1742 3701 morbum
1764 3649 1937 3734 pronun-

510 3735 640 3838 tiant,
661 3731 791 3844 pueris
807 3727 1001 3846 precipue
1018 3728 1198 3810 infestum
1213 3761 1226 3828 3
1247 3732 1423 3839 quamvis
1442 3736 1483 3812 ὅ(
1503 3729 1747 3844 Kempfaerus
1764 3741 1805 3816 dr
1828 3733 1938 3818 Hans

511 3845 662 3932 Sloane
676 3871 767 3928 eum
780 3844 898 3924 etiarn
909 3844 950 3921 in
961 3843 1054 3924 viris
1068 3836 1370 3925 observaverint.
1382 3840 1610 3926 Lumbricis
1622 3841 1764 3928 similes
1777 3845 1942 3960 descrip-

509 3962 559 4046 srt
577 3959 738 4062 Aetius,
764 3979 983 4063 eorumque
1008 3951 1180 4065 speciem
1200 3951 1403 4067 duplicem
1422 3955 1639 4068 distinguit,
1661 3953 1831 4042 aliorum
1854 3981 1938 4040 ma·

506 4099 702 4186 gnorum‚
720 4065 887 4155 aliorum
894 4067 991 4150 verb
1006 4063 1258 4178 parvulorum
1271 4097 1283 4166 3
1298 4095 1415 4175 quam
1430 4070 1548 4151 etiarn
1561 4065 1844 4154 distindionem
1856 4067 1941 4184 pos-

507 4182 575 4270 ted
586 4182 789 4268 Albucasrs
804 4185 865 4295 (g)
881 4179 1032 4264 admisrt
1046 4205 1163 4290 atque
1176 4178 1360 4294 sacravit,
1375 4178 1468 4262 dum
1483 4179 1564 4262 duo
1575 4177 1737 4266 'seorsim
1750 4187 1877 4298 capita
1888 4180 1941 4266 de

547 4419 602 4491 (a)
623 4413 691 4497 Pag.
717 4419 785 4482 126,
804 4408 936 4492 appendit
953 4409 988 4469 ad
1005 4409 1147 4473 innobet

431 4519 434 4528 ⁴
549 4494 605 4574 (b)
625 4495 734 4557 Amaen.
754 4491 862 4552 Exoric.
880 4487 1016 4553 Fascicul.
1036 4511 1069 4570 3,
1089 4492 1148 4551 obs.
1169 4515 1201 4564 4.

549 4584 605 4652 (c.)
628 4576 658 4635 S.
678 4573 768 4656 Hytr.
788 4567 950 4645 Velscbius,
962 4567 1022 4634 dill.
1042 4572 1157 4631 deveni
1177 4569 1278 4635 medin.

547 4654 606 4733 (d)
629 4652 731 4714 Galen.
754 4652 800 4714 lib.
821 4659 858 4727 6,
878 4649 912 4712 de
929 4653 1014 4714 Locis
1031 4649 1145 4715 affectis.

546 4742 605 4815 (e)
628 4735 713 4807 Paul,
731 4733 780 4793 lib.
801 4753 840 4804 4,
861 4753 922 4816 cap.
944 4755 1017 4810 59..
1374 4803 1375 4808 ἵ

548 4820 607 4900 (s)
631 4813 727 4874 Aelius
746 4831 807 4874 teir·
823 4834 858 4886 4,
875 4813 955 4882 semi·
976 4837 1010 4890 2,
1029 4833 1091 4897 “Pe
1111 4815 1159 4888 85·
1177 4809 1286 4876 Fstlssdr
1301 4809 1376 4879 Hlstt
1395 4809 1475 4876 Md·
1491 4829 1542 4882 me
1553 4813 1670 4894 Aelius,
1685 4835 1752 4901 με·
1769 4821 1835 4882 ¹180

543 4899 926 4994 (8l0³r·229.1&92·h
