4250 5898
699 415 1168 536 cUTnNEIS
1552 447 1633 538 ξπ

212 581 388 670 direslai
407 583 623 676 reflexione
637 591 740 676 vires
759 591 969 706 acceperit.
989 590 1097 672 Nam
1115 611 1277 672 notante
1291 583 1558 673 Boerrliaavio
1575 597 1637 695 (a)

213 699 297 782 rarb
309 725 445 810 graves
459 697 516 784 illi
529 703 681 811 morbi,
699 706 783 786 imi>
794 702 1000 789 subitanea
1011 727 1159 784 mortes
1175 701 1389 784 metuendae
1403 700 1523 785 soriti
1537 699 1639 810 sole,

212 809 347 892 siaera
375 813 582 928 perfundat
604 815 801 926 aequaliter
823 813 1046 922 innubilus,
1076 811 1142 898 sed
1164 839 1260 895 tunc
1284 815 1518 921 imminerit,
1546 821 1638 900 cisni

212 921 346 1006 reflexi
366 951 436 1038 per
460 925 584 1012 nubes
608 929 704 1014 radii
726 932 768 1011 in
788 927 969 1015 centrum
989 949 1106 1036 atque
1127 925 1293 1029 focum,
1316 953 1428 1008 more
1445 930 1639 1011 vitrorum

214 1035 470 1147 opticorum,
505 1065 571 1122 aut
606 1037 857 1156 speculorum
889 1037 1180 1124 metallicorum
1215 1041 1430 1144 uniuntur,
1465 1063 1639 1148 tuncque
1699 1089 1702 1098 ·

189 1142 493 1244 „validissimlvi
508 1151 664 1263 poliunt
689 1181 892 1260 externas,
919 1154 1003 1235 imo
1034 1153 1269 1236 &internas
1293 1175 1420 1264 partes
1436 1149 1641 1237 delituere.

212 1259 361 1343 Veriini
379 1259 429 1344 de
448 1260 621 1350 febribus
638 1265 687 1350 ab
706 1264 942 1350 insolatione
959 1265 1009 1348 de
1023 1261 1163 1373 quibus
1181 1271 1221 1346 ὅ(
1236 1261 1473 1345 vetustissimi
1486 1262 1642 1346 Medici

214 1369 353 1483 egere,
375 1373 645 1489 &scriptores
670 1381 738 1493 ipsi
757 1379 855 1463 sacti
871 1381 1115 1461 mentionem
1131 1374 1411 1483 faciunt,'quae
1442 1401 1491 1457 ue
1515 1377 1645 1460 minus

211 1481 343 1566 forsan
360 1482 382 1568 *a
399 1484 573 1574 Medicis
596 1497 761 1576 tradate
786 1491 896 1597 sunt,
917 1487 1032 1600 quim
1050 1491 1108 1572 rei
1129 1487 1296 1600 dignitas
1318 1515 1372 1600 po
1447 1512 1553 1578 atet,
1575 1489 1644 1570 liic
1669 1505 1675 1511 '

213 1595 359 1708 agendi
380 1627 463 1682 non
486 1603 538 1684 est
558 1600 700 1707 locus3
722 1603 880 1690 decute
897 1601 1119 1714 loquimur,
1137 1629 1254 1712 quam
1272 1602 1384 1686 vario
1407 1598 1532 1683 modo
1555 1627 1646 1712 perr·¹

213 1707 363 1792 cussam
381 1710 572 1798 videmus.
1011 1747 1015 1768 ¹
1167 1805 1169 1810 ,
1513 1789 1514 1794 r

269 1821 484 1934 Diagnosis
510 1825 603 1911 mali
626 1832 648 1910 i
670 1825 786 1911 causi
810 1823 972 1942 cogniti
996 1823 1167 1941 pendet,
1195 1852 1313 1935 quam
1333 1823 1548 1938 agnoscere
1566 1853 1647 1907 ma·
1707 1899 1709 1905 .

213 1934 315 2018 ximi
333 1937 385 2019 est
404 1944 622 2046 momenti,
649 1966 700 2022 ne
725 1939 839 2026 causa
865 1965 1025 2023 externa
1052 1944 1093 2021 dr
1114 1939 1268 2051 penitis
1290 1939 1450 2049 coporis
1475 1935 1649 2022 funtiio·
1735 1999 1742 2014 ,

214 2043 332 2130 nibus
356 2072 539 2135 extranea
563 2075 710 2164 magno
741 2051 1008 2138 remediorum
1032 2047 1228 2132 inutilium
1261 2073 1427 2132 vexetur
1451 2075 1649 2162 apparatu.

214 2157 430 2354 Prognosis
456 2162 562 2250 circli
582 2162 800 2279 periculum
822 2162 998 2278 simplex.
1024 2159 1195 2245 Nullum
1222 2163 1328 2245 enim
1352 2159 1401 2244 ab
1425 2158 1650 2265 hujusmodi

218 2300 294 2356 cau
315 2303 343 2354 ae
362 2275 404 2356 iii
426 2274 550 2374 solani
574 2301 708 2361 cutem
731 2274 886 2361 afflone
904 2278 1030 2388 potest
1053 2274 1293 2389 impendere.
1319 2273 1446 2356 Arde
1467 2272 1659 2357 ἀιιηὼὶἰί·Ι

216 2407 303 2468 tate
321 2382 413 2468 mali
426 2385 483 2468 nil
496 2392 621 2501 potest
633 2389 699 2472 tes
720 2388 881 2493 onderi,
903 2389 973 2468 nisi
987 2389 1133 2499 primus
1148 2385 1268 2468 rubor
1285 2383 1404 2468 suerit
1424 2386 1650 2490 exstineius,

214 2503 263 2578 ὃ(
285 2493 447 2580 macule
467 2495 610 2583 limites
631 2420 894 2611 inilliciantur.
912 2499 1180 2583 Veruntamen
1204 2497 1312 2579 hisce
1331 2493 1652 2610 tollendisvulgb

216 2605 442 2692 remedium
459 2612 534 2716 est,
554 2610 708 2694 habitus
723 2615 810 2694 vitae
825 2612 1062 2714 contrarius,
1082 2607 1175 2692 solis
1190 2608 1362 2692 evitandi
1378 2636 1472 2691 cura
1485 2608 1651 2715 assidua,

218 2727 265 2806 ὃ(
282 2722 378 2802 aeris
393 2721 603 2835 vaporibus
620 2729 661 2806 dt
676 2721 861 2806 halitibus
881 2724 1148 2836 vegetantium
1162 2720 1302 2852 perfusi
1319 2718 1407 2804 usus
1430 2718 1653 2808 habitualis.

219 2831 297 2914 Sic
311 2836 417 2922 enini
457 2838 553 2919 tatia
568 2833 699 2921 vultiis
716 2837 910 2920 nitidioris
926 2833 1046 2938 redit,
1067 2841 1110 2918 dt
1128 2859 1210 2917 cuti
1227 2833 1480 2938 conciliatur,
1497 2829 1653 2920 sublato

218 2865 456 3058 epidermiil

217 3087 313 3140 non
349 3055 428 3140 alie
460 3061 628 3174 impreffi
661 3061 806 3147 fuerint
842 3059 1087 3146 insolationis
1127 3061 1350 3142 caracteres.
1390 3057 1510 3141 Tunc
1546 3061 1655 3142 enini

220 3167 394 3253 difficile
413 3173 485 3271 est,
507 3201 560 3256 ne
573 3171 975 3291 dicain‘inpoffibile,
991 3199 1063 3256 eos
1083 3169 1239 3256 tollere.
1266 3173 1390 3253 Aiunt
1406 3197 1537 3255 tamen
1552 3170 1656 3285 apud

220 3281 385 3366 Turcas
402 3291 443 3368 dr
458 3288 667 3370 hominum
683 3313 807 3401 genus
824 3284 923 3369 illud
938 3283 1079 3396 quibus
1092 3283 1301 3366 foemineus
1317 3282 1440 3367 decor
1455 3312 1527 3398 pro
1544 3312 1657 3366 coni-

219 3398 383 3480 mercio
412 3399 759 3504 est,·methodum
787 3398 957 3482 obtineri
985 3395 1062 3508 quir
1090 3399 1208 3480 etiam
1233 3395 1369 3479 indico
1397 3394 1480 3479 sole
1509 3397 1657 3509 perusta
1714 3409 1719 3420 ’

220 3509 333 3593 cutis
354 3507 406 3594 ad
426 3513 624 3623 pristinum
638 3513 851 3597 candorem
867 3510 1092 3615 reducitur,
1117 3507 1227 3618 quod
1246 3511 1470 3621 inexpertus
1483 3536 1564 3590 non
1587 3535 1660 3593 ne-

219 3621 429 3735 gaverim,
449 3622 517 3707 sed
527 3653 587 3709 res
596 3624 746 3708 sumine
764 3623 936 3708 difficilis
947 3621 1025 3706 esse
1043 3618 1183 3726 debet,
1197 3620 1276 3702 fine
1293 3618 1398 3703 noxi
1416 3647 1533 3730 atque
1548 3623 1659 3704 cica-

219 3731 397 3818 tricibus
423 3733 510 3848 plus
536 3735 619 3850 ipssi
641 3737 844 3850 mgredine
864 3733 1045 3819 vitandis.
1076 3733 1226 3816 Verbm
1252 3737 1345 3816 clim
1368 3735 1409 3814 in
1433 3733 1507 3815 haic
1534 3729 1660 3818 nostr&

219 3846 500 3962 suppositione
525 3852 659 3933 omnia
682 3852 725 3934 in
743 3846 993 3932 interioribus
1015 3843 1132 3931 illaesa
1148 3846 1223 3930 sint
1234 3905 1249 3953 ‚
1277 3848 1428 3930 curatio
1455 3847 1584 3929 omnis
1610 3844 1660 3929 ad

220 3984 430 4054 exteriora
446 3985 621 4046 vertitur.
696 4001 715 4050 η

288 4069 372 4155 Ubi
400 4072 461 4156 sol
489 4099 627 4158 notam
655 4077 739 4159 cuti
773 4075 924 4179 inullit,
950 4070 1017 4160 vel
1047 4075 1197 4160 recenti
1226 4068 1332 4154 malo
1366 4069 1582 4152 advocatur
1612 4068 1663 4154 ad

227 4211 359 4300 opem
387 4185 587 4282 serendam
614 4187 829 4295 Medicus,
855 4187 1042 4295 videtque
1069 4184 1179 4268 brevi
1207 4212 1255 4265 ari
1288 4209 1348 4264 res
1378 4181 1425 4264 ad
1460 4181 1554 4289 erysi
1583 4181 1664 4266 elas

226 4295 362 4406 usque
385 4297 550 4382 dedusia
570 4301 640 4406 sit,
667 4330 717 4382 ari
742 4301 862 4384 rubor
883 4303 1002 4384 exstet
1028 4295 1190 4410 simplex
1217 4303 1258 4378 dt
1284 4293 1381 4406 sape
1403 4211 1665 4410 profundior3

225 4437 336 4502 tunc
359 4414 489 4494 omnis
510 4412 721 4496 methodus
744 4414 912 4494 consistit
933 4435 978 4492 ut
1003 4407 1285 4492 admoveantur
1312 4409 1393 4490 cuti
1416 4403 1667 4512 delinienda,

221 4521 536 4637 refrigerantia,
563 4527 604 4608 vi
635 4522 777 4608 leniter
804 4523 1062 4635 adstringente
1090 4519 1248 4604 donata.
1285 4517 1354 4601 Sic
1386 4517 1541 4632 prodest
1566 4517 1667 4626 aqud

170 4637 175 4642 ’
226 4635 384 4748 frigida
399 4660 532 4721 cutem
547 4636 706 4746 fovere,
723 4665 830 4747 aquae
840 4637 934 4719 huic
949 4636 1053 4717 aceti
1067 4627 1214 4746 aliquid
1224 4629 1458 4735 admiscere,
1472 4629 1538 4713 sed
1549 4627 1668 4744 parci

226 4747 329 4834 dost
335 4809 350 4854 ,
381 4773 432 4830 ne
453 4749 577 4848 cutim
603 4749 828 4836 remordeat
854 4745 983 4858 illud,
1009 4745 1201 4858 simulque
1227 4746 1426 4859 potentibs
1450 4742 1667 4853 refrigeret.

277 4901 340 4988 (r)
360 4897 546 4969 Chemroiii.
566 4902 751 4991 mitigo„
1354 4977 1449 5061 Sss

445 2975 469 3032 e
489 2974 762 3059 renovatoque
778 2946 881 3054 illo,
910 2945 1060 3030 candor
1087 2943 1346 3060 prefulgens,
1371 2945 1496 3028 modo
1520 2973 1653 3033 tamen
1785 2953 1791 2960 ’
