4226 5916
468 441 566 516 ,Q
751 376 753 384 ’
925 404 1033 490 ou
1100 403 1461 492 Monnrs

480 569 657 658 matoriae
673 591 894 656 extremum
909 564 1109 678 designant
1121 565 1368 680 periculum,
1390 573 1432 650 dt
1449 561 1627 681 protinus
1645 563 1923 650 metuendum.

483 685 529 770 Si
554 680 693 766 contri
715 683 844 764 rursus
864 705 914 762 ex
939 679 1082 764 insidiis
1111 710 1158 794 ap
1186 708 1292 764 areat
1312 681 1571 764 inflammatio
1598 709 1683 788 quat
1705 675 1921 787 reliquerat

484 822 664 882 externas
680 795 781 878 cutis
797 816 949 906 partes,
971 791 1150 876 cellanti
1185 796 1249 876 'co
1269 795 1403 876 omnia
1421 791 1695 906 symptomata.
1725 788 1916 874 Praetered

482 911 586 1102 iqnis
610 907 719 989 sacer
743 899 1017 1018 superveniens
1037 903 1183 1000 sanavit
1194 967 1208 1009 ,
1226 931 1271 988 ut
1285 903 1387 1010 vidi,
1411 907 1555 987 asthma
1577 900 1785 987 humorale
1805 903 1923 1013 quod*

528 1048 616 1104 ures
645 1045 715 1132 per
745 1043 868 1100 annos
896 1015 1077 1100 saevierat.
1107 1015 1223 1100 Unde
1244 1043 1352 1132 patet
1380 1045 1464 1100 non
1493 1018 1559 1100 hic
1591 1046 1685 1100 curn
1715 1011 1924 1102 veteribus·

481 1049 607 1218 dilem
625 1127 882 1212 incusandanr
896 1127 974 1212 elle
984 1194 998 1234 ,
1016 1159 1099 1212 non
1119 1131 1332 1214 humorum
1354 1132 1599 1216 internorum
1624 1131 1915 1235 mutationem,

481 1243 550 1329 sed
571 1241 698 1326 adesse
711 1239 989 1325 tantummodi)
1008 1245 1050 1325 in
1069 1241 1230 1357 lymphis
1245 1269 1336 1326 acte
1355 1241 1638 1353 quodcumque
1654 1240 1767 1351 quod
1781 1239 1843 1326 illi
1862 1243 1916 1325 ita

481 1356 693 1459 adhaereat,
707 1378 752 1437 ut
764 1351 933 1468 lymphae
974 1358 1103 1470 ropria
1116 1355 1204 1438 vasa
1218 1354 1335 1470 poffit
1348 1353 1832 1468 distendere&rumpere;
1849 1353 1925 1438 sed.

482 1465 595 1574 cujus
607 1464 763 1551 indoles
780 1492 922 1550 tronea
936 1383 1000 1572 lit,
1014 1467 1190 1582 utpoffit
1204 1467 1325 1578 usque
1339 1468 1389 1552 ad
1404 1468 1446 1551 su
1501 1468 1723 1566 urationem
1738 1469 1856 1552 evehi
1873 1472 1916 1550 dt

483 1583 711 1665 coctionem
732 1605 879 1662 certam
899 1585 940 1662 dt
957 1579 1192 1694 phlegmoni
1207 1584 1407 1694 propriam
1423 1497 1623 1663 adimere.
1646 1579 1728 1663 Sed
1744 1609 1829 1689 quae
1843 1609 1917 1664 va·

481 1691 577 1796 leat,
589 1691 654 1776 vel
664 1691 922 1801 resolutione,
930 1689 1283 1807 velevaporatione
1291 1690 1397 1799 tolli,
1407 1717 1473 1776 aut
1484 1695 1526 1776 in
1537 1721 1781 1805 gangraenam
1794 1690 1922 1776 abire..

539 1805 689 1890 Veritm
716 1832 806 1887 acre
835 1802 935 1891 illud
962 1803 1076 1891 aliter
1104 1804 1221 1917 quim
1248 1834 1317 1920 per
1343 1808 1518 1921 proprias
1546 1813 1587 1891 δι
1616 1802 1827 1914 inquilinae
1855 1803 1914 1888 illi

482 1919 741 2049 proprietates
757 1917 869 2002 nolle
876 1915 1114 2032 impollrbile
1127 1922 1202 2020 est3
1223 1922 1445 2033 primariam
1459 1920 1565 2003 enim
1579 1911 1915 2002 subtilillnnorum

483 2028 646 2112 allorum
674 2057 890 2141 corporum
914 2055 1090 2114 naturam
1118 2029 1140 2114 ὲ
1162 2034 1284 2146 priori
1316 2029 1501 2114 hariolari
1533 2033 1711 2114 humanae
1732 2033 1811 2113 arti
1832 2059 1914 2117 non

484 2139 733 2224 conceditur.
765 2141 855 2222 Into
883 2150 1020 2256 &pro
1049 2169 1162 2238 certo
1222 2145 1290 2226 oni
1314 2145 1440 2259 potest
1467 2143 1664 2257 principio
1678 2204 1692 2248 ,
1724 2171 1810 2226 non
1834 2141 1920 2226 dari·

482 2256 646 2336 unicum
668 2254 750 2364 igni
772 2251 883 2336 sacro
935 2254 1155 2360 rocreando
1183 2173 1448 2362 dermentum,
1470 2253 1587 2366 quale
1616 2258 1672 2340 est
1696 2281 1764 2338 aut
1787 2257 1916 2343 vatio-

456 2362 637 2469 losum,
665 2391 732 2447 aut
763 2284 1067 2472 morbillosum,
1095 2365 1163 2452 sed
1194 2367 1271 2454 elle
1301 2396 1424 2482 genus
1453 2365 1663 2482 multiplex
1691 2371 1924 2452 acrimonia·

484 2477 595 2587 quod
620 2474 721 2560 illud
736 2479 961 2590 ingeneret,
1000 2477 1208 2590 Siquidem
1238 2487 1279 2564 δι
1307 2483 1409 2595 ignis
1438 2479 1545 2565 sacer
1573 2481 1700 2594 potest
1723 2507 1916 2566 venereus

483 2589 585 2695 elle,
604 2586 761 2698 qualem
776 2593 1010 2700 exquisitum
1027 2592 1131 2700 vidi,
1148 2601 1190 2678 dt
1207 2591 1456 2678 scorbuticus
1476 2625 1495 2692 ς·
1513 2595 1756 2680 arthriticum
1779 2597 1922 2708 ignem·

480 2700 636 2787 sacrum
663 2731 747 2784 non
772 2706 859 2786 rati>
885 2703 1097 2811 videmus,
1127 2708 1211 2788 imi>
1239 2713 1281 2790 &
1309 2708 1561 2838 herpeticum
1589 2703 1809 2817 aliquandi),
1839 2705 1923 2791 elle.

439 2855 451 2872 -
482 2809 584 2897 illud
599 2811 791 2920 declarat,
808 2817 941 2924 quod,
958 2815 1093 2901 sanato
1102 2822 1186 2932 igni
1198 2817 1309 2902 sacro
1318 2880 1333 2925 ,
1345 2817 1556 2930 aliquando
1570 2818 1808 2924 viderimus,
1828 2849 1913 2904 ruu-

481 2949 567 3008 tato
597 2923 690 3008 mali
716 2931 931 3034 carattere,
956 2927 1171 3016 succedere
1195 2935 1375 3047 herpetes
1397 2933 1526 3016 omnis
1546 2935 1712 3044 generis.
1733 2931 1925 3018 Sufficiet·

455 3035 533 3138 ,ad
553 3038 868 3121 constituendum
891 3042 1026 3152 ignem
1046 3043 1197 3128 sacrum
1224 3071 1267 3130 ut
1292 3044 1546 3163 inspiciantur
1559 3043 1648 3128 vasa
1671 3041 1911 3158 lymphatica

482 3150 709 3279 vehementi
728 3149 965 3261 erethismo,
986 3183 1063 3239 nec
1083 3157 1294 3270 sanguinea
1320 3155 1605 3273 plilegmonetn
1633 3156 1780 3276 poffint
1811 3187 1912 3246 con·

481 3288 519 3346 cr
548 3287 627 3345 ere.
771 3344 776 3355 ,

453 3289 648 3490 ·ΡΙςηίε
676 3374 774 3459 sacri
800 3371 949 3489 species
979 3380 1032 3462 est
1055 3378 1386 3491 frequentillima,
1412 3387 1455 3468 in
1482 3384 1577 3472 duas
1601 3385 1745 3495 pariter
1765 3379 1922 3467 formas.

482 3484 721 3591 dividenda,
738 3489 817 3572 five
831 3489 1074 3602 phlyeloenas
1090 3520 1294 3608 procreet,
1318 3497 1398 3582 five
1413 3496 1502 3582 solo
1522 3493 1709 3580 incendio
1731 3498 1910 3602 constet,

481 3595 630 3679 malurn
654 3595 754 3682 illud
774 3601 884 3709 quod
905 3599 1016 3687 latini
1033 3633 1197 3713 zonam,
1222 3607 1510 3714 Greci-Certim
1533 3635 1682 3694 vocant
1701 3635 1770 3694 aut
1794 3607 1911 3712 ζωίηι.

483 3708 718 3794 Scribonius
740 3708 876 3834 largus,
893 3721 983 3821 (a),
1009 3716 1316 3826 carbunculos,
1330 3724 1464 3834 ignem
1490 3723 1672 3826 lacrum,
1698 3727 1741 3806 dt
1768 3749 1911 3808 zonam

481 3851 598 3931 quam
620 3823 751 3907 Graeci
773 3820 895 3932 iprlla
915 3855 1064 3914 vocant
1091 3839 1163 3935 (ut
1185 3837 1238 3918 ait
1254 3840 1279 3938 ),
1292 3833 1437 3920 eodem
1459 3834 1529 3920 sub
1544 3835 1708 3920 nomine
1725 3845 1911 3949 compre·

481 3933 647 4040 hendit,
674 3939 812 4049 parum
842 3940 1037 4024 accurati.
1076 3942 1225 4030 Plinius
1254 3947 1315 4051 (b)
1339 3977 1491 4032 zonam*
1510 3949 1628 4032 etiarn
1664 3949 1808 4032 circini
1836 3977 1910 4032 no·

482 4049 588 4128 mine
622 4047 824 4160 designat,
887 4055 951 4134 uia
988 4030 1231 4140 circulariter
1267 4087 1411 4174 corpus
1445 4059 1597 4165 ambit,
1629 4057 1797 4171 jureque
1831 4058 1912 4165 ejus

482 4157 642 4286 effedius
663 4189 753 4242 cum
774 4081 1055 4248 comluffionis
1071 4167 1274 4252 effefflbns
1288 4199 1518 4284 comparat;
1535 4173 1576 4256 id
1596 4171 1780 4258 addendo
1793 4173 1913 4284 quod

482 4266 510 4346 st
530 4270 752 4353 universum
774 4302 919 4389 corpus
943 4277 1123 4364 ambierit
1141 4283 1155 4362 i
1184 4284 1243 4365 nis
1259 4281 1367 4368 sacer
1387 4282 1457 4370 ille
1474 4311 1593 4396 quern
1616 4313 1719 4368 zona
1737 4311 1910 4392 vocant,

468 4377 594 4459 certi>
621 4379 714 4463 inde
737 4383 941 4474 hominem
965 4394 1117 4506 perimi.
1146 4311 1341 4482 liamdem
1361 4399 1589 4512 prognosim
1611 4426 1632 4480 a
1661 4397 1716 4480 ud
1735 4396 1911 4508 reliquos

483 4491 853 4618 omnesMedicos,
883 4501 961 4584 srve
980 4503 1169 4613 Graecos,
1198 4508 1278 4594 stre
1305 4508 1455 4594 Arabas
1481 4535 1601 4623 expre
1631 4537 1695 4592 arn
1725 4515 1912 4622 reperies.

481 4597 596 4682 Unde
620 4601 663 4684 td
682 4603 819 4690 saltem
841 4611 1084 4704 concludere
1102 4621 1156 4704 est
1172 4649 1256 4706 non
1276 4621 1381 4708 adeo
1393 4651 1522 4708 rarum
1543 4620 1621 4706 effe
1638 4618 1790 4710 malum
1810 4621 1916 4718 illud

521 4777 577 4850 (α)
598 4771 667 4855 cap.
686 4784 733 4840 62.

518 4855 577 4934 (l)
595 4851 655 4920 Liu
678 4865 729 4932 26,
747 4877 809 4942 cap.
829 4883 883 4941 tr,
901 4883 1011 4945 uun,
