4228 5898
460 411 561 512 «46
729 398 826 488 oa
888 393 1189 486 uouere
1245 388 1647 483 cursitare.

460 562 599 651 ¹robur
631 555 779 648 addunt
813 563 995 648 confisus.
1034 563 1090 645 At
1120 559 1266 646 cirms
1314 559 1337 642 ὲ
1374 562 1575 644 contracta
1604 561 1690 644 hac
1718 555 1837 648 labes
1855 559 1908 650 ab'

476 678 766 872 athmolsphaera
797 676 965 808 humidat
998 673 1174 807 incolatu
1201 701 1278 788 pen
1306 697 1370 756 eat
1383 733 1413 814 ,Α
1433 670 1661 782 aliquidque
1690 671 1913 814 lcorbutici⁸

477 790 613 906 prese
636 815 739 895 erat,
757 791 859 874 datis
870 787 991 982 parce
1005 787 1164 898 quidem
1182 784 1418 898 &suspensa
1439 815 1580 890 manu,
1603 811 1655 868 ne
1672 813 1788 872 ninus
1805 815 1908 874 atte-

477 929 669 1006 nument,
700 901 869 984 antiscor
896 903 1041 1004 uticrs,
1070 925 1223 985 vertere
1260 896 1390 979 solum
1422 893 1607 1002 jubebam
1645 905 1689 982 bt
1723 927 1765 984 re
1794 906 1906 989 'ones

476 1015 563 1102 sole
575 1013 789 1129 gaudentes
802 1015 937 1126 aprico
955 1039 1151 1124 quarere3
1173 1013 1275 1094 miro
1291 1009 1391 1093 adeo
1406 1009 1604 1112 successu,
1624 1035 1669 1094 ut
1686 1014 1755 1096 ini
1788 1045 1814 1098 o
1833 1041 1905 1126 per

476 1127 656 1213 habitum
685 1129 890 1209 contracto
930 1123 1125 1208 malorum
1163 1147 1309 1236 genere
1341 1119 1440 1204 nihil
1468 1119 1715 1235 protulerim.
1743 1125 1905 1214 Etenim

478 1244 622 1328 omnia.
639 1237 721 1322 fere
736 1237 1122 1323 medicamentorum
1149 1262 1294 1348 genera
1323 1231 1435 1344 quat,
1464 1232 1531 1319 uel
1556 1236 1803 1347 cicurando,
1835 1239 1905 1326 vel

468 1350 717 1548 'expellendo
737 1353 816 1433 acri
830 1347 893 1434 illi
907 1350 1204 1464 praedominanti
1221 1349 1461 1452 offeruntur,
1482 1373 1549 1430 aut
1565 1345 1666 1431 ultral
1677 1410 1692 1455 ,
1714 1379 1781 1436 aut
1806 1352 1905 1438 cirria

476 1497 491 1552 ι

563 1489 691 1548 tutum
710 1489 924 1548 remanent.
949 1464 994 1546 Si
1016 1461 1177 1572 quidem
1209 1463 1313 1544 acria
1339 1463 1474 1544 omnia
1499 1460 1751 1556 erethismum
1776 1468 1904 1550 inten-

476 1578 576 1663 dunt
594 1576 754 1687 acrique
772 1579 907 1662 nativo
921 1579 1004 1662 vim
1024 1574 1182 1658 efferam
1201 1571 1350 1657 addunt
1362 1603 1375 1671 ;
1389 1601 1437 1656 ea
1453 1574 1551 1670 uerb
1566 1603 1650 1682 quae
1671 1578 1903 1664 mitificandi

325 1767 329 1774 .
477 1691 599 1775 decus
620 1687 689 1772 srbi
709 1686 914 1796 ambiunt,
945 1687 1155 1773 alterantur
1166 1746 1182 1793 ,
1208 1712 1406 1770 mutantur
1426 1693 1470 1770 bt
1492 1714 1624 1770 acrem
1649 1687 1827 1774 indolem
1840 1694 1902 1784 in·

477 1803 631 1909 duum,
645 1799 852 1911 antequbm
870 1802 920 1886 ad
934 1803 1173 1915 propositam
1190 1795 1261 1881 srbi
1277 1825 1421 1882 metam
1437 1802 1698 1911 pervenerint.

548 1915 645 1998 Duo
666 1939 798 1998 tamen
826 1913 876 1998 ad
901 1912 1189 2000 acreserosum
1217 1908 1496 1996 debellandum
1520 1911 1901 2004 medicamentorum

476 2055 621 2144 genera
651 2026 801 2110 summe
833 2026 943 2110 distin
971 2015 1114 2112 uenda'
1126 2026 1223 2108 sunt.
1262 2024 1439 2110 Primum
1464 2020 1612 2108 balneis
1648 2029 1901 2136 continetur3

474 2140 641 2225 alterum
673 2141 771 2224 verb
801 2142 842 2224 in
871 2057 1021 2222 morbis
1048 2141 1148 2224 cutis
1179 2134 1330 2220 summe
1356 2135 1552 2220 famosum
1577 2135 1767 2229 exhibent
1795 2145 1902 2230 varia

466 2249 912 2366 laclisgeneraexarne
935 2249 1119 2337 adhibita.
1750 2341 1755 2352 ⁴

531 2363 678 2450 Balnea
702 2362 810 2448 certe
829 2393 912 2475 qua
927 2362 1012 2448 sola
1032 2365 1190 2478 tepida,
1210 2391 1285 2471 nec
1302 2365 1426 2448 'cutim
1445 2360 1581 2446 calore
1607 2363 1817 2449 afficientia
1829 2369 1898 2454 hle

460 2479 657 2592 :prodelle
675 2475 832 2590 poliunt
842 2539 856 2584 ‚
874 2506 958 2560 non
976 2478 1100 2560 modo
1120 2477 1201 2564 leni
1219 2505 1266 2593 ap
1296 2475 1417 2560 licatu
1438 2480 1563 2560 cutim
1586 2471 1845 2578 findificant
1858 2490 1899 2568 bt

462 2589 611 2676 -sordes
625 2595 667 2674 in
683 2589 730 2675 el
750 2591 962 2676 hasrturtes
984 2591 1245 2702 acredineque
1315 2590 1450 2674 dentes
1474 2591 1673 2690 avehunt3
1692 2589 1897 2678 sedetiam

475 2732 619 2815 aquam
639 2702 780 2789 salibus
810 2700 963 2788 acribus
986 2702 1188 2790 -solvendis
1213 2709 1255 2798 bt
1279 2701 1501 2815 mitigandis
1521 2729 1651 2818 aptam
1665 2703 1898 2813 intrudunt,

460 2824 519 2900 ·&
536 2817 625 2902 vasa
667 2818 890 2933 erspirantia
906 2814 1084 2901 liberant.
1146 2813 1261 2901 uibus
1275 2815 1397 2900 titulis
1418 2815 1795 2929 quautbmprodelle
1809 2819 1900 2933 pos-

459 2929 551 3013 ·smt
573 2930 601 3011 st
623 2847 826 3014 lblubritet
851 2927 1123 3042 applicennsr‚
1151 2928 1400 3042 perspicuum
1431 2929 1495 3010 ert
1522 2927 1605 3012 Sed
1630 2925 1743 3010 simul
1770 2929 1900 3016 faten-

477 3041 574 3124 dum
590 3041 642 3124 est
661 3038 708 3124 ab
723 3037 904 3126 iislaxari
928 3044 1078 3146 cutim,
1101 3049 1144 3125 bt
1165 3041 1285 3155 ipsam
1339 3039 1449 3144 offe,
1471 3041 1685 3128 humorum
1706 3042 1899 3184 impetum

461 3154 571 3238 dum
597 3155 779 3268 excipit,
819 3157 938 3238 etiam
964 3152 1012 3238 ab
1037 3157 1083 3239 iis
1112 3157 1240 3267 primo
1266 3181 1291 3238 e
1320 3155 1570 3239 convitiari.
1597 3152 1895 3266 Fractaque,

475 3290 521 3352 ut
539 3265 750 3377 aliquandi>
774 3265 828 3352 ob
851 3269 1023 3350 atoniam
1046 3269 1135 3352 vasa
1165 3296 1247 3351 non
1273 3265 1482 3372 exhalant,
1513 3267 1638 3397 potest
1662 3264 1712 3349 ab
1730 3269 1817 3382 ipfis
1840 3271 1899 3354 in-

476 3380 570 3466 duci
586 3381 718 3463 atonia
729 3383 850 3466 exitui
863 3379 1151 3495 perspirationis
1170 3377 1344 3488 obstans,
1365 3377 1685 3491 relaxanoneque
1706 3379 1826 3464 nimii
1843 3381 1898 3466 fa·-

465 3494 615 3579 .tiscere
634 3499 674 3578 br
690 3492 924 3580 flaccescere
965 3493 1095 3578 offunt
1109 3523 1269 3608 organa.
1557 3554 1562 3565 .
1883 3540 1886 3548 ·

462 3642 472 3652 ·
530 3602 717 3690 Praterel
730 3608 915 3690 humores
939 3604 1122 3692 abalneis
1136 3609 1505 3712 nonimmutantur,
1528 3604 1763 3692 &habitem
1778 3636 1897 3717 quem

462 3718 668 3802 *inducunt
693 3715 788 3823 illa,
810 3745 900 3802 utut
928 3722 1150 3826 mitiorem,
1183 3746 1265 3802 non
1287 3743 1418 3803 tamen
1435 3723 1679 3803 curationem
1699 3717 1896 3834 appellate

462 3829 684 3945 poffumus.
707 3828 900 3936 Pallient,
931 3859 1001 3946 per
1018 3861 1093 3916 nos
1119 3831 1247 3931 licet3
1273 3856 1314 3915 at
1332 3834 1545 3916 curationis
1564 3829 1732 3945 gloriam
1751 3857 1895 3946 poten-

461 3941 637 4030 tioribus
657 3940 877 4055 relinquant
896 3944 1206 4030 medicamentis.
1229 3945 1337 4027 Nam
1350 3943 1460 4054 qnod
1479 3941 1618 4030 balnea
1633 3947 1792 4050 attinet,
1814 3975 1897 4032 me-

472 4057 602 4142 dicata
637 4055 806 4142 sulfurea
833 4054 1012 4163 seilicet,
1045 4056 1123 4140 'illa
1152 4054 1203 4141 ad
1232 4059 1357 4140 cutim
1388 4055 1669 4170 detergendam
1707 4063 1896 4166 quantum

473 4167 650 4275 valeant,
674 4197 757 4252 non
788 4171 974 4284 ignotum
1011 4171 1199 4280 quidem,
1228 4168 1297 4252 sed
1321 4165 1390 4253 illa
1417 4168 1591 4283 ipsorum
1618 4167 1782 4254 facultas
1811 4199 1897 4258 non

472 4278 521 4365 ab
553 4311 658 4390 aqua
692 4279 1002 4392 penetrabilitate
1033 4282 1207 4399 pendet,
1241 4309 1325 4364 non
1356 4279 1379 4366 b
1409 4282 1607 4394 pondere,
1635 4281 1704 4368 sed
1727 4293 1749 4364 a
1771 4279 1896 4370 sulfu-

465 4395 547 4478 reis
571 4390 814 4478 binrminosts
844 4425 936 4480 tum
960 4394 1040 4482 sale
1060 4393 1231 4480 alcalino
1253 4396 1295 4476 in
1319 4394 1505 4512 saponem
1530 4391 1668 4500 junffis
1692 4391 1894 4508 partibus,

470 4501 611 4618 quibus
631 4504 724 4590 dnn
745 4503 949 4590 solvuntur
966 4512 1153 4596 herentes
1175 4517 1218 4594 bt
1242 4507 1365 4592 affixae
1392 4535 1547 4622 partes,
1575 4505 1687 4590 fimul
1714 4506 1803 4592 vasa
1825 4510 1897 4592 fir-

463 4643 622 4704 mannu
651 4623 692 4702 br
728 4621 768 4704 in
793 4617 931 4704 dulces
960 4648 1127 4734 agnnttu
1155 4619 1437 4708 oscillationes.
1465 4621 1558 4704 Nec
1583 4617 1686 4704 fallit
1718 4646 1788 4705 eos
1823 4625 1895 4732 qui

465 4730 601 4848 primis
621 4725 738 4814 labris
753 4757 876 4818 artem
898 4734 1066 4816 nostram
1091 4736 1291 4849 attigerint
1309 4731 1427 4846 quim
1450 4729 1549 4816 falso
1577 4729 1747 4817 subsidio
1768 4731 1897 4818 advo-

464 4845 546 4936 cari
563 4845 629 4930 hic
644 4841 790 4958 possint
807 4843 1011 4962 frigidiora
1033 4842 1173 4937 balnea
1189 4901 1207 4962 ,
1234 4875 1318 4962 qua
1341 4873 1427 4933 non
1447 4842 1655 4934 roboranti
1673 4843 1802 4936 solum
1826 4848 1894 4960 vi,
