4250 5898
1613 209 1647 242 ρ

665 422 1198 556 curturis
1507 488 1638 580 ,ης

202 629 373 717 morbos
395 620 610 716 svideantur
635 656 789 718 veteres
805 631 885 717 ‘sub
917 633 1080 715 nomine
1110 635 1169 736 (a)
1199 667 1266 715 των
1291 633 1449 718 irrisor
1464 633 1639 720 'exulare

207 741 346 851 jussrffe
355 804 370 850 ‚
394 773 477 827 non
490 770 623 829 tamen
638 750 765 829 minis
783 750 824 828 in
844 742 1029 829 omnibus
1049 748 1229 856 corporis
1250 744 1421 858 partibus
1441 766 1641 862 apparent.

210 856 411 971 Praecipue
437 860 534 942 verb
562 861 735 942 emicant
762 860 803 940 in
828 856 996 970 gravidis
1028 869 1191 968 quarum
1218 854 1295 962 jam
1323 856 1405 940 dixi
1431 887 1496 942 me
1520 891 1640 946 unam

202 967 346 1053 vidisse
374 996 501 1054 totam
534 971 738 1085 nigredine
769 969 975 1084 perfundi,
1008 967 1118 1075 cujus
1146 972 1187 1051 in
1217 973 1381 1080 gratiam
1409 976 1502 1053 cirm
1529 970 1641 1084 plura

210 1080 349 1165 similia
375 1082 558 1198 exempla
589 1087 896 1193 conquirerem,
927 1109 972 1166 ut
1004 1080 1159 1194 mulieri
1193 1083 1340 1164 afflislae
1373 1079 1474 1165 illud
1505 1084 1642 1168 saltem

209 1194 392 1280 afferrem
423 1195 552 1280 solatii
564 1257 579 1303 ‚
613 1195 709 1310 sape
735 1223 902 1280 numero
933 1196 1041 1278 mihi.
1054 1197 1225 1308 contigit
1250 1223 1333 1277 non
1362 1224 1481 1278 unam
1506 1196 1641 1283 videre
1747 1245 1755 1258 ·

197 1335 296 1418 '’quae
319 1304 505 1392 srmilibus
532 1307 697 1392 maculis
720 1311 823 1394 hanc
843 1305 1003 1393 illamve
1025 1333 1175 1421 partem
1199 1301 1443 1422 deturpatam
1465 1305 1643 1396 haberet.

268 1419 417 1503 Veritm
425 1483 439 1527 ,
453 1423 521 1505 etsr
535 1419 690 1506 illatum
704 1418 946 1504 macularum
958 1445 1116 1504 exortus
1130 1421 1175 1503 srt
1188 1423 1229 1503 in
1243 1444 1335 1504 cute
1348 1429 1389 1504 ὃ(
1405 1419 1480 1504 illis
1494 1421 1643 1536 prases-

207 1534 285 1617 tim
300 1535 506 1646 contingat
520 1535 587 1644 qui
598 1562 730 1618 cutem
738 1532 938 1640 ‚utaitHi
967 1532 1226 1648 pocrates(b)‚
1241 1533 1644 1643 inpupisbahabenq

198 1641 473 1759 solfitginofizm
482 1707 498 1752 ,
517 1672 649 1731 tamen
667 1646 828 1731 evidens
847 1649 900 1730 est
920 1563 1006 1730 isat
1026 1649 1069 1728 in-
1088 1648 1302 1730 humotum
1320 1651 1419 1730 vitio
1441 1647 1645 1761 depurato-

208 1757 276 1842 rio
290 1761 496 1842 consrstere
505 1819 519 1864 ‚
535 1760 934 1873 perspirationemque
976 1761 1078 1842 otiirs
1092 1755 1210 1867 quim
1226 1785 1358 1843 cutem
1372 1763 1502 1844 vitiari
1516 1795 1524 1841 :
1536 1759 1645 1846 unde

205 1872 399 1956 &textui
413 1871 580 1954 mucoso
599 1868 796 1956 reticulari
813 1870 920 1956 labes
939 1789 1106 1956 delenda
1118 1873 1319 1983 infligitur.
1340 1870 1529 1956 Praetereb
1547 1875 1648 1958 verb

209 2008 423 2094 antequam
453 1981 505 2065 de
531 1982 666 2068 naturis
697 1985 939 2070 macularum
972 1986 1127 2066 istarum
1156 1987 1460 2176 pronuntietur,
1494 1986 1647 2074 summa

213 2125 313 2182 cura
335 2093 514 2179 habenda
541 2100 618 2203 est,
645 2099 851 2212 prasertim
874 2101 916 2180 in
937 2095 1161 2180 flavescenti
1190 2127 1235 2179 us
1257 2102 1299 2179 bt
1318 2093 1477 2203 albidis,
1500 2124 1551 2181 ne
1569 2101 1646 2211 pr'o

211 2207 382 2294 maculis
406 2208 626 2294 *habeantur
657 2210 909 2326 superficiarii
941 2212 993 2294 he
1039 2234 1155 2309 etes3
1182 2211 1273 2290 nain
1302 2206 1397 2322 sape
1426 2211 1479 2293 src
1508 2207 1651 2295 larvati
1712 2265 1715 2273 ·

212 2325 413 2434 incipiunt
423 2308 500 2406 illi.
522 2322 740 2436 Herpetica
757 2348 823 2406 aut
841 2322 1003 2405 licheno
1022 2351 1044 2403 a
1067 2323 1120 2402 est
1140 2345 1277 2403 natura
1299 2319 1540 2405 macularum
1561 2319 1653 2404 illa-

212 2463 305 2520 rum
321 2463 405 2542 quae
419 2432 515 2547 saepd
530 2460 708 2516 mentum
724 2433 918 2550 genasque
934 2431 1145 2516 mulierum
1157 2435 1275 2517 etiam
1290 2427 1391 2515 bene
1405 2432 1651 2540 valentium,

86 2623 112 2644 .,
214 2544 472 2658 exasperant,
500 2544 710 2630 &colore
742 2572 923 2651 mutato,
952 2542 1108 2628 vultum
1138 2543 1251 2628 antei
1278 2544 1548 2629 candidiorem
1605 2557 1653 2629 er

214 2685 346 2774 partes
372 2657 667 2743 commaculant
691 2689 704 2757 3
732 2657 879 2741 larvam
909 2655 1149 2741 mulierculas
1176 2679 1326 2740 vocant
1353 2654 1400 2739 ab
1431 2661 1478 2741 iis
1509 2577 1651 2742 mirbre

215 2770 526 2884 reformidamm.
558 2771 811 2882 Ceteroquin
836 2772 879 2856 in
897 2773 1065 2854 nostram
1086 2770 1286 2882 opinionis
1313 2795 1463 2885 partem
1485 2771 1657 2855 veniunt

176 2913 178 2918 ·
215 2887 461 2994 antiquiores
476 2886 644 2997 magistri
665 2888 731 2995 qui
752 2883 916 2968 maculis
933 2885 1009 2966 istis
1025 2884 1227 2995 ingentem
1251 2882 1521 2967 remediorum·
1536 2911 1656 2998 appa·

217 3025 349 3084 ratum
375 2995 608 3104 suadebant,
642 3025 692 3082 ex
721 2994 799 3080 illis
828 3026 912 3106 quae
946 2996 995 3080 ad
1022 2998 1210 3080 humores
1239 2995 1504 3081 detrudendos
1534 3021 1657 3110 atque

217 3111 481 3222 corrigendos
500 3137 587 3223 apta
605 3107 728 3193 libros
749 3107 1012 3223 complent&
1030 3107 1242 3192 methodos
1259 3107 1527 3195 medicinales.
1780 3117 1783 3126 '

277 3221 376 3306 Aliae
393 3222 556 3306 macula
572 3249 703 3332 eaeque
745 3248 934 3338 mpetum,
955 3219 1052 3306 licet
1068 3220 1279 3330 aliquandi>
1295 3222 1434 3304 sortitis
1454 3227 1655 3332 emicent,

215 3335 436 3445 aliquando
460 3339 514 3418 ita
536 3332 685 3420 debiles
704 3253 793 3419 sdnt
811 3361 855 3420 ut
873 3333 1104 3420 delitescere
1124 3333 1360 3436 videantur3
1378 3361 1431 3418 eae
1451 3335 1539 3419 sunt
1557 3366 1655 3446 quas

96 3473 105 3480 '
220 3445 435 3535 vernaculi
447 3445 580 3560 lingui
592 3448 720 3532 taclres
737 3447 782 3532 de
794 3448 883 3554 vin,
898 3444 1072 3532 maculas
1090 3449 1171 3529 vini
1186 3444 1396 3558 appellant.
1414 3445 1499 3532 Has
1513 3450 1655 3531 vitium

216 3567 268 3647 in
292 3556 496 3643 substantii
516 3563 853 3647 &efformatione
874 3565 975 3652 cutis
996 3557 1230 3642 crediderim
1247 3587 1259 3656 3
1284 3563 1376 3641 cunr
1397 3585 1450 3642 ear
1472 3586 1612 3644 omnes
1630 3557 1656 3644 i

223 3675 433 3760 nativitate
449 3698 580 3755 ortum
601 3676 780 3778 trahant,
803 3698 879 3755 nec
897 3668 995 3754 ullas
1015 3699 1188 3780 unquam
1210 3669 1397 3776 viderim,
1418 3671 1490 3752 nist·
1505 3668 1553 3754 ab
1579 3674 1661 3756 ori·

224 3791 322 3900 gine
337 3785 597 3891 &nativitate
611 3809 811 3867 connatas.
832 3782 909 3867 Eas
925 3783 1046 3898 porrb
1058 3845 1072 3890 ‚
1095 3779 1195 3866 licst
1212 3779 1387 3866 maculas
1409 3801 1580 3889 vocent,
1606 3784 1658 3868 ad

215 3912 409 3986 tumores·
423 3897 552 4011 potibs
568 3894 632 3978 abl
685 3899 844 3980 averim.
867 3894 1024 4011 Turget
1039 3900 1080 3980 in
1095 3896 1142 3980 iis
1156 3893 1295 4010 plexus
1316 3893 1500 4020 vasorum
1520 3893 1659 3979 ruber·
1754 3923 1757 3934 ’

223 4016 421 4098 rimorum
429 4073 447 4118 ‚
461 4009 564 4094 deest
580 4006 656 4093 illis
689 4013 774 4093 ocis
788 4033 917 4092 textus
933 4008 1171 4114 reticulatis,
1189 4008 1291 4092 adest
1302 4005 1511 4119 epid'ermis
1522 4006 1664 4092 tenuis·

192 4141 197 4148 “
225 4127 338 4211 srma.
363 4123 470 4206 Inter
490 4121 628 4237 plexus
645 4118 806 4204 illorum
823 4119 1005 4205 vasorum
1019 4121 1156 4206 adsunt
1171 4119 1286 4233 sape,
1306 4119 1409 4201 acini
1423 4119 1467 4200 in
1481 4137 1662 4227 rnorem,

226 4234 440 4324 tubercula
456 4239 610 4341 tenuia,
626 4234 815 4339 rotunda,
829 4237 971 4348 pariter
985 4229 1113 4316 rubra.
1125 4233 1217 4347 Nec
1234 4235 1276 4312 in
1289 4231 1335 4312 iis
1350 4229 1477 4314 forma
1496 4231 1661 4318 eadem:
1706 4229 1709 4238 ’

218 4352 323 4436 -sunt
337 4351 443 4432 enim
460 4377 544 4458 qua
561 4345 702 4430 rubent
717 4346 868 4429 intense
884 4355 926 4429 ἃ
940 4351 981 4430 in
995 4341 1168 4427 motibus
1182 4340 1409 4456 ingentibus
1418 4347 1503 4426 tirm
1516 4346 1663 4448 animi,

221 4469 320 4548 tirm
336 4459 966 4573 corporisvidenturinflammari,
979 4481 1025 4538 ut
1039 4451 1234 4567 gallorum
1248 4452 1561 4568 gallinaceorum
1570 4457 1666 4540 cris-

222 4602 300 4659 rte.
312 4569 414 4656 Aliis
427 4569 543 4654 color
557 4572 690 4654 fuscus
702 4569 950 4652 advenarum
964 4593 1215 4651 cotanearum
1232 4565 1413 4652 colorem
1429 4568 1603 4673 aceedit,
1618 4577 1667 4650 δε

233 4685 261 4776 ὲ
279 4681 458 4801 plexibus
477 4685 630 4768 venosts
647 4683 830 4768 videntur
843 4679 1039 4794 ptaecipue
1054 4681 1236 4765 conflati.
1260 4680 1363 4767 Sunt
1381 4704 1465 4793 quae
1485 4689 1669 4767 tumeant

274 4861 331 4937 (a)
352 4857 431 4922 Eust.
450 4857 574 4934 Rodios,
592 4859 638 4924 lib.
656 4887 671 4922 2
680 4909 691 4939 ,
706 4881 767 4946 cap.
779 4877 814 4932 ⁴·

277 4941 336 5022 (b)
355 4941 417 5006 Lib.
440 4949 470 5019 6,
489 4941 553 5026 aph.
571 4959 617 5020 η,
