4292 5904
490 395 571 486 628
907 385 1037 478 'DE
1102 381 1466 502 MO'RBIS

488 561 610 644 dirici.
635 556 800 640 Norunt'
816 552 857 637 id
875 551 1068 668 praecipue
1087 559 1282 669 puerpera
1300 583 1394 665 quas
1414 547 1544 667 partbs
1564 545 1731 632 dolores·
1745 545 1931 634 incantas

489 675 728 786 opprimunt.
768 668 926 750 Etenim
958 669 1041 780 post
1070 673 1221 780 perasla
1252 667 1380 780 parnis
1411 691 1618 777 tempora,
1649 659 1719 744 ubi
1749 664 1928 776 primiani·

489 814 537 870 ca
564 810 608 866 ut
632 777 842 864 avinculis
868 776 1047 886 solvunt,
1074 780 1184 890 quod
1204 780 1330 863 fuerat
1349 787 1392 863 &r
1408 779 1577 891 pomatis
1597 777 1850 880 aromaticis,
1877 783 1926 859 &

489 805 629 1007 inbgni
646 891 816 1008 pulveris
841 894 964 1005 cyprii
986 888 1096 976 mole
1119 894 1320 998 onustum,
1349 892 1451 976 odor
1469 889 1561 974 inde
1581 886 1740 972 exhalat
1759 888 1924 994 acidus,

440 1059 443 1067 ·
488 1005 625 1122 capilli
644 1005 745 1088 adeb
766 1001 896 1087 dilsoi
919 1004 1131 1111 diffluunt,
1156 1013 1198 1088 bt
1216 1005 1312 1120 saepe
1332 1035 1425 1088 cum
1439 1003 1598 1117 ingenti
1617 1003 1769 1116 'pruritu
1792 987 1927 1084 oriun-

491 1147 555 1204 tur
584 1115 739 1230 pustulae
775 1147 869 1225 quas
903 1117 996 1201 ideb
1031 1117 1171 1201 latteas
1205 1117 1431 1232 apellant,
1464 1114 1573 1226 qubd
1603 1116 1793 1199 humores
1823 1111 1924 1198 lasse

489 1229 631 1315 imbuti
667 1229 985 1342 suppurationem
1017 1150 1295 1313 antumrnolo
1326 1228 1489 1313 laneam
1522 1230 1737 1341 concipere
1767 1227 1926 1344 possint.

490 1347 568 1448 At,
594 1340 690 1426 licet
717 1339 824 1425 hisce
841 1344 883 1425 in
903 1341 1051 1426 casibus
1073 1371 1133 1428 res
1156 1343 1379 1452 evidentior
1397 1367 1599 1456 appareat,
1622 1367 1756 1424 tamen
1778 1346 1819 1425 in
1838 1370 1926 1423 om·

491 1453 606 1538 nibus
633 1457 752 1538 etiam
780 1455 904 1560 viris,
933 1458 1016 1538 imb
1042 1481 1135 1540 cute
1163 1457 1312 1541 duriori
1334 1457 1522 1560 donatis,
1544 1451 1567 1537 b
1593 1449 1775 1565 aeglesist
1801 1451 1924 1568 capil-

490 1565 624 1678 lorum
649 1565 772 1650 curai-
788 1566 997 1651 nascuntur
1027 1567 1207 1682 pustula,
1238 1571 1367 1652 crustae
1396 1567 1603 1671 duriores,
1631 1568 1803 1677 pruritus
1828 1568 1926 1651 varii

493 1682 683 1792 generis,
722 1680 804 1762 imo
847 1681 977 1764 forsan
1017 1691 1058 1766 bt
1094 1681 1245 1766 locales
1268 1680 1561 1789 tantummodi>
1594 1681 1789 1791 herpetes.
1824 1677 1927 1763 Hac

492 1790 597 1874 mala
623 1793 742 1874 rarius
769 1787 875 1877 cert'b
904 1797 950 1877 iis
978 1795 1165 1880 accidunt
1190 1798 1257 1906 qui
1284 1821 1402 1908 caput
1424 1792 1491 1878 vel
1518 1821 1568 1876 ex
1593 1793 1768 1875 instituto
1799 1791 1926 1876 rasum

395 2004 402 2013 Ι
468 1913 614 2013 satque
638 1904 786 1985 nudum
811 1933 974 2016 gerunt,
1000 1905 1134 1992 veliis
1160 1912 1229 2018 qui
1250 1910 1401 2011 fielitias
1426 1936 1563 1990 comas
1590 1931 1753 2018 gerunt,
1783 1903 1925 2015 quibus

495 2013 592 2100 licet
613 2043 676 2098 eas
701 2042 919 2122 renovare,
948 2045 1023 2100 nec
1051 2045 1225 2102 veterem
1253 2021 1572 2134 perspirationcm
1598 2046 1712 2100 novae
1737 2017 1925 2132 superpo-

494 2155 603 2210 nere.
631 2124 757 2208 Nulla
781 2126 932 2212 scilicet
951 2133 992 2212 in
1014 2156 1102 2214 tuto
1126 2160 1296 2245 corpore
1316 2135 1416 2215 cutis
1436 2130 1691 2214 abundantius
1714 2130 1919 2242 perspirat,

493 2239 946 2324 imb&moment0sum
960 2247 1084 2356 magis
1098 2269 1394 2327 excrementum
1408 2243 1579 2328 exhalat.
1590 2241 1806 2327 Periculum
1818 2241 1918 2354 illud
1975 2325 1979 2332 ,

495 2352 615 2434 etiam
642 2349 792 2434 summe
818 2355 1035 2438 notandum
1060 2357 1176 2439 estin
1199 2357 1268 2440 usu
1291 2359 1520 2470 topicorum
1543 2357 1856 2468 adstringendum
1880 2363 1925 2439 bt

423 2531 426 2538 .
495 2464 726 2548 siccantium
738 2491 821 2572 quae
838 2469 931 2549 utin
945 2466 1060 2552 causst
1073 2467 1196 2552 locali
1209 2496 1376 2582 urgente
1392 2468 1809 2578 adhiberenturquivis
1821 2465 1928 2551 facil·

479 2573 591 2658 ‘lime
618 2575 881 2662 induceretur.
912 2582 1020 2662 Nam
1059 2583 1378 2696 perspirationem
1407 2585 1508 2667 cutis
1538 2579 1727 2696 capillatae
1763 2585 1927 2664 nimiirm

495 2686 707 2801 praepedire
726 2688 925 2801 piaculum
945 2693 1075 2794 soret,
1099 2696 1126 2776 sr
1148 2722 1280 2778 tamen
1297 2696 1409 2779 causa
1428 2693 1571 2778 localis
1582 2695 1844 2779 demonstrata
1859 2695 1926 2802 stt,

496 2800 674 2912 proderit
690 2827 808 2995 caput
821 2802 947 2886 rasum
969 2807 1011 2887 in
1032 2811 1182 2920 pruritu
1205 2813 1245 2891 ὃ(
1268 2806 1426 2922 pustulis
1445 2807 1600 2893 servare
1613 2805 1927 2914 mundiffimum,

496 2918 582 2994 tbm
610 2911 728 2995 secun
758 2913 824 2996 tim
851 2919 1102 3028 antiquorum
1131 2927 1322 3035 praecept'a
1348 2945 1463 3004 aceto
1493 2921 1724 3034 detergere,
1755 2923 1823 3003 cui
1848 2950 1928 3004 non

384 3075 387 3082 ,
496 3024 577 3124 fine
591 3022 715 3106 fruou
731 3034 970 3114 recentiores
985 3031 1159 3143 spiritum
1172 3035 1254 3118 vini
1270 3027 1516 3118 mirificatum
1531 3032 1783 3139 substituunt,
1801 3031 1927 3148 posteb

496 3133 591 3328 loga
616 3132 823 3243 ulcerosa,
847 3168 914 3226 aut
939 3147 1150 3255 prurientia
1178 3144 1476 3230 absorbentibus
1500 3172 1662 3260 tegere,
1693 3155 1740 3232 ¹ut
1765 3151 1928 3231 cicatrix

498 3275 539 3332 tn
570 3273 719 3330 ucatur.
987 3295 990 3302 ·

556 3358 639 3442 Sed
653 3357 764 3442 simul
780 3359 894 3444 caute
910 3315 1197 3472 incedendum,
1215 3397 1264 3452 ne
1283 3398 1357 3452 nos
1377 3369 1569 3484 diagnosrs
1590 3367 1710 3454 sallat.
1723 3363 1928 3482 ‘Adebque

499 3474 543 3556 ὃ(
570 3497 696 3610 partes
723 3476 875 3556 aurium
896 3479 1126 3590 posteriores
1147 3478 1281 3595 sapibs
1295 3483 1542 3597 inspicienda
1564 3513 1610 3566 ac
1631 3480 1860 3590 lustranda,
1881 3515 1928 3569 an

499 3611 584 3668 uon
608 3613 629 3666 a
653 3569 807 3697 repulso
830 3589 999 3682 humore
1019 3593 1305 3698 intumescant,
1332 3625 1381 3678 an
1403 3627 1486 3679 non
1506 3594 1599 3679 inde
1620 3598 1767 3678 humor
1793 3597 1928 3708 aliquis
2027 3650 2037 3658 -
2113 3583 2114 3656 l

502 3691 684 3799 exhalet,
711 3717 764 3778 an¹
782 3727 865 3782 non
888 3700 1047 3786 surditas
1072 3706 1259 3816 ingruat?
1282 3709 1390 3790 Nam
1412 3711 1589 3818 quamuis
1609 3707 1717 3790 nulla
1739 3711 1786 3793 lit
1811 3715 1928 3794 exha-

498 3803 609 3890 landi
629 3805 677 3896 ab
701 3810 949 3896 interioribus
965 3813 1014 3896 ad
1032 3820 1227 3902 exteriora
1247 3822 1334 3926 via,
1356 3849 1486 3904 tamen
1508 3823 1647 3902 mirum
1669 3823 1722 3904 est
1743 3815 1928 3932 quantiam

472 3937 475 3944 ’
500 3945 630 4114 Karrea
654 3922 810 4005 interna
831 3926 970 4037 capitis
996 3957 1088 4010 curn
1113 3929 1371 4016 exterioribus
1393 3933 1659 4040 consentiant,
1691 3940 1735 4016 δι
1767 3932 1928 4019 alternas

533 4060 717 4114 umorum
742 4036 819 4117 hbe
829 4097 843 4143 ,
867 4065 933 4121 aut
952 4036 1049 4122 illuc
1069 4039 1289 4134 delatorum
1309 4049 1417 4130 vices
1445 4049 1651 4158 accipiant.
1678 4046 1797 4129 Unde
1815 4050 1929 4130 etiarn

494 4145 545 4272 ,in
578 4144 827 4230 interioribus
859 4153 1000 4264 ,capitis
1028 4153 1228 4240 affeffibus
1255 4161 1372 4240 toties
1400 4157 1549 4269 profuit
1573 4183 1733 4240 externa
1759 4161 1928 4244 vesrcan·

499 4251 607 4362 ,ttbus
629 4259 789 4342 irritare.
816 4259 926 4345 Hinc
954 4267 1071 4349 ctiam
1097 4271 1251 4351 irritatis
1275 4267 1353 4354 illis
1374 4267 1632 4354 exterioribus
1660 4273 1800 4382 capitis
1829 4275 1928 4356 inte·

504 4371 729 4493 gummis,
755 4374 1089 4487 toties'patotides
1100 4441 1114 4485 ,
1135 4407 1201 4464 aut
1219 4379 1411 4494 glandula
1430 4380 1676 4495 lymphatica
1698 4382 1929 4494 occipitalet

495 4475 700 4604 inflantur.
726 4485 835 4593 ¹Quat
868 4490 1027 4595 quidem
1054 4491 1095 4573 in
1119 4498 1247 4604 pueris
1297 4492 1542 4578 landulatum
1562 4493 1791 4576 tumefaoio
1812 4523 1929 4608 erup-

504 4604 751 4718 tloneswmox
773 4599 955 4684 affuturas
977 4602 1199 4709 denuntiat,
1226 4525 1509 4717 solvunturque
1532 4602 1724 4720 glandula
1745 4635 1831 4715 quae
1851 4637 1928 4691 ma-

505 4699 612 4784 xime
640 4731 856 4792 inveterata
882 4713 1114 4800 videbantur
1139 4746 1208 4831 per
1235 4718 1384 4833 largam
1411 4747 1528 4830 atque
1554 4717 1781 4802 affluentem

384 4947 389 4958 ,
469 4823 472 4830 '
502 4809 631 4900 larum
653 4821 913 4932 eruptionem.
931 4826 1016 4960 'Illa
1032 4833 1154 4946 porro
1173 4829 1241 4920 vel
1253 4831 1442 4926 leviffima
1459 4722 1929 4946 glandularuminsabsb:
