4188 5916
485 359 571 448 '390
928 337 1035 424 DE
1105 325 1469 424 MORBIS
1572 443 1577 448 1

486 499 576 586 tulae
588 562 602 607 ,
629 499 757 584 minus
779 500 820 583 in
846 496 1040 585 debilibus
1065 508 1106 586 dt
1130 493 1361 587 macilentis.
1383 497 1727 585 Indiscriminatim
1752 497 1911 612 quidem
2027 551 2029 556 ·

487 612 645 728 pustulis
660 611 736 697 illis
749 639 887 694 omnes
905 640 977 695 cot
1006 615 1084 698 oris
1102 615 1261 699 humani
1275 640 1402 728 partes
1418 612 1526 723 eque
1541 638 1696 726 patent,
1710 613 1777 698 sed
1793 609 1912 720 majo·

487 755 569 831 res,
589 735 632 810 dc
649 753 839 828 numero,
860 731 902 806 bt
915 644 1118 810 voldmine
1131 729 1315 841 inguina,
1334 723 1689 840 pudenda‚.axillas
1709 732 1750 808 bt
1769 726 1911 811 faciem

489 864 700 953 occupant.
728 834 807 918 Ubi
835 839 1314 946 numerosaeuoccurrunn
1340 834 1465 951 vulgb
1487 839 1659 921 minores
1685 838 1775 921 sunt
1794 835 1911 922 volu·

487 955 617 1055 mine,
640 950 744 1059 quast
764 979 868 1032 nunc
888 979 936 1063 ag
965 949 1039 1033 esti
1060 959 1101 1034 lit
1118 947 1364 1035 accumulati
1381 952 1563 1056 materie,
1586 980 1693 1034 nunc
1714 949 1855 1033 contri
1872 957 1910 1035 in

485 1066 608 1152 varias
625 1087 752 1175 partes
770 1061 977 1176 dispertita.
999 1060 1169 1148 Morbus
1186 1066 1228 1148 in
1243 1065 1495 1148 incrementis
1511 1062 1714 1148 diuturnus
1731 1063 1910 1169 videtur,

485 1204 617 1259 tamen
634 1177 742 1260 statas
765 1175 952 1288 periodos
965 1174 1140 1282 obtinet,
1160 1181 1215 1260 ita
1229 1203 1273 1259 ut
1285 1173 1438 1260 dubitet
1452 1173 1517 1260 Cl.
1531 1173 1761 1260 obseruator
1779 1205 1915 1258 annon

486 1287 556 1376 libi
572 1286 725 1371 relidus
742 1286 863 1371 sanari
882 1289 1008 1402 pollet
1028 1290 1170 1402 perse,
1190 1286 1519 1373 marcescentibus
1538 1285 1725 1402 pustulis?
1746 1289 1812 1370 An
1831 1317 1910 1372 non

487 1399 628 1484 contri
651 1427 868 1484 verteretur
897 1403 939 1484 in
968 1400 1102 1500 ulcera
1133 1401 1441 1516 phagaedenicai
1466 1403 1532 1484 cui
1570 1401 1731 1510 quidem
1766 1397 1909 1484 ultimo

485 1515 626 1604 asserto
649 1516 699 1596 eb
720 1516 841 1626 magis
865 1543 1002 1598 manus
1018 1514 1193 1600 dederim
1212 1514 1320 1625 qubd
1339 1516 1379 1596 in
1401 1511 1738 1599 observationibus
1757 1509 1809 1594 ab
1826 1515 1910 1627 ipso

397 1721 401 1732 ,
486 1625 615 1730 relatis
647 1621 787 1712 mulier
815 1631 879 1726 An
908 1623 987 1711 lica
1015 1626 1198 1739 neglesio
1230 1625 1374 1712 morbo
1405 1653 1524 1736 quem
1549 1623 1571 1708 *a
1598 1629 1739 1710 marito
1770 1625 1909 1738 nigriti

452 1792 455 1801 ·
487 1765 762 1843 contraxerat,
790 1737 837 1822 ea
864 1657 1044 1826 ulcerum
1065 1739 1243 1825 foeditate
1262 1737 1498 1824 laboraverit
1514 1732 1590 1850 qual
1609 1737 1769 1824 'tandem
1785 1765 1909 1822 oecu-

485 1850 572 1938 buit
593 1852 794 1963 phthisrca.
1355 1913 1358 1920 .

498 2043 503 2050 .
541 1965 633 2047 Nec
659 1963 746 2046 rard
772 1961 875 2076 apud
900 1991 983 2047 nos*
1001 1965 1043 2048 in
1071 1962 1261 2080 portubus
1291 1961 1427 2048 srmilia
1451 1961 1706 2050 observantur
1729 1959 1908 2048 ulcerab

486 2074 668 2190 negleslo
690 2077 770 2159 hoc
785 2072 892 2160 malo
912 2076 1098 2183 oriunda,
1116 2080 1182 2164 cui
1198 2076 1358 2188 quidem
1379 2074 1485 2160 malo
1500 2079 1804 2164 communicatis
1820 2103 1909 2160 curn

487 2187 553 2272 Cl.
574 2186 727 2296 Maffey
742 2184 915 2274 consrliis
935 2189 1083 2274 mederi
1104 2193 1285 2302 contigit.
1313 2188 1428 2274 Unde
1443 2186 1605 2272 morbus
1624 2190 1692 2274 hic
1707 2215 1791 2272 non
1809 2216 1909 2270 con·

486 2301 659 2415 tagiosus
679 2298 806 2383 solbm
819 2363 832 2404 ,
855 2305 982 2410 &qui
1004 2305 1145 2386 intimo
1169 2303 1417 2386 commercio
1441 2331 1535 2384 cum
1559 2329 1610 2384 eo
1631 2301 1778 2386 affertis
1802 2329 1908 2382 com-

464 2416 732 2516 muniretur,
760 2412 826 2499 sed
854 2415 888 2496 sr‘
907 2411 1155 2529 negligatur,
1186 2411 1429 2529 periculosus
1453 2412 1587 2500 videri·
1608 2415 1760 2528 potest‚
1787 2441 1907 2524 quan-

486 2555 603 2634 quam
628 2528 815 2607 harumce
834 2523 1152 2611 observationum
1180 2532 1316 2610 auttor
1337 2555 1555 2640 anonymus
1582 2521 1813 2609 recentibus
1825 2523 1908 2638 pus-

337 2625 342 2632 ’
462 2747 464 2750 Ι
483 2635 576 2720 tulis
601 2636 688 2720 satis
713 2635 872 2733 facilem
896 2638 1085 2752 spondeat
1108 2640 1366 2724 curationem.
1395 2639 1476 2723 Sed
1498 2625 1715 2754 srperfesb
1735 2635 1805 2718 illa
1826 2665 1910 2718 non

483 2749 601 2834 fuerit
627 2758 667 2833 bt
693 2751 798 2858 quast
823 2748 924 2833 ultrb
952 2755 1086 2834 omnia
1112 2751 1204 2836 mali
1225 2754 1492 2866 phoenomena
1516 2777 1588 2865 per
1609 2775 1728 2834 artem
1746 2748 1909 2832 doslam

511 2861 686 2967 rotensa,
706 2887 932 2946 metuuntur
944 2865 1135 2951 recidivat.
1151 2867 1258 2950 Nam
1271 2862 1469 2974 alioquin,
1485 2891 1530 2954 ut
1542 2865 1591 2945 in·
1601 2859 1782 2945 omnibus
1797 2889 1911 2944 mor-

483 2891 544 3057 bis
566 2974 801 3086 contagiosts
827 2973 1075 3082 observatur,
1098 2982 1165 3088 qui
1179 2973 1301 3060 semel
1314 2973 1381 3059 lue
1400 2974 1474 3059 haic
1494 2977 1611 3058 fuerit
1628 2999 1847 3088 occupatus
1867 2981 1912 3056 dc

482 3083 651 3202 persedd
676 3085 860 3172 liberatus
888 3086 1113 3196 sanatione,
1145 3089 1194 3176 ab
1210 3085 1256 3172 ed
1278 3091 1409 3204 postea
1425 3091 1533 3176 vivet
1554 3089 1765 3192 immunis,
1793 3111 1910 3169 carte-

481 3197 611 3330 risquq
646 3206 830 3310 tanquim
865 3201 991 3285 custos
1031 3209 1073 3288 bt
1113 3203 1493 3297 medicamentorrmr
1529 3197 1748 3315 applicatos
1784 3194 1912 3282 adesse

512 3336 640 3394 oterrt.
763 3377 766 3386 .
1058 3335 1065 3344 ·

482 3340 509 3425 p
539 3422 651 3536 saepe
671 3426 817 3510 caretis
831 3423 1051 3512 tumoribus
1066 3426 1194 3512 nribus
1210 3424 1401 3510 volumen
1420 3425 1567 3540 adeptis
1590 3451 1697 3512 extat
1716 3432 1761 3512 dt
1779 3424 1911 3540 supet·

482 3537 630 3620 eminet
641 3565 740 3624 unus
750 3597 764 3638 ,
782 3536 989 3649 grandior,
1007 3547 1050 3628 bt
1066 3537 1162 3652 sape
1173 3539 1221 3626 ad
1234 3535 1393 3652 pollicis
1408 3537 1640 3624 diametrum
1654 3537 1908 3653 superexten-

480 3645 542 3732 sus
561 3679 573 3746 ;
593 3644 703 3733 nulla
716 3672 849 3732 tamen
863 3648 938 3734 alia
959 3654 1227 3765 phoenomena
1246 3651 1364 3738 offert
1382 3648 1499 3759 qu‘am
1548 3681 1605 3736 uae
1627 3655 1670 3736 in
1688 3651 1910 3736 minoribus

481 3756 678 3874 apparens.
696 3757 802 3842 Caro
814 3759 1013 3870 granulata
1028 3773 1069 3850 dt
1084 3766 1187 3876 quast
1203 3762 1397 3850 cellularis
1407 3825 1421 3868 ‚
1439 3679 1585 3846 morlo
1594 3791 1732 3848 curato
1752 3791 1909 3866 tamen,

509 3875 647 3987 ropriis
671 3869 817 3958 uiribus
842 3869 956 3958 alitur
982 3875 1292 3990 &superficiem
1313 3878 1413 3964 eutis
1440 3874 1553 3987 fungi
1576 3876 1627 3962 ad
1649 3877 1762 3963 instar
1784 3880 1911 3962 vitiat.

524 4014 602 4069 unc
623 3982 756 4070 frustra
780 4009 824 4069 ut
845 3985 996 4098 srgnum
1019 3991 1236 4100 pervicacis
1256 3987 1350 4076 mali
1369 3985 1577 4094 habueris,
1604 3987 1685 4074 leni
1706 3988 1913 4076 escharro-

481 4097 585 4199 rico,
602 4101 748 4182 caeteris
772 4095 933 4202 sanatis,
951 4097 1123 4204 decidit,
1147 4109 1187 4186 dt
1212 4102 1373 4188 cicatrix
1393 4098 1510 4188 facile
1531 4100 1743 4186 inducitur.

536 4207 748 4319 Diagnosrs
766 4206 879 4316 hujus
894 4210 1047 4317 morbi,
1071 4239 1116 4298 ut
1132 4219 1175 4298 bt
1190 4239 1420 4301 ceterorum
1435 4211 1517 4303 fere
1536 4218 1715 4302 omnium
1739 4212 1913 4300 morbo-

482 4322 924 4427 rumcutaneorum,ab
940 4324 986 4410 as
1029 4327 1092 4412 tlu
1128 4325 1916 4440 ender,&visudepreirenditur.Vetbm

480 4425 550 4510 ubi
563 4428 758 4516 ulceribus
773 4434 927 4546 pustulae
942 4436 971 4519 il
988 4469 1016 4520 a
1030 4355 1227 4522 foedantur
1239 4465 1356 4547 atque
1371 4437 1699 4546 commiscentur,
1718 4468 1919 4554 magnum

480 4541 698 4650 periculum
712 4549 785 4650 eli,
802 4572 852 4629 ne
863 4575 935 4658 pro
948 4549 1091 4638 morbo
1108 4579 1281 4640 venereo
1292 4547 1522 4638 habeantur.
1539 4551 1668 4661 Quod
1679 4551 1849 4664 quidem
1860 4556 1917 4636 eo

480 4647 745 4738 difficiliorem
771 4655 914 4769 praebet
937 4659 1179 4774 diagnosrm,
1209 4663 1317 4774 quod
1341 4690 1506 4774 uterque
1530 4665 1688 4748 affeslus
1713 4669 1915 4779 contagio

479 4765 729 4848 contrabatur
741 4771 882 4852 intimo
890 4830 905 4879 ,
920 4773 1028 4880 quod
1043 4775 1179 4862 iisdem
1198 4776 1279 4863 sere
1291 4776 1474 4863 remediis
1488 4775 1665 4887 sanetur,
1683 4777 1796 4890 quod
1810 4776 1920 4894 sape
