4250 5898
686 459 1167 554 curnuurn
1565 404 1733 579 rrr⁴

210 621 465 712 stimulandos
480 624 689 711 artificialis
702 629 887 714 urticatio
903 629 1120 744 predicata.
1139 627 1231 712 Nec
1246 623 1478 712 mechanici
1494 633 1646 712 tantum

149 805 152 814 .
213 738 454 856 spiculorum
478 740 525 821 vi»
536 767 652 852 agere
672 740 854 824 videntur
872 744 1030 848 urtice,
1056 739 1123 824 sed
1139 740 1166 822 st
1185 737 1426 822 credendum
1449 739 1642 846 Hookio‚

213 856 256 935 in
271 850 560 965 micrographii
574 851 743 957 curiosi,
762 850 909 936 habent
924 851 1021 936 folia
1036 857 1168 937 urtice
1186 861 1228 936 ὅ(
1244 849 1392 964 spicula
1404 851 1544 962 quibus
1562 839 1645 936 sese

213 967 434 1072 insinuent,
455 973 500 1048 &
519 961 668 1077 spicula
687 963 756 1047 illa
779 990 922 1049 cavum
945 963 1055 1076 quod
1073 963 1273 1084 Equorem
1289 981 1524 1047 venenatum
1543 994 1645 1047 con-

214 1080 337 1161 tineat
353 1109 369 1178 3w
388 1076 457 1160 sed
480 1105 527 1159 an
551 1076 690 1160 eadem
712 1078 759 1160 fit
779 1082 879 1162 ratio
904 1081 945 1159 in
967 1076 1051 1160 aliis
1072 1073 1238 1190 plantis,
1256 1104 1420 1185 quarum
1436 1104 1645 1174 numerum
1762 1061 1772 1082 ’

214 1191 281 1274 hic
310 1190 494 1303 prosequi
528 1188 634 1273 foret
660 1188 832 1295 inutile,
865 1188 1123 1273 dubitandum
1149 1187 1328 1293 videtur,
1359 1192 1451 1270 cinn
1477 1186 1646 1300 plurima

214 1303 301 1408 srnt,
316 1329 360 1385 ut
372 1299 473 1385 bene
487 1330 633 1385 norunt
641 1300 972 1416 pharmacopolae,
985 1307 1068 1384 tirrn
1081 1304 1181 1385 inter
1194 1302 1431 1412 vegetanda,
1445 1305 1532 1382 tum
1544 1302 1644 1382 inter

212 1413 417 1498 'rnineralia
433 1413 681 1521 arsenicaliaJ
704 1419 789 1497 titnr
808 1417 906 1498 veri>
923 1419 1041 1497 etiarn
1063 1413 1302 1528 potiffimitrn
1322 1436 1371 1495 err
1390 1409 1645 1516 animalibus,

209 1557 320 1638 quae,
343 1529 451 1610 tenui
468 1525 595 1610 solunt
614 1524 766 1641 polline
782 1527 942 1634 emiffo,
961 1549 1043 1608 non
1066 1522 1209 1609 oculos
1227 1530 1407 1630 tanturn,
1436 1523 1501 1607 sed
1526 1525 1646 1605 etiarn

208 1655 349 1725 'cutem
396 1643 516 1722 rutitu
530 1641 717 1723 afficiant.
740 1641 800 1723 Ita
822 1660 968 1722 norunt
987 1637 1127 1745 jocose
1140 1637 1305 1721 admiffo
1322 1633 1424 1718 intr'i
1445 1665 1581 1718 marrus
1602 1645 1644 1720 &t

213 1755 357 1837 fricato
368 1671 509 1836 ieviter
521 1750 711 1866 phaseolo
722 1754 963 1835 Americano
972 1813 986 1856 ,
1002 1755 1150 1865 pruritu
1164 1749 1265 1853 levi,
1285 1747 1351 1832 sed
1367 1747 1477 1831 brevi·
1489 1747 1663 1831 evenes-r

216 1892 354 1969 cente,
375 1866 498 1946 cutim
512 1863 736 1948 incendere.
756 1863 868 1948 Dum
882 1890 1018 1947 erucas
1033 1861 1219 1947 tratiabat
1236 1859 1301 1944 Cl.
1318 1861 1567 1944 Reaurnurus
1584 1887 1647 1942 ea·

206 1991 381 2086 'rumque
399 1985 440 2059 &
461 1976 697 2092 chrysalides
714 1986 755 2060 ὃ(
774 1974 1032 2086 bombycinas
1053 1970 1306 2059 sericasvtelas
1323 1971 1549 2076 evolveret,
1570 1974 1648 2054 mi-

214 2090 377 2203 rumipsr
392 2088 517 2176 visum
531 2090 605 2171 fuit
619 2087 830 2172 oculorum
841 2097 882 2172 ὁ(
897 2086 1197 2170 nariumardore
1211 2079 1404 2190 laborare,
1422 2084 1646 2193 fortemque

212 2205 532 2286 sternutationem
561 2199 682 2307 elici,
711 2202 805 2298 ditm
834 2201 1036 2314 prlaeseutes
1058 2199 1218 2281 faeminae
1247 2194 1421 2302 collum,
1452 2221 1496 2279 ut
1523 2199 1647 2280 morie

214 2318 296 2418 est,
318 2314 556 2397 denudatum
578 2309 729 2426 papulis
752 2311 914 2427 pienum
936 2309 1137 2392 haberent.

205 2439 210 2450 '
274 2425 395 2507 Certe
418 2429 498 2506 haec
521 2429 656 2506 omnia
673 2450 795 2534 agunt
812 2425 853 2506 vi
872 2419 1105 2505 mechanici
1125 2428 1166 2503 ὃ(
1188 2417 1328 2504 leviter
1347 2415 1512 2502 caustica
1522 2479 1537 2522 ,
1564 2441 1648 2528 quae
1729 2491 1733 2504 ,
1777 2429 1781 2440 ’

208 2552 288 2651 'per
304 2535 527 2650 praesentem
544 2534 696 2648 semper
711 2538 753 2615 in
767 2561 860 2617 cute
875 2560 1081 2616 mucorem
1096 2535 1136 2614 in
1150 2534 1345 2614 aeiionem
1360 2533 1468 2633 aeta,
1496 2557 1648 2613 cuneo-

216 2679 305 2733 rum
328 2675 463 2752 more,
487 2647 566 2734 sese
590 2647 780 2750 insinuat,
800 2655 940 2730 &non
956 2643 1087 2726 altiirt
1115 2647 1256 2786 ungit,
1279 2647 1369 2750 quia
1389 2645 1430 2722 in
1453 2639 1536 2752 ipsit
1555 2670 1648 2725 cure

214 2765 319 2876 perit
348 2757 428 2866 ejus
461 2773 638 2872 pungens
667 2758 874 2864 efficacia,
907 2755 930 2839 it
960 2675 1185 2839 solidiiiima
1214 2752 1328 2838 simul
1356 2759 1398 2836 δι
1431 2753 1649 2838 tenuiffimi

218 2873 329 2962 mole
356 2871 578 2985 repetenda.
677 2960 686 2981 ,
1165 2969 1175 2978 .

270 2984 438 3068 Famosa
458 2981 539 3066 erat
557 2981 659 3095 apud
680 2982 861 3091 antiquos
885 2981 1058 3066 nocendi
1075 2982 1115 3064 vi
1129 3007 1247 3064 eruca
1260 2978 1342 3093 pini
1356 3005 1473 3086 quam
1488 2979 1650 3091 pythio³

216 3103 390 3210 campum
414 3093 613 3179 vocabant
639 3104 680 3178 δε
706 3097 808 3177 inter
833 3115 984 3178 venena
1008 3092 1099 3206 lege
1122 3087 1542 3206 prohibita-habebant
1569 3095 1647 3194 (a).

216 3209 505 3318 Jonstonusque
559 3211 819 3320 yrhiocampae
847 3207 1138 3322 impressionem
1169 3225 1294 3316 aequat
1354 3205 1521 3285 uneiurae
1552 3205 1651 3286 urti-

219 3351 368 3406 carum.
398 3239 693 3432 Itapiiiatores
719 3319 925 3403 observant
952 3323 1070 3402 raiam
1095 3318 1181 3424 (b),
1207 3233 1400 3429 ipinoiPam
1423 3311 1533 3396 iilam
1563 3343 1649 3424 quoe

219 3434 346 3550 aquila
372 3435 514 3514 marina
535 3433 727 3538 Gesneri,
750 3435 830 3515 raia
851 3462 1001 3546 corpore
1016 3430 1172 3546 glabro,
1192 3427 1323 3512 aculeo
1342 3426 1454 3540 longo
1473 3427 1512 3508 in
1528 3423 1651 3538 caudri

206 3539 379 3662 'prnnatri
394 3544 546 3628 Artedii
555 3607 568 3649 ,
590 3549 766 3655 quamvis
782 3569 1000 3650 mortuam,
1016 3541 1186 3626 maxime
1204 3541 1281 3624 effe
1293 3537 1648 3642 reformidandam‚

167 3673 169 3676 ’
220 3663 311 3770 quia
322 3654 557 3766 aculeusille
567 3654 805 3739 c'audaeiCl.
816 3654 1073 3766 deSauvages
1086 3650 1268 3737 accurate
1279 3650 1650 3735 lustratusitahama·

218 3798 282 3855 tus
298 3774 477 3852 inventus
495 3769 573 3872 est,
601 3794 646 3850 ut
661 3767 814 3880 regredi
830 3776 1018 3876 nequeat,
1036 3763 1179 3874 absque
1193 3763 1399 3880 lporrendis
1415 3759 1649 3866 doloribus,

222 3875 396 3966 lacerato
413 3907 482 3992 per
496 3877 679 3964 hamulus
694 3881 860 3992 partium
877 3903 1000 3961 textu.
1017 3877 1084 3960 De
1096 3873 1358 3992 scolopendri
1372 3870 1518 3956 marini
1532 3889 1650 3981 quarn

220 3997 290 4079 ubi
317 3997 485 4108 primurn
515 3995 600 4101 quis
620 3995 821 4104 tetigerit,
852 3995 1000 4104 pruritu
1018 3990 1221 4073 mordetur
1246 4013 1362 4096 atque
1385 3986 1649 4090 -urticatione',

222 4105 381 4217 qualem
412 4104 523 4187 nasci·
548 4101 596 4183 ab
630 4102 755 4188 urrici
786 4105 949 4186 terrestri
985 4129 1125 4185 notum
1155 4103 1236 4203 est,
1263 4101 1356 4181 teste
1380 4094 1544 4178 AEliano
1568 4103 1650 4202 (c),

222 4250 304 4304 non
320 4220 484 4300 ornninb
501 4214 602 4326 apud
618 4221 794 4300 auerores
810 4217 978 4319 constat,
1002 4216 1094 4297 teste
1109 4211 1175 4295 Cl.
1188 4211 1472 4320 de'Sauvages·‚
1491 4208 1562 4291 loc.
1584 4209 1650 4292 cir.

277 4333 389 4414 Patet
416 4329 507 4412 inde
531 4331 572 4408 in
596 4326 757 4440 plantis,
787 4329 853 4410 seu
881 4323 1109 4418 animalibus
1131 4320 1323 4406 venenati
1347 4324 1499 4404 afflone
1526 4321 1652 4402 cutim

223 4438 526 4555 attingentibus,
542 4439 743 4552 duplicem
757 4437 898 4551 agendi
908 4447 1088 4520 normam
1098 4435 1174 4520 effe
1184 4431 1552 4547 distirrguendam.A
1609 4455 1652 4512 nt

227 4560 335 4639 enirn
359 4549 433 4634 alia
451 4553 656 4665 pugionis,
675 4554 742 4636 seu
760 4553 851 4634 acius
867 4575 1008 4656 more,
1030 4547 1104 4632 alia
1120 4547 1286 4658 liquoris
1303 4546 1460 4630 caustici
1474 4546 1547 4628 titu
1566 4573 1592 4625 ο
1610 4549 1653 4625 &

265 4763 324 4834 (a)
344 4761 455 4842 Digtst·
472 4758 519 4820 lib·
535 4765 572 4836 48
584 4811 592 4838 ,
606 4763 640 4824 ed
654 4765 746 4846 legem
763 4729 922 4822 Cerne-lietu¹
937 4759 972 4822 de
986 4758 1085 4823 ficrriis
1101 4765 1128 4820 &
1145 4747 1289 4828 veneficis,
1305 4749 1368 4839 iege
1389 4775 1425 4832 3,
1442 4757 1468 4819 5·
1490 4773 1528 4831 3·.
1553 4817 1555 4824 Α

265 4839 322 4914 (b)
343 4841 390 4902 De
411 4841 566 4922 Sauvagw,
584 4848 639 4909 loc.
656 4847 703 4907 cit.
717 4863 780 4928 pag.
798 4859 866 4912 107·

257 4927 322 5000 .(c)
344 4919 406 4983 Lib.
424 4937 461 4997 7,
480 4937 539 5007 etp.
555 4941 602 5005 35.

1278 4937 1438 5082 *Aah
1463 4989 1490 5100 ij
