4226 5916
605 435 1177 525 -cuntuara
1545 473 1625 550 w.

198 597 241 684 in
266 606 349 688 hoc
377 601 523 687 morbo
554 601 675 716 ipsam
705 602 951 717 frigidiorem
980 601 1069 686 else.
1105 602 1157 712 sis
1182 598 1250 683 ubi
1278 599 1356 707 jam
1384 601 1629 717 phlogoseos

200 744 375 800 remotus
396 719 470 800 erit
490 745 641 820 metus,
664 743 759 804 tunc
785 717 1002 832 saponacea
1027 711 1194 798 alcalina
1222 711 1360 798 licebit
1385 716 1599 804 admovere
1611 781 1628 826 ‚

198 835 242 911 dt
260 829 437 943 proderit
456 833 579 914 cutim
596 827 737 915 leniter
753 830 899 944 sapone
919 825 1170 942 amygdalino
1193 829 1383 940 primam,
1404 827 1495 912 dein
1522 860 1629 914 com-

197 946 309 1030 muni
340 942 482 1028 leviter
515 943 705 1028 affricare.
737 943 829 1028 Nec
865 941 991 1056 dispar
1027 938 1168 1136 εέοηάἰ
1200 936 1343 1022 modus
1374 942 1415 1022 in
1444 945 1630 1029 remediis

199 1054 361 1140 internis
379 1053 623 1141 adhibendis.
640 1055 731 1140 Post
746 1055 962 1159 diluenda,
983 1062 1024 1139 &
1072 1057 1194 1137 iaetam
1210 1055 1376 1162 antiquis
1397 1053 1537 1136 didam
1558 1061 1630 1140 im.

199 1161 414 1275 becillem,
435 1199 518 1280 quae
537 1197 586 1253 ex
601 1165 754 1278 levibus
765 1233 778 1275 ‚
796 1195 840 1252 ut
858 1166 977 1252 melle
996 1175 1037 1252 dt
1057 1167 1179 1250 succo
1201 1167 1395 1249 frusluum
1413 1171 1603 1282 precipue
1614 1233 1628 1276 ‚

197 1305 318 1389 atque
344 1283 519 1366 fatinosrs
544 1280 786 1366 fermentatis
813 1283 986 1386 constat,
1014 1277 1349 1388 radicibusatque
1375 1279 1549 1364 oleribus
1573 1287 1632 1366 uri
1763 1321 1767 1326 ·

197 1400 439 1502 conveniet,
464 1423 548 1505 quae
569 1397 748 1508 aperiunt
767 1421 884 1505 atque
906 1395 1034 1478 urinas
1056 1395 1181 1478 cient.
1199 1393 1360 1476 Locum
1385 1397 1502 1476 etiam
1525 1397 1633 1478 inve·

196 1508 311 1590 nient
339 1507 590 1623 saponacea,
620 1507 805 1620 gummi,
838 1507 965 1590 resurae
980 1569 993 1610 ,
1022 1503 1155 1615 quales
1185 1507 1274 1588 sunt
1299 1509 1449 1618 gummi
1477 1535 1631 1592 ammo·

197 1622 394 1728 triacum,
425 1647 635 1736 opopanax
668 1629 709 1702 δε
744 1645 884 1704 catera
916 1605 1139 1724 hujusmodi
1176 1614 1245 1701 sub
1277 1617 1406 1702 formai
1444 1617 1631 1706 boiorum
1683 1639 1685 1646 “

197 1729 309 1849 largit
328 1733 411 1818 dost
434 1731 620 1839 adhibiti,
646 1731 787 1842 quibus
812 1729 1073 1844 adjunguntur
1091 1735 1199 1818 succi
1220 1739 1265 1815 ‘dt
1286 1736 1455 1818 extratia
1481 1759 1632 1818 taraxa-

196 1851 237 1928 ci
266 1909 284 1955 ,
330 1843 608 1958 becabungae‚
646 1844 785 1928 'trifolii
826 1848 1034 1956 aquatici,
1073 1844 1306 1929 cochleariae
1348 1854 1389 1930 &
1435 1845 1631 1934 similium.

138 1993 143 2000 ·
197 1958 332 2068 Quod
357 1962 454 2044 verb
480 1960 623 2073 speeiat
637 1958 685 2040 ad
705 1959 817 2042 usum
838 1960 1022 2042 mercurii
1044 1959 1155 2042 crudi
1174 1956 1326 2040 internd
1347 1958 1524 2072 assumpti
1549 1991 1631 2071 quo

195 2097 282 2156 tam
308 2072 478 2159 feliciter
503 2101 638 2154 cutam
667 2075 819 2185 peregit
842 2078 903 2176 (a)
931 2071 1128 2176 Curtius,
1156 2069 1281 2154 audax
1303 2071 1538 2180 methodus,
1567 2103 1634 2161 aut

197 2187 476 2302 desperatione
498 2185 707 2291 tentanda,
731 2211 797 2266 aut
818 2184 883 2297 spe
903 2182 1034 2267 salutis
1059 2181 1134 2288 jam
1162 2181 1443 2291 illucescente,
1469 2187 1635 2272 utfecit

194 2301 441 2386 doetiffimus
464 2296 663 2383 Medicus.
694 2297 738 2380 Si
767 2324 873 2380 emm
900 2296 1043 2378 efficax
1067 2297 1400 2380 medicamentum
1432 2303 1531 2382 eutis
1550 2305 1662 2388 vin«.
1700 2371 1701 2376 r
1760 2291 1763 2295 ’

154 2421 158 2441 “
194 2412 294 2498 cula
308 2441 390 2496 non
404 2411 631 2524 perrupisset
647 2437 775 2518 neque
797 2407 946 2490 abiisset
961 2407 1028 2491 illa
1044 2410 1083 2489 in
1128 2407 1292 2511 ustulas,
1313 2435 1474 2518 quantas
1496 2414 1636 2525 strages

195 2525 323 2610 edere
344 2548 509 2638 poterat.
528 2524 584 2604 At
604 2523 893 2635 incoepta-cura
917 2438 1335 2632 spem-dasat-eximio
1358 2521 1527 2606 Medico
1552 2555 1636 2610 non

195 2641 408 2723 incertam.
425 2636 526 2746 Quae
546 2635 573 2717 s1
591 2637 725 2717 omnia
737 2632 804 2718 vel
816 2661 886 2746 per
899 2631 1065 2746 pustulas
1078 2695 1090 2737 ,
1103 2633 1168 2716 vel
1187 2661 1256 2746 pet
1270 2631 1466 2739 lichenes,
1483 2634 1548 2719 vel
1566 2667 1636 2751 per

192 2752 369 2838 echoras
390 2776 523 2834 cutem
545 2745 757 2852 solverint,
781 2772 876 2829 tunc
897 2773 945 2829 ex
961 2743 1156 2830 clarissimi
1169 2748 1244 2828 viri
1258 2750 1458 2859 preceptis
1472 2746 1637 2835 salutare

195 2867 307 2969 erit,
328 2863 411 2947 imi)
441 2859 696 2946 necessarium
708 2919 720 2964 ,
749 2856 933 2942 omnibus
953 2855 1031 2964 jam
1048 2856 1148 2942 bene
1169 2855 1417 2972 patentibus,
1451 2867 1491 2944 ὃ(
1516 2893 1637 2978 vapo-

193 3006 291 3064 rum
306 2975 578 3060 admotionem
593 2971 756 3084 longam
771 2980 812 3058 δι
828 2971 1012 3056 assiduam
1027 2975 1216 3086 imperare
1225 3035 1238 3077 ,
1262 2972 1491 3083 diaetamque
1506 2972 1637 3062 levem

195 3099 246 3176 ὅ(
261 3091 580 3192 ὴυιτιεᾶαηῐειη,
607 3114 771 3196 quatum
791 3085 989 3169 diaetarum
1008 3089 1143 3198 generi
1164 3089 1402 3194 cuicumque
1424 3083 1638 3200 plutimitm

124 3299 131 3312 1
193 3203 351 3320 praestat
376 3201 487 3285 diaeta
512 3198 635 3283 lassea
656 3227 729 3312 pto
750 3201 873 3282 unico
902 3201 1006 3284 visin
1034 3200 1287 3312 imperanda,
1321 3226 1387 3282 aur
1410 3199 1548 3284 saltent
1576 3199 1637 3288 bis

195 3319 252 3402 de
273 3315 339 3398 die
361 3311 481 3400 ubera
497 3315 604 3396 afinae
624 3312 887 3396 exhaurienda
901 3337 1035 3419 erunt,
1059 3313 1215 3396 servatis
1236 3310 1411 3424 alioquin
1427 3313 1637 3400 servandis.

193 3431 299 3516 Nec
327 3455 409 3510 uno
439 3424 662 3528 cessandum
689 3453 820 3530 anno,
846 3423 913 3508 sed
970 3427 1123 3510 roeteriti
1155 3422 1321 3536 periculi
1353 3454 1507 3510 memor
1534 3457 1636 3540 aeger

158 3617 162 3626 .
192 3535 364 3653 singulis
380 3542 574 3624 autumnis
587 3536 899 3642 imminentibus,
912 3455 981 3620 ubi
999 3542 1100 3622 cutis
1116 3540 1406 3649 constringitur,
1425 3539 1636 3653 &farrago

191 3657 421 3738 humorum
441 3680 527 3736 eam
543 3647 680 3763 opplet
694 3711 708 3753 ,
725 3649 774 3732 ad
790 3646 930 3732 balnea
946 3649 1209 3734 amandandus
1225 3652 1277 3732 est
1295 3649 1639 3766 sulphureo-sapo-

193 3791 330 3850 nacea
350 3763 445 3871 illa,
470 3765 497 3846 st
518 3765 602 3846 fieti
623 3761 767 3874 possit,
789 3764 844 3844 sm
861 3763 989 3844 minias
1009 3789 1059 3846 ex
1081 3760 1181 3875 aquit
1200 3760 1340 3848 selene
1362 3763 1535 3872 fluviali,
1559 3795 1635 3850 nec

192 3874 370 3993 frigidi,
394 3903 469 3962 nec
492 3873 792 3990 pratermodiup
821 3898 992 3988 tepente.

571 4019 1259 4154 auhtentustt

698 4244 766 4330 De
794 4245 923 4364 Rugis
944 4245 1130 4355 motbtfis.

194 4357 354 4539 Pdlls
376 4468 500 4553 ruga,
523 4440 590 4525 seu
642 4439 745 4522 otiirs
764 4437 891 4546 ustae
915 4469 1047 4552 ruga,
1072 4445 1174 4524 inter
1196 4440 1360 4526 morbos
1389 4443 1637 4529 numerandas

194 4561 309 4650 sunt.
356 4553 446 4635 Imb
482 4553 586 4666 apud
668 4553 911 4664 'pocratem
947 4553 1130 4637 dicunntr
1161 4553 1366 4663 prslrllu'uuu
1390 4559 1562 4661 οφθαλμοι
1596 4564 1639 4640 dt
1722 4615 1727 4624 -

195 4671 344 4778 petitu
368 4663 561 4774 possessas
592 4695 643 4750 oc
688 4667 700 4746 i
728 4665 858 4780 mgofr
886 4722 901 4770 ,
931 4673 973 4750 &
1007 4691 1164 4750 ventres
1202 4670 1370 4781 rugosi,
1407 4697 1451 4754 ur
1480 4671 1642 4755 affesius

195 4777 435 4884 morbosus
457 4803 533 4859 nec
566 4805 614 4862 ex
648 4778 789 4866 ordine
825 4801 981 4868 natutae.
1021 4779 1160 4893 Rugas
1199 4779 1361 4869 definire
1402 4782 1541 4870 inutile
1573 4783 1643 4865 est.

245 4940 288 5014 (a
300 4935 315 5010 )
337 4931 413 4998 Lett.
430 4951 496 5017 pag.
518 4951 587 4994 rot.
