4228 5898
496 417 552 526 ,a
716 406 818 498 nn
866 395 1207 500 monnts
1264 405 1699 503 cornuam.

444 593 449 604 '
498 573 661 662 maculae
675 578 841 686 antiquis
855 573 903 659 ab
918 577 1010 686 igne
1026 573 1147 658 dinae.
1163 571 1279 658 Unde
1299 573 1493 660 summum
1508 579 1561 661 est
1573 575 1791 660 descrimen
1804 567 1923 660 hasce

497 693 599 774 inter
611 688 791 806 pustulas,
805 685 932 772 sormi
947 683 1087 770 ssmiles
1103 689 1204 771 inter
1217 687 1256 772 se
1265 751 1278 792 ,
1290 685 1312 770 i
1324 688 1443 772 causae
1458 716 1521 773 eas
1538 687 1791 803 producentis
1806 709 1921 770 natu-

498 801 539 885 ri
554 801 751 886 dissimiles
761 865 775 908 ,
792 808 885 885 ciam
904 797 985 880 aliae
1007 800 1297 914 gangrenosam
1315 801 1516 886 diathestm
1531 800 1579 884 ab
1592 800 1721 886 altiori
1731 797 1852 883 causi
1870 796 1922 886 le·
2025 831 2027 838 ’

498 913 646 1000 thalem
662 915 863 1018 indicent,
881 907 962 993 aliae
981 910 1195 998 scorbutici
1207 917 1292 996 vitii
1333 917 1477 1000 raestent
1487 915 1647 1020 indicia,
1656 911 1739 996 aliae
1760 911 1920 996 dembm

498 1027 642 1112 nuilibs
654 1028 728 1114 fint
765 1029 894 1109 rossus
909 1027 1127 1130 momenti,
1139 1032 1180 1109 bt
1193 1027 1260 1108 vix
1276 945 1397 1109 uiiam
1412 1053 1633 1112 mereantur
1646 1027 1919 1110 attentionem.

497 1139 576 1224 Eas
595 1058 767 1254 genetab
786 1139 949 1220 nomine
974 1142 1208 1218 iuvunn'bm
1232 1141 1380 1248 antiqui
1400 1140 1478 1225 dest
1507 1165 1630 1247 nant,
1660 1138 1918 1254 stpraesettim

497 1257 619 1338 nostu
634 1278 678 1335 ut
691 1247 844 1365 pustula
860 1249 941 1332 fere
960 1276 1099 1332 omnes
1117 1275 1353 1360 torqueant,
1377 1245 1464 1362 t'tste
1479 1171 1622 1336 iltuto.
1854 1243 1859 1267 ¹

552 1365 778 1449 Nascuntur
789 1358 1000 1470 aliquando
1011 1361 1059 1444 ad
1075 1365 1198 1446 cutim
1209 1361 1364 1478 pustula
1375 1393 1473 1479 pure
1487 1362 1605 1469 albo,
1625 1362 1704 1447 levi
1724 1372 1766 1447 dt
1780 1357 1919 1472 aquali

495 1475 607 1563 illico
625 1475 770 1591 plena,
790 1482 832 1560 dt
845 1469 917 1556 illo
933 1475 1055 1556 statim
1076 1472 1221 1558 satura.
1244 1475 1397 1561 Totum
1416 1479 1476 1560 his
1491 1505 1635 1589 corpus
1655 1473 1794 1588 repleri
1809 1475 1915 1560 vidi:
1938 1471 1940 1478 '

493 1590 535 1673 id
550 1587 760 1700 aliquando
779 1589 912 1672 evenit
931 1584 1001 1669 sub
1014 1583 1183 1670 febrium
1197 1591 1343 1694 finem,
1364 1594 1455 1672 ciam
1469 1585 1595 1702 longo
1611 1590 1773 1670 mactata
1789 1614 1921 1672 certa-

494 1705 602 1786 mine
621 1727 756 1786 natura
771 1727 844 1783 nec
860 1697 1100 1784 solutionem
1117 1699 1288 1807 admisit,
1318 1729 1393 1784 nec
1414 1703 1567 1806 ctistm,
1584 1727 1659 1784 nec
1676 1701 1919 1784 metastastm.

494 1813 706 1900 Aderantsr
735 1843 784 1894 na
796 1815 933 1902 critica
944 1814 1089 1916 ,urina
1101 1809 1377 1919 neb'ulas,imb
1391 1822 1433 1897 dt
1447 1813 1676 1927 hypostasim
1689 1811 1913 1920 emiserant,

494 1931 623 2012 rursbs
646 1843 799 2008 turbata
818 1926 952 2008 omnia
964 1985 980 2030 ,
1001 1952 1084 2007 non
1109 1925 1188 2008 stne
1201 1923 1387 2041 dyspnoei
1399 1988 1413 2031 ,
1430 1951 1496 2008 aut
1515 1920 1721 2008 doloribus
1746 1922 1796 2008 ad
1812 1951 1917 2008 artus
1968 1941 1976 1968 ’

496 2048 540 2123 bt
555 2038 603 2123 ad
625 2041 811 2150 inguina,
832 2037 1016 2150 capitisve
1031 2035 1333 2152 perturbatione.
1360 2040 1450 2123 Imb
1472 2046 1514 2122 dt
1537 2036 1586 2120 ad
1609 2033 1813 2150 glandulas
1842 2033 1914 2120 ali-

496 2149 655 2262 quandi)
682 2151 751 2234 visi
778 2147 910 2235 enasci
935 2167 1110 2234 tumores
1143 2154 1211 2262 qui
1237 2152 1264 2233 st
1291 2151 1399 2236 brevi
1422 2150 1739 2263 suppurationem
1763 2177 1915 2234 conce·

478 2261 635 2378 -pissent
659 2262 855 2376 parotides
884 2289 950 2346 aut
982 2259 1161 2350 bubones
1190 2263 1404 2348 effeciffent
1440 2267 1601 2350 criticos
1627 2290 1728 2371 quos
1764 2261 1915 2346 Cassius

494 2397 756 2479 arpennorum,
780 2373 985 2468 ositremont
995 2373 1167 2460 vocabat
1173 2403 1252 2481 ,eo
1267 2378 1376 2486 quod
1391 2375 1549 2466 bonna
1576 2400 1735 2489 pateant
1755 2376 1914 2475 omine,

496 2491 631 2574 omnia
646 2483 767 2572 haeci
787 2484 923 2571 naturi
939 2513 1084 2572 tentata
1105 2490 1212 2593 vidi,
1236 2519 1317 2572 non
1372 2493 1508 2574 cratia.
1534 2406 1655 2571 func
1671 2483 1747 2570 uni
1764 2489 1880 2571 nobie
1896 2545 1914 2594 ,

495 2601 638 2686 sudore
651 2603 871 2706 emicante,
895 2599 1055 2684 sednon
1096 2630 1142 2686 ro
1160 2633 1198 2684 m
1251 2517 1428 2686 nitudine
1442 2599 1571 2686 morbi
1593 2600 1838 2708 sufficiente,
1861 2625 1917 2696 at·

495 2711 736 2798 tollebantur
757 2711 932 2821 undique
955 2631 1109 2826 pustuib
1127 2631 1352 2827 pnriientae.
1370 2712 1536 2798 Scilicet
1554 2741 1624 2828 per
1638 2711 1706 2794 lon
1735 2742 1800 2794 um
1814 2713 1917 2796 intra

495 2825 585 2912 vasa
617 2823 794 2910 laborem
829 2827 1176 2934 tenuationemque
1212 2830 1380 2940 patrium
1405 2827 1594 2910 summam
1619 2743 1823 2908 videbatur
1840 2853 1915 2940 pua

495 2944 596 3022 intra
612 2937 701 3020 vasa
715 2937 940 3020 consenum
955 2936 1005 3019 ad
1024 2941 1149 3019 cutim
1172 2939 1302 3045 trudi,
1327 2965 1493 3049 eamque
1507 2936 1618 3022 bono
1632 2939 1767 3020 omine
1781 2936 1916 3021 detur·

494 3074 600 3162 pare.
631 3043 789 3128 Peraea
823 3049 908 3129 crist
940 3074 1009 3160 pet
1043 3051 1184 3161 viginti
1221 3078 1390 3160 quatuor
1419 3055 1606 3136 horarum
1637 3048 1798 3163 spatium
1830 3079 1916 3132 om-

397 3226 403 3238 .
494 3162 560 3244 nia
572 3162 613 3240 in
636 3159 798 3242 crustam
821 3155 990 3243 abibant.
1015 3157 1134 3242 Hanc
1154 3165 1272 3246 etiam
1326 3161 1533 3248 ustulatum
1553 3161 1666 3247 illico
1716 3161 1914 3246 utulenta-

494 3301 583 3356 rum
604 3273 850 3382 eruptionem
869 3272 910 3355 in
935 3271 1159 3358 secundaria
1183 3193 1341 3362 varioiit
1368 3276 1449 3361 sese
1473 3193 1756 3362 exsiccantibus
1782 3275 1914 3389 supet-

493 3387 678 3495 venieue
699 3381 809 3470 febre
840 3380 1044 3468 observate
1065 3388 1128 3469 est.
1158 3386 1316 3474 Eadem
1337 3387 1491 3503 pustula
1518 3386 1578 3474 bis
1604 3391 1723 3474 etiam
1745 3389 1914 3502 repetite

495 3523 773 3613 apparuerunt,
790 3496 894 3582 unde
913 3499 1125 3594 monstrum
1140 3497 1263 3606 illud,
1277 3527 1317 3586 at
1337 3504 1464 3588 minias
1478 3505 1648 3606 attentis,
1663 3499 1913 3613 predicatum

494 3607 732 3696 variolamm
758 3608 917 3694 varioiis
946 3610 1311 3724 supervenientium.
1338 3613 1453 3696 Maso
1482 3615 1590 3700 certi
1627 3616 1830 3698 omine&
1863 3609 1912 3699 ab

496 3719 742 3810 exuberantis
765 3720 939 3832 undique
957 3725 1060 3836 puris
1079 3723 1360 3832 redundantia,
1385 3725 1525 3812 ssmiles
1573 3724 1700 3810 ustula
1721 3753 1814 3840 pure
1858 3721 1912 3810 le·

483 3863 553 3920 nae
572 3838 613 3919 in
660 3835 858 3939 mirificis,
883 3832 961 3940 jam
985 3835 1067 3922 sere
1095 3843 1292 3924 morituris
1316 3867 1510 3954 apparent.
1540 3759 1574 3922 d
1576 3842 1691 3922 tustra
1714 3835 1783 3922 srbi
1807 3755 1914 3952 pinu·

494 3949 592 4034 dunt
617 3951 625 3969 '
662 3952 698 4054 ⁰,
717 3974 823 4031 mors
872 3945 969 4032 ulsat
993 3953 1096 4032 attia.
1117 3951 1258 4036 Prater
1273 3949 1435 4066 pustulas
1451 3949 1536 4034 illas
1553 3981 1637 4060 quae
1650 3951 1735 4063 post
1758 3951 1915 4034 inflam-

495 4064 679 4146 matorias
691 4056 843 4146 sebres'
881 4063 947 4145 'cb
965 4060 1176 4174 purulenta
1196 4094 1406 4180 apparent,
1428 4062 1509 4148 aliar
1534 4062 1673 4146 dantur
1693 4091 1775 4169 quae
1794 4067 1916 4148 etiam

496 4172 575 4256 stne
588 4172 697 4258 febre
712 4237 726 4281 ,
748 4173 816 4260 sed
834 4177 918 4291 post
936 4172 1197 4260 brevissimum
1220 4182 1481 4283 anxietatum,
1510 4184 1552 4262 dt
1566 4176 1741 4290 angustia
1757 4199 1915 4287 tempus

495 4283 824 4396 phlegmonodeae
856 4314 1068 4402 apparent,
1102 4297 1144 4374 dt
1169 4293 1253 4404 post
1283 4319 1425 4404 paucas
1449 4294 1567 4373 horas
1588 4317 1684 4403 pute
1714 4281 1914 4402 replentur

495 4405 536 4480 bt
556 4395 781 4508 turgescunt
798 4403 973 4508 aquoso,
987 4405 1094 4488 horit
1107 4404 1246 4516 viginti
1262 4429 1429 4514 quatuor
1443 4402 1606 4520 elapsis,
1631 4405 1768 4486 iterbm
1784 4401 1910 4488 exste-

495 4535 656 4614 cantur,
672 4509 924 4622 nigrescunt,
947 4521 990 4594 ot
1011 4513 1226 4621 decidunt,
1259 4514 1343 4600 aliis
1358 4515 1502 4600 eodem
1516 4542 1651 4628 tempo
1673 4541 1913 4629 eerumpen-

493 4618 626 4719 tibue3
650 4621 760 4730 quod
779 4625 919 4708 vitium
946 4624 1155 4712 infantibus
1183 4656 1424 4735 commune,
1447 4631 1488 4712 in
1514 4625 1559 4712 eb
1585 4545 1792 4740 praeiertim
1819 4631 1910 4713 anni

492 4736 717 4847 tempestate
735 4764 818 4843 qua
841 4735 926 4821 *afri
956 4763 1026 4820 ote
1051 4739 1101 4822 ad
1124 4739 1298 4825 calorem
1317 4739 1486 4848 subitum
1500 4743 1690 4846 vertitur,
1713 4737 1809 4854 saepd
1831 4771 1911 4826 rna·

495 4843 663 4934 tetculas
676 4871 820 4956 terret,
836 4849 916 4936 &s
967 4879 1033 4932 um
1050 4851 1285 4940 variolamm
1305 4881 1454 4940 nomen
1466 4852 1631 4969 usurpat.
1648 4852 1714 4938 Eae
1725 4853 1910 4940 dicuntur
