4246 5900
546 379 1290 477 rnrrooocrro.
1561 424 1616 506 75

267 537 459 626 Praeterei
490 538 646 656 pustula
673 539 747 626 illae
770 545 838 626 sun
868 542 963 630 lices
991 540 1100 629 brevi
1125 543 1290 630 decursu
1326 539 1615 658 efflorescunt,

185 681 377 770 augentur
387 718 402 760 ,
421 657 673 754 minuuntur3
689 653 754 738 vel
766 653 805 740 se
848 688 904 739 un
918 653 1128 741 nascuntur
1141 719 1156 762 ,
1171 655 1279 742 tarde
1292 657 1612 773 progrediuntur,

187 775 227 852 bt
245 769 392 851 tardius
414 771 622 852 intereunt.
637 765 734 851 Aliae
757 768 917 854 demum
968 769 1045 852 uasr
1072 773 1232 884 corpori
1252 801 1400 854 novam
1424 770 1615 860 inducant

184 880 355 962 formam
366 943 380 986 ,
406 885 571 995 perstant
591 885 878 993 incorpore&
898 801 966 1016 ipsr
981 881 1176 966 adhaerent
1192 881 1429 969 immobiles.
1457 881 1615 976 Priores

184 1019 307 1076 acutae
326 992 415 1076 sunt
431 1002 473 1078 dt
495 991 660 1078 morbos
677 991 770 1078 illos
797 1022 998 1110 eruptrvos
1019 993 1120 1078 adeo
1144 993 1317 1080 famosos
1342 999 1613 1104 constituunt;

184 1102 266 1188 aliae
285 1108 484 1190 chronica
504 1104 679 1192 dicenda
703 1104 811 1213 sunt,
832 1109 932 1192 inter
952 1137 1045 1219 quas
1068 1136 1152 1218 φιτ
1177 1107 1343 1222 perstant
1358 1115 1400 1194 dt
1417 1109 1614 1200 adhaerent

183 1209 269 1324 jure
293 1221 462 1303 civitatis
477 1221 518 1302 in
536 1248 654 1326 cute,
678 1221 781 1304 inter
798 1223 893 1306 vitia
917 1247 1072 1304 aetatum
1083 1281 1099 1325 ,
1120 1224 1354 1334 regionum,
1374 1223 1441 1306 seu
1455 1227 1611 1338 potius,

181 1358 269 1524 prro
288 1329 439 1440 verbo,
466 1335 567 1420 inter
586 1335 872 1448 intemperies,
906 1332 974 1418 seu
1007 1334 1306 1450 temperamenti
1336 1337 1432 1422 vitia
1473 1364 1613 1451 recen-3

198 1469 330 1526 entur.
1538 1497 1542 1508 ·

234 1555 350 1639 Inter
372 1581 486 1640 acuta
512 1555 751 1664 ιξαιῡηματιι
772 1551 1158 1658 senelilorescentias¹
1180 1554 1330 1644 summe
1357 1557 1530 1644 notanda
1560 1563 1614 1650 est

185 1666 322 1751 divisro
343 1665 414 1751 illa
432 1663 509 1778 qual
529 1673 672 1756 critica
687 1669 972 1784 distinguuntur
993 1665 1017 1754 ὲ
1038 1669 1361 1784 symptomaticis.
1379 1673 1542 1762 Critica.
1555 1679 1613 1762 vi-

184 1782 284 1911 tium
309 1779 486 1865 amelin
513 1812 684 1898 corpote
709 1780 940 1870 delitescens
965 1781 1208 1896 fignificant,
1239 1815 1323 1869 non
1351 1786 1406 1869 im
1436 1785 1613 1874 roditum
1653 1805 1667 1818 '

185 1891 322 2004 srgms,
344 1891 415 1976 sed
434 1892 566 2009 sapius
590 1895 709 1982 febris
731 1895 872 1980 ardore
894 1921 1044 2002 acuto,
1072 1899 1232 2010 ingente
1260 1899 1431 2012 angustia
1452 1899 1520 1984 res
1539 1903 1613 1983 ira-

184 2007 325 2112 tionis,
338 2003 463 2090 ferina
476 2007 589 2118 ruffi,
614 2013 751 2123 capitis
766 2005 999 2116 doloribus,
1013 2005 1284 2122 vertiginibus,
1304 2011 1494 2096 vomendi
1507 1931 1613 2099 iilsts

188 2116 421 2226 conatibus,
448 2117 718 2234 defignantur5
743 2151 827 2234 qua
852 2123 986 2205 omnia
1005 2119 1264 2235 symptomata
1280 2127 1488 2235 eruptione
1511 2123 1614 2212 farta

188 2229 356 2337 cessant,
381 2231 499 2317 autfi
543 2261 584 2318 er
598 2237 795 2349 integrum
811 2262 880 2318 eru
909 2235 1028 2318 tionis
1051 2231 1216 2348 spatium
1233 2231 1455 2345 subsrstant,
1471 2235 1613 2345 saltem

189 2371 276 2426 curn
305 2341 374 2446 illa
406 2263 541 2428 srnnrlP
555 2343 765 2455 destuunt,
800 2263 1065 2458 morimurque
1086 2371 1152 2430 aut
1173 2346 1353 2456 faciunt,
1390 2375 1458 2434 aut
1476 2349 1613 2436 'comi-

188 2451 335 2556 t'annrt3
357 2458 441 2565 hae,
459 2459 527 2540 nist
547 2487 605 2542 ars
619 2458 838 2543 auxiliatrix
861 2457 983 2564 adfrt,
1004 2461 1298 2544 commoritura
1317 2458 1406 2544 sunt
1418 2465 1613 2579 corpori,

191 2593 252 2652 aut
265 2572 427 2685 proprio
453 2565 576 2654 marte
596 2570 835 2656 debellanda
843 2633 857 2677 ,
870 2572 898 2654 s1
913 2573 1090 2654 coslioni
1099 2631 1114 2679 ,
1131 2575 1380 2655 maturationi
1394 2574 1611 2690 ,suppura-

188 2684 281 2766 tioni
307 2708 407 2824 apta
431 2681 588 2766 suerint.
609 2681 683 2766 Hae
705 2687 806 2768 inter
825 2705 984 2766 excreta
1002 2677 1187 2765 salutaria
1211 2685 1343 2795 potius
1360 2687 1609 2770 numeranda

188 2794 270 2878 sunt
280 2825 401 2906 quarn
411 2797 515 2880 inter
528 2791 705 2881 morbos.
725 2795 788 2880 Iis.
796 2797 902 2880 enim
921 2791 943 2876 ὲ
960 2819 1131 2908 corpore
1146 2796 1370 2878 excernitur
1383 2797 1528 2928 humor
1543 2801 1613 2914 qui

189 2905 278 2991 alibi
293 2905 491 3022 deposrtus
502 2907 635 2994 scenas
648 2900 1025 3018 faceret'aliquandb
1046 2898 1237 3018 lethales,
1258 2905 1410 3022 semper
1434 2937 1613 2998 nocrvas.

243 3019 290 3101 In
307 3018 353 3104 el
366 3049 499 3106 autem
517 3011 1096 3136 traslandddiagriostvidentur
1113 3015 1274 3104 &leves
1296 3025 1338 3106 bt
1356 3024 1495 3152 patinn
1512 3047 1611 3106 tem·

187 3135 290 3246 poris
307 3130 376 3216 stbi
397 3133 624 3248 sumpturas,
640 3165 724 3246 quae
737 3133 831 3218 dum
844 3131 1084 3239 confertim,
1106 3135 1148 3214 bt
1161 3131 1267 3242 quast
1281 3127 1482 3218 subitanei
1497 3162 1611 3250 erup-

186 3247 295 3336 tione
318 3241 432 3328 srmnl
449 3274 658 3360 apparent,
679 3247 798 3331 rosea
815 3245 903 3328 sunt
925 3252 966 3328 δι
989 3240 1071 3328 lato
1087 3270 1283 3358 exurgunt
1301 3239 1323 3326 it
1340 3243 1465 3328 fundo
1484 3307 1499 3352 ,
1526 3275 1611 3355 quae

186 3387 258 3443 nec
275 3357 460 3458 duritiem
473 3359 681 3472 praeferunt
688 3422 702 3465 ,
721 3387 796 3444 nec
812 3357 1055 3489 asperitatem
1070 3357 1153 3438 cuti
1167 3358 1410 3468 imprimunt,
1425 3384 1491 3442 aut
1504 3385 1611 3444 acre-

187 3469 275 3556 dine
295 3469 492 3554 donantur
514 3497 741 3588 pungente,
758 3465 825 3556 vel
847 3502 861 3553 1
889 3497 939 3554 ne
966 3467 1094 3554 feroci
1117 3493 1164 3551 ac
1184 3471 1394 3582 pruriente.
1411 3467 1526 3554 Idem
1545 3497 1612 3552 ex-

186 3584 418 3697 peaandum
432 3584 559 3669 smnnt
572 3615 655 3696 qna
668 3501 1039 3702 panerastiolitariae
1052 3579 1263 3694 assurgunt,
1274 3608 1349 3668 nec
1362 3583 1612 3698 eruptionem

185 3695 371 3782 differunt
383 3699 424 3778 in
443 3696 538 3782 dies.
1443 3795 1448 3806 ‚

242 3810 397 3895 Contra
416 3835 495 3892 tem
526 3811 605 3894 oris
631 3838 760 3894 moras
779 3807 928 3892 faciunt
949 3804 1177 3892 metuendas
1211 3833 1295 3916 qua
1327 3805 1466 3921 aspera
1496 3805 1611 3914 sunt,

190 3921 331 4006 scabtae
342 3987 358 4029 ,
392 3839 538 4036 rugosis
550 3986 565 4028 ,
586 3917 724 4006 sensim
747 3923 1012 4034 &eruptione
1047 3915 1153 4022 lenti
1177 3917 1358 4003 crescunt
1372 3951 1388 4022 3.
1410 3919 1497 4024 his,
1519 3923 1613 4011 cium

186 4033 316 4146 aliqua
336 4037 600 4142 conticuerit,
624 4032 754 4150 plures
791 4032 1007 4146 succedunt
1031 4031 1304 4136 indesinenter.
1329 4029 1514 4148 Longior
1538 4035 1613 4120 erit

187 4145 322 4256 labes,
346 4149 499 4254 srjnter
523 4176 770 4261 erumpentes
797 4143 962 4262 pustulas
985 4143 1128 4230 tardius
1157 4141 1252 4227 adsit
1277 4144 1465 4336 temporis
1493 4143 1612 4230 inter.⁴

188 4257 365 4368 vallum,
382 4249 457 4342 nec
472 4257 572 4345 illud
593 4257 615 4342 *a
634 4263 834 4374 paucitate
850 4257 972 4363 mali,
998 4255 1104 4342 sedi
1124 4255 1332 4337 tenacitate
1381 4259 1612 4346 umoris're-
1739 4257 1744 4268 ⁴

189 4372 405 4488 petendum
417 4371 586 4458 edoceat
597 4434 612 4478 ,
638 4369 1012 4488 aelnotamrporis
1027 4365 1206 4450 conditio
1229 4367 1450 4482 prophastm
1463 4367 1609 4468 morbo

190 4484 452 4592 denuntians,
472 4484 537 4572 vel
560 4488 661 4571 cutis
684 4485 892 4600 asperitas,
920 4477 988 4568 vel
1006 4480 1171 4593 pruritus
1182 4541 1199 4586 ,
1227 4477 1293 4565 vel
1313 4476 1392 4587 jam
1410 4508 1613 4572 enatarntn

190 4597 427 4710 pullulatum
461 4598 620 4690 durities
653 4595 785 4714 aspera
817 4601 860 4684 bt
889 4592 1035 4698 scabra.
1069 4593 1127 4678 At
1155 4593 1297 4680 certitu
1333 4592 1498 4706 pustulas
1533 4595 1610 4686 elie

192 4715 348 4820 prorsus
369 4714 577 4798 chronicas
597 4711 759 4821 nosces,
778 4740 861 4794 non
880 4711 902 4794 *a
918 4707 1063 4826 priori,
1076 4734 1122 4790 ut
1133 4695 1277 4788 schola
1292 4703 1529 4818 loquuntur,
1543 4707 1611 4794 sed

193 4819 261 4906 ubi
285 4819 365 4930 jam
394 4821 562 4939 aliquod
583 4825 806 4938 duraverint
835 4843 1016 4942 tempus,
1049 4817 1166 4938 illesi
1198 4821 1298 4906 cutis
1334 4819 1478 4910 vicinia
1489 4881 1505 4935 ,
1532 4822 1613 4934 stne

1240 4926 1333 5038 xa
