4292 5904
493 453 578 563 350
735 535 753 556 „
871 439 1475 556 ,Demetrius

496 643 580 700 non
593 611 775 721 laedenti,
790 612 1017 698 admovere.
1032 613 1182 696 Verbm
1196 615 1289 698 ciam
1304 612 1400 727 sape
1418 612 1468 695 ad
1483 607 1732 728 pubertatem
1751 611 1935 699 acceden·

495 726 600 814 tibus
623 724 770 812 malum
793 723 893 810 illud
916 725 1099 832 accidat,
1116 755 1167 810 eo
1193 726 1402 840 prasertim
1418 729 1505 812 vitae
1525 723 1646 807 stadio
1668 727 1810 834 inquo
1830 725 1932 839 lym-

495 843 573 955 pha
592 841 697 952 quasr
712 837 903 954 puerilem
923 841 1066 924 amittit
1079 837 1279 946 indolem,
1297 865 1528 950 novumque
1544 839 1782 922 carasierem
1800 845 1931 952 acqui·

494 957 573 1068 rit,
601 983 683 1065 quo
710 980 902 1068 teutpore.
916 981 967 1038 ex
990 954 1165 1060 instituto
1190 979 1333 1064 natura
1360 949 1552 1066 glandulae
1577 954 1697 1034 etiarn
1722 953 1933 1040 confertim

494 1069 678 1182 inflantur
706 1075 749 1151 dt
775 1093 837 1174 tur
867 1092 908 1152 et
937 1067 1186 1177 indequaque
1213 1069 1425 1173 materies,
1451 1065 1536 1180 spes
1565 1067 1685 1176 etiam
1712 1067 1766 1149 est
1799 1067 1931 1178 quod,

493 1205 676 1295 tempore
695 1183 818 1266 hoce
851 1180 1279 1286 edessensis-exacto,
1329 1183 1502 1264 ristinum
1523 1176 1781 1290 aequilibrium
1805 1185 1934 1266 omnia

495 1291 811 1408 recupeta'tbunt3
836 1303 878 1379 ὅ(
897 1296 924 1377 st
944 1292 1052 1378 labio
1072 1321 1190 1404 atque
1212 1212 1367 1378 nautius
1390 1291 1538 1404 aliquid
1555 1291 1747 1392 crassioris
1765 1300 1807 1376 ὃ(
1827 1295 1933 1406 gros·

429 1471 435 1478 .
495 1407 605 1492 storis
634 1406 832 1522 superfit,
860 1434 994 1494 tamen
1021 1411 1151 1493 omnis
1178 1406 1344 1494 tolletur
1368 1407 1627 1512 deformitas,
1658 1412 1700 1488 ὃ(
1728 1410 1864 1490 omnia
1886 1435 1932 1492 ex

495 1521 669 1605 instituto
692 1548 836 1606 natura
859 1550 951 1638 pera
979 1547 1106 1607 entur.
1131 1520 1261 1633 Quod
1281 1523 1435 1606 eximiis
1456 1515 1797 1604 observationibus
1823 1548 1932 1603 com-

495 1631 680 1748 probavit
694 1638 860 1720 eximius
877 1635 931 1722 R.
991 1632 1108 1744 ullel,
1135 1633 1311 1750 Anglus,
1337 1636 1405 1745 qui
1428 1630 1573 1724 dehic
1593 1630 1674 1744 lym
1705 1633 1764 1714 hae
1785 1635 1932 1747 turges-

495 1743 626 1832 centii
654 1756 695 1832 ὅ(
719 1751 761 1832 in
779 1753 903 1834 varias
923 1776 1051 1863 partes
1068 1747 1257 1834 decubitu
1280 1746 1410 1864 plures
1431 1745 1626 1860 congessit
1640 1662 1931 1847 observationes

493 1858 733 1974 sagacissime
763 1863 1034 1978 deprehensas.
1065 1861 1223 1947 Eodem
1253 1863 1361 1946 enim
1387 1885 1568 1975 tempore
1597 1862 1639 1942 in
1666 1857 1825 1944 diverhs
1851 1866 1930 1946 ani·

493 1967 737 2058 malibus&
773 2005 923 2059 cornua
956 1985 1236 2089 erumpunt&
1268 1975 1434 2082 dentes,
1467 1973 1578 2085 quod
1608 1971 1708 2087 sape
1739 2002 1822 2056 non
1853 1975 1928 2060 stne

492 2084 665 2178 tumultu
689 2089 796 2170 fit&
816 2091 1017 2172 variorum
1042 2113 1246 2171 tumorum
1271 2091 1493 2202 eruptione.

549 2199 643 2282 Nec
667 2219 801 2282 tamen
828 2225 894 2283 aut
919 2199 1160 2305 inauditum,
1191 2227 1258 2284 aut
1285 2201 1509 2286 inuhtatum
1528 2199 1639 2284 estin
1669 2222 1748 2282 arte
1773 2197 1924 2284 mediet

492 2308 635 2397 similes
656 2311 837 2420 affeiius,
855 2311 932 2419 jam
948 2309 970 2396 a
984 2310 1111 2424 longo
1125 2337 1307 2426 tempore
1319 2342 1412 2397 cum
1430 2339 1638 2428 parentum
1656 2309 1797 2394 fastidio
1809 2312 1920 2396 dura·

492 2421 616 2530 biles,
633 2423 746 2510 illico
767 2427 1005 2533 concidiffe,
1025 2423 1160 2536 aliquo
1177 2451 1409 2542 erumpente
1421 2452 1540 2510 acuto
1557 2423 1725 2529 morbo,
1747 2451 1813 2508 aut
1830 2427 1926 2508 emi-

491 2537 852 2646 cantibusvariolis,
865 2539 1104 2626 autdem-itm
1115 2536 1251 2650 aliquo
1264 2567 1313 2624 ex
1326 2537 1475 2624 morbis
1487 2539 1851 2654 depuratoriis.Qui
1880 2537 1929 2651 pe

491 2651 638 2732 horum
662 2652 819 2735 efficaci
836 2656 985 2768 impetu
1004 2655 1091 2736 vitae
1106 2652 1328 2768 progressus,
1343 2650 1606 2758 acceleratur,
1625 2660 1670 2736 dt
1692 2679 1798 2735 nova
1818 2567 1926 2734 ilica

473 2761 621 2894 ''sorma
653 2761 888 2880 corporibus
924 2765 1123 2851 inducitur
1157 2796 1242 2882 quae
1273 2765 1451 2878 alioquin
1483 2764 1622 2850 sensim
1651 2763 1930 2850 tantummodb

490 2903 567 2960 irre
594 2902 689 2988 eret.
750 2933 752 2936 -
1002 2943 1006 2948 .
1901 2945 1904 2952 ⁴

519 2906 654 3098 ‚dum
684 2991 878 3104 porro-ab
905 2992 1013 3081 hisce
1037 3019 1118 3077 tam
1142 2989 1436 3106 ¹multiplicibus
1461 2993 1586 3076 caufis
1612 2990 1787 3106 pendere
1817 2989 1931 3104 polht

490 3097 584 3210 labii
601 3109 642 3186 ὅ(
660 3109 811 3210 natium
834 3105 1009 3213 inflatio,
1030 3104 1147 3190 facile
1162 3106 1371 3191 deducitur
1389 3112 1578 3215 quantiam
1599 3103 1649 3187 ad
1667 3108 1779 3188 hunc
1794 3133 1928 3188 curan·

491 3211 586 3296 dum
613 3215 794 3318 affedum
826 3223 1053 3304 attentionis
1084 3217 1154 3302 srbi
1180 3218 1357 3305 vindicet
1383 3218 1497 3304 causa
1526 3217 1925 3332 iilumproducens,

488 3353 597 3409 nunc
623 3325 719 3412 verb
749 3327 1041 3442 scrophulosa,
1075 3363 1181 3414 nunc
1214 3359 1413 3438 venerea,
1442 3328 1656 3444 aliquandi>
1688 3327 1925 3416 scorbutica.

488 3427 662 3524 Puenrm
675 3440 757 3525 vidi
769 3440 993 3547 decennem
1015 3446 1081 3527 cui
1098 3441 1168 3526 lim
1197 3444 1366 3528 idiffimo
1392 3452 1505 3530 antea
1526 3470 1645 3554 atque
1662 3440 1715 3526 ob
1736 3446 1924 3526 eximium

484 3537 603 3671 saciei
624 3551 877 3667 splendorem
894 3555 1140 3670 conspicuo,
1159 3475 1271 3645 illici)
1290 3555 1439 3662 labium
1458 3558 1630 3671 superius
1646 3579 1688 3639 ru
1739 3583 1783 3640 et
1793 3615 1808 3661 ,
1830 3581 1924 3638 mort

486 3662 599 3748 nasus
626 3665 676 3749 ad
696 3692 884 3768 extrema.
910 3667 1131 3756 Exbalabat
1154 3687 1247 3754 c'um
1273 3671 1526 3785 respiratione
1549 3669 1651 3754 odor
1672 3667 1709 3750 al
1728 3673 1754 3752 'i
1779 3665 1924 3754 intole-

485 3773 706 3891 tabilisssper
722 3782 921 3892 integrum
945 3779 1148 3868 biennium
1155 3782 1279 3898 ,pl-us
1296 3787 1462 3894 hyeme,
1486 3786 1608 3868 allate
1626 3785 1756 3866 mimis
1778 3813 1791 3882 3
1814 3809 1925 3866 nates

484 3889 708 3998 intumudre
717 3954 732 4000 ,
747 3890 975 4004 labiumque
989 3899 1122 4010 potius
1138 3896 1303 3982 crassum
1314 3895 1431 4008 quim
1449 3896 1705 3981 tumefaiium
1717 3895 1797 3978 dici
1811 3921 1925 4010 pote·

479 4027 555 4086 rat.
569 4099 571 4107 y
584 4003 735 4089 Sensim
751 3991 830 4090 stne
848 4006 940 4090 sens
1008 4007 1136 4124 brepit
1147 4072 1162 4117 ,
1186 4006 1352 4095 obscura
1369 4013 1564 4124 primum,
1590 4008 1683 4093 dein
1697 4006 1922 4093 evidentior

410 4211 416 4224 ¹
485 4113 724 4206 claudicatio
745 4151 757 4219 3
780 4148 876 4202 mox
899 4037 1060 4207 dissres
1083 4122 1335 4230 increscunt,
1360 4148 1488 4206 tumet
1514 4119 1732 4228 articulus,
1754 4117 1924 4206 incessus

485 4225 658 4314 difficilis
682 4233 755 4338 fit,
781 4261 828 4317 ac
848 4232 1008 4318 demum
1031 4234 1308 4350 impossibilis:
1330 4237 1375 4320 sit
1396 4233 1451 4319 ibi
1467 4234 1686 4352 profundus
1704 4232 1922 4341 abscessus,

483 4367 565 4448 quo
599 4342 733 4428 frustrit
766 4373 835 4460 per
867 4348 1056 4461 Chirurgi
1085 4349 1306 4432 industriam
1339 4375 1507 4463 apert0,
1540 4346 1660 4434 febris
1688 4347 1796 4432 lenta
1826 4375 1922 4432 cum

482 4449 573 4580 ossas
610 4459 714 4555 carie
748 4459 930 4544 miserum
966 4464 1144 4577 peremit.
1190 4457 1283 4546 Nec
1315 4467 1519 4548 tamenin
1559 4462 1757 4578 phthisico
1794 4488 1926 4576 puero

479 4559 628 4652 labrum
670 4573 835 4655 omnini>
876 4572 1134 4660 detumuerat.
1182 4575 1390 4685 Quantum
1428 4579 1564 4682 acris,
1602 4579 1753 4660 tantum
1800 4572 1926 4658 crassa

479 4684 522 4764 dt
545 4671 745 4765 obstruens
764 4685 839 4769 fuit
858 4688 1039 4773 materies
1057 4717 1142 4798 quae
1160 4715 1229 4804 per
1251 4690 1396 4802 integri
1413 4691 1570 4776 triennii
1589 4689 1754 4802 spatium
1775 4685 1927 4772 misere

477 4821 623 4907 corpus
659 4790 810 4907 depasta
843 4801 934 4908 est,
966 4806 1009 4885 dt
1038 4800 1132 4888 vere
1164 4799 1214 4884 ad
1243 4801 1470 4918 scrophulas
1507 4799 1721 4888 reserenda.
1764 4801 1924 4904 Veritm

476 4904 534 4990 nil
552 4905 637 4994 talis
655 4906 684 4992 st
703 4906 926 5026 admiseris,
952 4915 1117 5037 superest
1139 4913 1247 5002 certe
1268 4913 1438 5032 lympha
1458 4915 1712 5004 redundantis
1732 4911 1923 5024 ubertas,
