4250 5898
459 448 540 552 598
898 421 1005 514 DE
1066 399 1434 513 MORBIS

463 597 724 711 Distinguitut
754 589 777 676 {t
801 590 1037 706 capillorum
1065 591 1272 697 defluvio,
1301 617 1346 676 ut
1370 587 1540 674 effeetus
1564 585 1586 672 ‘a
1612 585 1728 673 causi
1754 621 1767 689 ς
1807 615 1897 674 nam

400 755 403 763 ·
465 715 643 800 calvities
664 705 794 814 nulla,
813 708 903 816 stne,
944 708 1060 790 trevio
1081 735 1128 812 ca
1156 705 1318 789 illorum
1345 703 1519 787 defluvio
1527 763 1542 810 ,
1566 701 1736 818 intelligi
1759 706 1896 818 potest.

461 829 524 914 Ita
549 852 616 928 ut,
647 819 744 904 licet
772 817 884 902 aliter
908 735 1066 903 linsem
1086 737 1154 904 Cl
1174 819 1287 902 Fort.
1317 816 1515 932 Vospicus
1541 813 1743 932 Plempius
1768 823 1829 923 (a)
1856 819 1898 899 in

463 938 684 1024 dosliffrmo
711 927 824 1014 srmul
852 941 895 1017 ὅ(
918 929 1202 1046 elegantissrmo
1223 931 1280 1016 de
1304 927 1379 1014 hac
1408 932 1571 1014 materie
1599 933 1763 1014 trattaru
1775 992 1791 1038 ,
1817 958 1896 1014 non

461 1051 582 1140 video
606 1076 677 1132 cur
701 1044 861 1132 affenus
883 1072 1049 1162 uterque
1072 1045 1175 1132 inter
1200 1044 1241 1128 se
1262 1044 1527 1156 distinguatur.
1559 1040 1812 1160 Capillorum
1834 1042 1899 1127 des

436 1166 630 1250 ,fluvium
659 1157 812 1272 semper
839 1157 860 1242 ὲ
883 1157 1017 1243 vitiata
1042 1161 1205 1244 materie
1229 1153 1387 1241 nutritis
1415 1153 1545 1264 ejusve
1573 1156 1708 1274 iuopia
1768 1157 1898 1242 endet.

462 1277 590 1364 Porri)
609 1269 718 1356 nulla
732 1271 807 1356 alia
825 1271 939 1356 causa
958 1271 1131 1357 calvitiei
1148 1272 1325 1386 assignati
1343 1272 1494 1386 potest3
1513 1269 1694 1381 adeoque
1717 1187 1766 1354 gg
1784 1297 1897 1354 utro·

461 1417 540 1502 que
569 1384 682 1470 srmul
712 1383 908 1499 agendum
923 1447 937 1492 ,
968 1386 1037 1468 nist
1065 1411 1199 1470 tamen
1222 1414 1294 1498 pro
1322 1413 1370 1468 ca
1397 1382 1559 1468 illorum
1584 1383 1788 1490 defluvio,
1813 1388 1898 1468 uni-

461 1498 653 1589 versalem
678 1497 788 1584 illam
813 1495 947 1585 haberi
969 1497 1137 1585 velimus
1165 1497 1344 1612 pilorum·
1360 1415 1729 1604 defraudationem,
1753 1495 1830 1607 qua
1853 1499 1899 1582 sit

350 1709 356 1722 ‚
414 1679 422 1694 ,
462 1617 586 1727 utqui
600 1613 724 1697 modu
739 1609 971 1697 videbantur
988 1611 1145 1718 hirsuti,
1167 1637 1365 1696 mutentur
1380 1615 1422 1695 in
1437 1607 1624 1725 glabros,
1646 1641 1730 1722 quae
1748 1611 1899 1726 species

465 1733 519 1814 est
542 1727 716 1838 quaedam
742 1721 915 1810 calvitiei
939 1724 1178 1810 universalis·
1383 1815 1386 1823 ,

523 1842 578 1923 Ut
596 1865 727 1924 autem
747 1867 807 1923 res
829 1837 903 1922 rite
922 1842 1127 1946 tradetur,
1149 1865 1225 1922 nec
1245 1836 1340 1950 quid
1361 1833 1649 1954 pretermissum
1669 1834 1896 1945 doleamus,

463 1951 722 2040 scrutabimur
743 1949 1019 2036 observatione
1038 1951 1172 2036 causas
1196 1955 1369 2066 primum
1392 1952 1553 2035 defluvii
1576 1949 1770 2064 generalis
1798 1949 1897 2066 pilo·

463 2097 573 2175 rum,
598 2092 644 2150 ut
671 2072 712 2149 ὅ(
736 2066 965 2149 mutationis
990 2068 1032 2146 in
1058 2092 1198 2160 eorum
1222 2063 1365 2148 colore
1384 2061 1600 2164 notabilis3
1625 2063 1719 2148 inde
1739 2062 1788 2148 ab
1811 2068 1897 2150 uni-

462 2176 675 2266 versalibus
697 2176 748 2261 ad
776 2175 990 2291 peculiaria
1013 2177 1171 2262 dedusli
1195 2176 1411 2262 defluvium
1435 2173 1675 2292 capillorum
1701 2180 1741 2260 in
1765 2179 1894 2291 capite

461 2301 506 2378 ot
523 2289 642 2376 barba
657 2287 911 2398 sociabimur,
927 2293 1038 2376 itaut
1051 2289 1144 2374 inde
1190 2288 1291 2374 ostel
1307 2291 1511 2402 sequentes
1525 2287 1702 2398 articuli,
1716 2287 1888 2405 alopecia

463 2411 506 2492 dt
527 2405 713 2522 ophiasrs,
736 2400 1005 2516 intelligantur
1029 2410 1070 2487 δι
1092 2319 1337 2488 dediscantur
1353 2401 1555 2488 facillime.

523 2517 756 2604 Defluvium
797 2513 1034 2632 capillorum
1077 2524 1120 2601 δι
1159 2513 1332 2632 pilorum
1368 2541 1716 2628 quorumcumque
1743 2513 1900 2602 videtur

459 2630 554 2716 inde
584 2629 823 2751 potissimum
853 2629 1048 2745 pendere,
1083 2629 1194 2744 qubd
1218 2627 1335 2716 locus
1362 2635 1430 2715 cui
1456 2628 1736 2744 implantantur
1767 2653 1899 2744 aptum

462 2746 521 2828 eis
547 2742 638 2851 jam·
656 2772 738 2827 non
769 2741 938 2828 sufficiat
966 2745 1275 2852 nutrimentum,
1303 2747 1357 2827 ita
1392 2770 1437 2828 ut
1474 2741 1671 2828 radicibus
1703 2741 1898 2828 alentibus

322 2895 331 2922 ·
459 2854 539 2964 jam
554 2859 724 2972 privatus
738 2854 837 2972 pilus
850 2856 1070 2971 elangueat.
1091 2855 1278 2963 Scilicet,
1291 2856 1487 2943 destruslis
1501 2854 1697 2941 radicibus
1708 2855 1898 2971 pilorum,

462 2971 627 3054 cicatrix
648 2968 755 3054 nulla
777 2968 880 3086 pilos
899 2971 1075 3088 profert,
1100 2978 1141 3055 δι
1162 2971 1261 3106 sape
1278 3001 1356 3088 pra
1377 2969 1495 3087 copitl
1513 2967 1754 3056 variolarum
1774 2967 1899 3054 bulbo

461 3083 730 3199 consumpto,
751 3081 947 3169 imberbes
968 3084 1140 3170 evadunt
1160 3113 1230 3197 qur
1253 3079 1498 3200 priusbarbst
1516 3084 1632 3199 rigidi
1656 3109 1795 3190 erant,
1823 3111 1898 3172 nec

460 3193 642 3302 aliunde,
660 3199 729 3280 nist
753 3195 775 3281 lt
794 3223 910 3305 cute,
927 3223 974 3283 ut
992 3201 1124 3314 stirpes
1141 3195 1189 3281 ab
1214 3200 1363 3304 humo,
1387 3194 1522 3282 cibum
1544 3201 1728 3314 accipere
1742 3197 1897 3314 possunt

456 3334 578 3420 atque
604 3311 888 3395 nutrimentum
907 3309 1059 3426 parvuli
1076 3332 1114 3394 at
1142 3337 1193 3396 ue
1209 3310 1453 3410 renascentes
1473 3309 1555 3428 pili.
1582 3309 1771 3398 Ptolixos
1793 3315 1895 3396 enim

458 3449 579 3534 atque
615 3422 836 3510 diffluentes
871 3421 996 3511 multa
1030 3339 1205 3508 inhalare
1238 3421 1445 3538 probabile
1484 3455 1566 3510 non
1604 3430 1795 3531 tantum,
1832 3421 1895 3509 sed

459 3533 725 3650 &probatum
742 3539 805 3622 est.
825 3537 1124 3622 Nutrimentum
1138 3538 1235 3623 verb
1247 3541 1486 3653 praecipuum
1497 3546 1541 3623 ὃ(
1558 3538 1581 3623 ὲ
1596 3539 1721 3624 corde
1740 3541 1898 3625 vivente

457 3647 634 3762 impelli,
662 3658 702 3732 dt
726 3639 854 3763 part'es
871 3649 1133 3736 subtiliffimas
1159 3648 1357 3762 stmulque·
1370 3650 1543 3737 asluosas
1564 3656 1799 3758 continere,
1817 3681 1899 3739 non

459 3765 588 3845 minus
615 3760 776 3845 evidens
800 3765 852 3844 est
876 3761 899 3846 i
927 3763 1117 3848 facilitate
1144 3763 1221 3875 qus
1245 3764 1316 3879 pili
1343 3764 1570 3848 animalium
1599 3764 1898 3850 eleslricitarem

458 3872 697 3978 admittunt,
725 3871 801 3986 qual
832 3873 1002 3961 odorem
1030 3876 1220 3961 fetentem
1247 3886 1289 3962 ὃ(
1317 3876 1472 3962 olidum
1497 3882 1735 3996 concipiunt
1758 3911 1774 3980 ς
1806 3877 1901 3962 inde

456 3984 576 4072 facile
592 3985 857 4082 estxded‘ucere
870 3987 1002 4097 quod,
1018 3992 1179 4102 vigente
1191 3992 1232 4073 vi
1252 3990 1409 4076 asluosb
1423 3991 1511 4076 vitae
1532 3993 1738 4100 interiori,
1757 3988 1899 4078 debent

459 4101 578 4186 etiam
600 4103 711 4184 omni
735 4097 914 4192 efficacii
937 4101 1109 4217 gaudere
1134 4132 1181 4185 ca
1208 4101 1371 4188 illorum
1395 4101 1632 4220 &pilorum
1651 4109 1830 4190 nutritio.

520 4213 610 4296 Imb
634 4223 688 4300 bt
722 4212 944 4300 observatio
978 4214 1125 4302 edocet
1154 4134 1324 4328 aliquam
1361 4221 1479 4302 etiam
1513 4219 1745 4332 potestatem
1779 4211 1905 4302 inesse

457 4351 716 4412 excremento
740 4327 918 4416 seminali
944 4327 1175 4414 redundanti
1199 4329 1247 4412 ad
1270 4329 1505 4445 capillorum
1526 4335 1569 4413 in
1589 4334 1682 4414 viris
1704 4331 1908 4416 extrusro-

459 4462 575 4542 nem,
606 4445 699 4523 cum
724 4438 844 4528 barba
871 4447 912 4531 in
936 4447 983 4530 iis
1010 4447 1163 4530 tantum
1188 4469 1369 4557 appareat
1391 4440 1532 4555 quibus
1558 4446 1670 4528 telles
1696 4441 1910 4554 liquorem

457 4545 687 4638 seminalem
716 4553 923 4641 secernunt
949 4554 1189 4642 sorbendum
1214 4555 1394 4641 veficulis
1423 4554 1709 4657 seminalibus;
1735 4557 1913 4640 canities

458 4662 557 4746 vero
588 4687 706 4772 atque
736 4668 912 4756 calvities
941 4674 983 4756 in
1011 4672 1058 4756 iis
1081 4663 1275 4791 precipue
1299 4677 1341 4754 ὃ(
1368 4667 1458 4758 ante
1485 4667 1585 4760 alios
1610 4695 1799 4780 notetur,
1833 4669 1917 4782 qui

498 4792 560 4898 sa)
584 4816 632 4880 De
650 4816 750 4886 offe&
767 4823 902 4911 Capillos·
962 4829 973 4850 “
