4226 5916
505 425 592 516 414·
953 394 1062 483 un
1120 391 1482 482 moanrs

563 563 657 648 Nec
682 563 780 646 verb
804 589 933 646 rarum
958 564 1011 644 est
1036 563 1078 643 in
1104 557 1336 644 scorbuticis
1368 555 1505 642 similia
1539 557 1708 674 reperire
1739 556 1946 652 ulcuscula

510 680 642 794 potius
668 672 786 786 quim
815 671 1242 788 phlyctaenas.Verr1m
1263 671 1305 756 id
1326 669 1561 755 scorbuticis
1590 675 1795 788 proprium
1817 678 1871 759 est
1901 704 1944 764 ut

509 791 596 875 aliis
621 791 663 872 sti
691 815 804 872 entur
823 783 1149 903 symptomatibus
1173 815 1256 895 quae
1283 788 1511 900 primarium
1536 783 1740 900 designent
1764 785 1916 872 malum
1928 853 1943 897 ,

510 901 623 1011 cujus
656 819 723 986 liu
757 897 869 986 ulcus
882 960 897 1008 ,
924 899 991 986 seu
1015 897 1242 1014 phlyfiiocna
1262 901 1387 1012 potest
1409 925 1455 982 ut
1479 897 1663 985 accidens
1685 893 1835 985 haberi.
1863 900 1945 988 Sed

508 1020 630 1102 etiam
649 1013 728 1098 sure
749 1011 832 1096 ullal
854 1010 970 1098 causi
986 1007 1230 1128 praenotabili
1251 1039 1333 1096 non
1354 1041 1444 1095 rarae
1464 1011 1553 1096 sunt
1571 1009 1806 1126 phlyfiiocnae
1827 1017 1868 1096 ni
1919 1019 1944 1083 ’-

510 1157 666 1234 cantes,
683 1122 817 1238 quales
838 1125 1124 1234 ambustorum,
1140 1129 1182 1208 in
1193 1123 1349 1210 senibus
1364 1123 1597 1240 prasertim:
1618 1125 1669 1210 de
1682 1125 1742 1210 his
1755 1122 1834 1234 jam
1848 1045 1941 1212 allii

509 1245 675 1355 egimus.
706 1240 763 1323 At
790 1239 976 1325 differunt
1005 1237 1097 1322 abi
1127 1266 1177 1322 ne
1201 1239 1352 1354 persico
1376 1265 1426 1322 ex
1450 1266 1501 1324 eo
1528 1237 1637 1349 qubd
1665 1267 1748 1322 non
1775 1238 1878 1323 adeo
1903 1244 1943 1326 in

508 1358 570 1439 his
587 1357 800 1440 vehemens
819 1350 964 1460 dolor,
981 1380 1057 1436 nec
1070 1269 1151 1434 ulla
1165 1353 1484 1436 inflammationis
1500 1353 1606 1465 signa
1625 1350 1839 1436 exardeant
1859 1381 1942 1464 qua

505 1497 673 1588 prunam
695 1473 736 1570 ὅ(
753 1468 887 1579 ignem
902 1467 1114 1579 persicum,
1137 1468 1230 1549 teste
1251 1469 1410 1550 auctore
1427 1469 1584 1570 nostro,
1602 1465 1659 1548 ita
1674 1467 1937 1574 comitantur,

508 1578 704 1664 utibile
731 1582 812 1662 acri
836 1575 936 1663 flavi
963 1595 1080 1688 atque
1110 1577 1288 1664 mordaci
1315 1578 1469 1684 malum,
1489 1576 1661 1690 pendere
1690 1584 1940 1692 pronunciet.

508 1692 625 1778 Unde
648 1717 806 1808 apparet
825 1691 935 1802 quod
958 1691 1055 1776 licet
1074 1690 1236 1775 morbus
1257 1689 1325 1774 ille
1345 1691 1471 1806 pollet
1491 1691 1593 1804 apud
1607 1719 1680 1774 nos
1705 1719 1940 1798 occurrere,

510 1809 629 1889 ratibs
658 1833 791 1890 tamen
818 1807 1024 1918 contingat
1046 1803 1162 1915 quarn
1188 1807 1228 1886 in
1255 1804 1358 1888 locis
1377 1801 1618 1889 ferventibus
1641 1812 1683 1888 dc
1698 1803 1809 1886 coelo
1832 1807 1938 1890 arido

508 1945 628 2028 atque
656 1915 787 2001 calido
811 1915 1010 2000 indiarum
1038 1945 1156 2030 atque
1183 1919 1293 2002 Astae.
1321 1918 1443 2036 Apud
1469 1945 1544 2000 nos
1572 1919 1670 2002 verb
1699 1917 1815 2002 causa
1846 1922 1939 2004 acria

509 2055 578 2114 aut
611 2027 782 2114 leviores
813 2026 1090 2142 phlydioenas,
1124 2056 1192 2114 aut
1225 2034 1424 2144 graviores
1457 2026 1722 2115 carbunculos
1755 2028 1938 2132 inducit;

509 2145 688 2254 quamvis
722 2140 874 2225 Rhases
897 2146 965 2246 (a)
990 2140 1277 2228 carbunculum
1309 2173 1402 2253 cum
1435 2139 1558 2259 pruni
1579 2153 1630 2226 ’δι
1662 2147 1755 2256 igne
1790 2147 1936 2256 persico

508 2253 749 2362 confundat,
771 2251 1056 2338 carbunculum
1070 2257 1167 2340 verb
1183 2255 1280 2340 velit
1295 2254 1343 2338 ab
1356 2260 1543 2341 anthrace
1558 2256 1794 2339 Gracorum
1810 2255 1938 2340 distin-

509 2371 608 2484 gui:
635 2367 711 2478 qud
735 2365 786 2452 de
814 2371 968 2453 ratione
993 2373 1129 2453 audior
1153 2367 1224 2453 ille
1250 2369 1291 2452 id
1315 2369 1487 2476 sentiat,
1512 2369 1615 2454 diclu
1644 2365 1935 2456 difficillimum.

500 2527 503 2536 ι
564 2479 716 2564 Verbm
742 2509 792 2564 ex
816 2479 948 2590 dieis,
971 2480 1135 2566 ubicum
1163 2480 1214 2566 ue
1240 2481 1369 2566 saeviet
1398 2511 1523 2597 pruna
1549 2490 1591 2566 dt
1619 2484 1720 2595 ignis
1748 2483 1941 2599 persicus,

506 2596 701 2708 diagnosrs
721 2590 829 2677 nullal
848 2597 1002 2678 ratione
1022 2512 1193 2681 difficilis
1211 2593 1347 2678 haberi
1363 2599 1530 2710 poterit,
1548 2599 1614 2706 qui
1669 2594 1789 2704 equa
1811 2596 1938 2682 oculis

405 2741 408 2748 ’
506 2706 736 2823 usurpanda.
778 2707 860 2791 Sed
898 2710 1103 2822 prognosrs
1133 2738 1216 2792 non
1248 2707 1350 2792 adeo
1385 2735 1580 2824 prompta.
1662 2712 1784 2792 renim
1813 2713 1938 2794 varie-

506 2845 630 2906 tatem
652 2849 737 2904 non
763 2819 1010 2908 mediocrem
1033 2825 1224 2937 imprimit
1249 2819 1362 2906 causa
1390 2819 1654 2926 antecedens,
1686 2828 1726 2905 ἃ
1747 2849 1835 2931 qua
1859 2819 1937 2927 eiua

507 2957 715 3038 exortum,
739 2959 807 3015 aut
829 2937 1089 3043 comitantur,
1114 2960 1180 3018 aut
1204 2933 1443 3019 antecedunt
1462 2934 1704 3039 accidentia,
1728 2933 1779 3018 de
1797 2933 1936 3044 quibua

505 3045 610 3130 siluit
628 3047 867 3130 Avicennas.
891 3047 1040 3132 Verum
1063 3050 1091 3130 st
1114 3048 1224 3158 quod
1240 3048 1323 3132 vidi
1343 3048 1391 3132 ad
1410 3076 1573 3162 prunam
1621 3048 1782 3130 erficam
1806 3049 1938 3134 referri

505 3161 654 3273 potest,
675 3161 880 3256 morositas
897 3153 1068 3275 plurium
1087 3161 1268 3268 dierum,
1290 3164 1421 3275 potius
1445 3157 1563 3273 quim
1584 3078 1723 3264 libris,
1750 3168 1793 3244 ἀ
1815 3161 1936 3246 malua

506 3270 717 3357 ventriculi
749 3270 904 3357 habitus
937 3271 1199 3384 ciborumque
1234 3273 1425 3384 fastidium
1460 3303 1554 3358 cum
1587 3271 1727 3358 nausea
1763 3271 1936 3378 jundum

504 3385 772 3500 pracefferant
785 3447 800 3494 ,
825 3387 910 3501 post
932 3390 1054 3470 vitam
1079 3391 1257 3470 aerumnis
1305 3385 1436 3471 lenam
1461 3394 1504 3470 dr
1527 3414 1673 3501 corpus
1692 3384 1801 3471 duris
1825 3385 1935 3472 labo·

504 3495 611 3582 ribus
635 3502 822 3584 attritum.
853 3499 1029 3584 Necnon
1050 3497 1174 3583 fimile
1195 3417 1304 3612 quid)
1310 3497 1492 3584 accidisse
1511 3500 1610 3583 scivi
1630 3501 1716 3613 post
1731 3499 1935 3614 epularum

503 3607 717 3694 lautiorum
738 3619 780 3695 δι
798 3614 879 3695 vini
898 3612 1091 3696 summam
1105 3615 1483 3728 ingurgitationem
1504 3611 1615 3722 quod
1637 3615 1828 3724 congruit
1846 3641 1935 3698 cum

532 3721 662 3808 ustulis
685 3726 727 3807 in
753 3721 863 3807 febre
888 3722 937 3807 ab
959 3726 1209 3842 Hippocrate
1233 3722 1446 3812 observatis
1471 3727 1555 3840 post
1579 3725 1935 3812 commessationes.

502 3752 652 3922 lerum
659 3833 855 3947 quidquid
866 3840 1040 3945 eveniat,
1056 3841 1261 3954 prognosrs
1275 3840 1362 3923 turb
1378 3836 1615 3952 deducetur,
1630 3861 1675 3921 ut
1688 3835 1764 3921 alia
1777 3842 1935 3950 quavis,

503 3976 553 4034 ex
577 3949 659 4060 sym
687 3975 884 4033 tomatum
903 3953 1174 4064 magnitudine
1195 3961 1237 4039 ὃ(
1257 3953 1404 4037 recellu
1420 3951 1443 4036 *a
1458 3953 1552 4035 statu
1572 3949 1749 4036 naturali.

560 4061 621 4146 Ce
700 4063 961 4148 indicationes
981 4064 1136 4148 easdem
1155 4065 1303 4148 malum
1320 4063 1419 4148 illud
1438 4067 1555 4150 offert
1575 4089 1692 4174 atque
1711 4063 1940 4180 eryfipelata

504 4203 788 4285 quacumque,
815 4202 1004 4260 monente
1025 4177 1111 4290 ipso
1134 4177 1365 4262 Avicennfi:
1386 4178 1509 4260 causa:
1532 4177 1701 4283 eadem,
1727 4177 1798 4259 nist
1827 4179 1940 4288 quod

503 4288 791 4372 vehementiori
806 4289 1010 4374 deseviant
1027 4294 1174 4404 impetu
1192 4297 1232 4372 ὃ(
1249 4293 1289 4372 in
1305 4321 1423 4374 unam
1442 4317 1590 4404 partem
1608 4293 1767 4373 irruant.
1786 4289 1834 4372 In
1851 4290 1940 4404 ipso

503 4421 635 4482 tamen
656 4399 750 4484 mali
770 4429 913 4485 exortu
931 4402 1075 4516 largibs
1098 4413 1139 4489 ὅ(
1158 4401 1310 4518 pleniirs
1325 4403 1554 4518 sanguinem
1575 4402 1745 4488 detrahit
1761 4403 1941 4488 Avicenz

493 4539 573 4618 ¹nas
600 4540 650 4598 ex
680 4511 784 4600 locis
809 4515 1138 4601 convenientibus
1168 4515 1282 4626 quam
1315 4519 1356 4602 in
1381 4514 1620 4630 erysipelate.
1648 4515 1778 4602 Diaeta
1806 4519 1941 4602 tenuit

501 4623 733 4738 refrigerans
767 4631 948 4754 paginam
984 4627 1162 4745 implet;
1200 4634 1375 4716 monitos
1408 4633 1506 4716 verb
1540 4628 1628 4715 vult
1663 4627 1856 4714 Medicos
1897 4632 1940 4713 in

418 4793 421 4800 ·
500 4739 696 4852 principio
713 4741 827 4846 hujus
844 4739 936 4824 mali
951 4769 1034 4826 non
1048 4743 1193 4829 eodem
1208 4743 1330 4857 gradu
1346 4741 1423 4830 effe
1439 4743 1676 4856 sequendam
1697 4741 1941 4830 methodum

541 4871 603 4954 (a)
624 4869 689 4937 Lib.
709 4893 766 4944 21,
789 4892 822 4934 tr.
840 4893 868 4942 7.
