4188 5916
620 416 1115 512 cUTANEIa
1514 455 1595 542 §w

10 607 12 666 ι
162 583 287 672 fatear
311 582 574 672 lubentisfima
596 588 638 670 in
686 581 940 702 raedispofitis'
952 611 1072 672 conta
1097 575 1183 672 ''unt
1200 583 1354 676 'facilius
1377 583 1601 710 propagari,

162 693 284 783 Unda
302 697 386 805 jure
400 702 576 813 contagii
591 615 739 784 mallim
754 702 857 784 intits
871 702 997 815 potest
1013 729 1080 784 mu
1098 703 1128 784 ti
1156 699 1267 788 licari
1285 712 1328 789 δι
1344 705 1597 798 invalescere.

10 833 12 872 *
163 810 266 896 Inde
293 817 458 899 vertitur
486 816 615 897 omnis
641 815 856 897 humorum
880 810 1010 898 moles
1037 815 1080 896 in
1098 731 1234 899 tabum
1261 819 1533 930 herpetlcum,
1554 829 1599 908 bt

165 929 456 1012 communione
482 924 575 1010 mali
599 926 750 1011 viscera
782 929 939 1034 omnia,
971 927 1112 1039 hepar,
1138 929 1404 1037 ventriculus,
1431 933 1600 1041 thorax,

164 1041 337 1124 humore
355 1036 429 1124 illo
445 1043 740 1154 opprimuntur,
757 1067 841 1150 quae
858 1035 925 1122 vel
941 1036 1132 1124 obstrusis
1145 1039 1212 1126 vel
1228 1070 1413 1158 corrupta
1429 1071 1601 1132 mortem

163 1151 327 1236 tandem
349 1155 433 1267 post
457 1151 621 1266 longam
641 1151 921 1236 tabescentium
945 1151 1150 1237 arcessunt.

202 1262 300 1348 ·Illa
324 1271 420 1349 verb
444 1263 582 1350 lenitas
609 1295 692 1350 non
718 1265 957 1380 expedanda
975 1267 1028 1349 est
1054 1265 1102 1348 ab
1124 1263 1269 1350 ultimo
1295 1263 1370 1351 lllo
1394 1267 1601 1384 herpetum

166 1403 316 1490 genere
336 1377 446 1490 quod
465 1377 783 1492 phlysiocnosum
804 1385 846 1462 &
864 1376 1188 1492 pha'gaedenicum
1202 1384 1461 1490 vocavimus,
1483 1382 1603 1470 Gale·

165 1515 264 1572 trum
289 1495 332 1574 bs
360 1494 542 1601 antiquos
569 1490 704 1576 secuti.
735 1489 857 1576 Licst
876 1493 984 1575 enim
1001 1490 1146 1576 tardius
1166 1491 1437 1607 exasperetur,
1467 1513 1601 1582 tamen

165 1601 234 1686 vel
251 1605 294 1685 in
314 1601 438 1718 prims
452 1601 519 1688 sui
535 1607 689 1718 origine
707 1633 791 1687 non
810 1599 947 1688 dubias
966 1602 1040 1686 suae
1058 1601 1311 1718 malignitatis
1330 1633 1444 1694 notas
1463 1615 1606 1696 exerit,

166 1714 356 1814 Nascitur
368 1719 472 1800 enim
489 1719 617 1831 primo
632 1743 676 1802 ut
689 1715 838 1833 pustula
848 1714 1011 1829 stmplex
1023 1747 1036 1816 ς
1050 1717 1170 1828 idque
1183 1715 1303 1802 habet
1320 1717 1342 1804 ὲ
1357 1724 1503 1806 caeteris
1519 1725 1603 1808 her·

166 1826 574 2025 pgltlibtugtdisfferentiaes
582 1892 597 1936 ,
614 1826 1106 2026 lnbdstcffimslllieganl
1120 1835 1162 1968 in
1183 1832 1606 2034 tqfforemslummsltd

168 1971 270 2138 cutea
282 1969 879 2162 disdedietrllsrbncsrnbrbumorib
903 1969 1002 2139 alcress
1025 1969 1225 2142 erglgglptpsl
1235 1971 1603 2162 ,effigsgtupppgn-

167 2166 255 2252 sum
271 2167 435 2252 calentis
454 2169 658 2254 emilsrone
677 2199 690 2268 ;
715 2167 821 2252 unde
839 2170 979 2252 vicina
1000 2193 1128 2282 partes
1146 2166 1380 2254 attolluntur
1400 2176 1442 2254 dt
1462 2173 1504 2254 in
1522 2171 1604 2260 sese

168 2280 343 2396 crispata
358 2281 581 2389 finduntur,
602 2289 643 2366 ὃ(
657 2283 799 2397 partim
811 2281 964 2386 crustis,
980 2284 1121 2394 partim
1132 2278 1227 2365 tabo
1240 2281 1407 2366 horridae
1420 2284 1604 2370 evadunt.

168 2391 325 2478 Pustula
337 2397 419 2478 hac
438 2392 650 2505 aliquandiu
663 2393 834 2478 solitaria
851 2391 1032 2500 subsistit,
1055 2391 1122 2478 sed
1136 2392 1348 2504 aliquandi>
1364 2381 1446 2478 alia
1462 2397 1606 2484 stmiles
1770 2377 1774 2386 ¹

167 2509 211 2592 in
234 2504 320 2594 aliis
342 2504 515 2622 partibus
542 2531 763 2621 erumpunt.
789 2505 880 2588 Imb
904 2509 995 2589 'cum
1020 2497 1189 2622 protinas
1213 2509 1393 2591 immanis
1419 2535 1465 2592 ut
1488 2508 1608 2624 pluri-

168 2629 282 2752 mum
295 2621 363 2727 stt,
386 2622 533 2730 vixque
553 2619 697 2760 possint
716 2617 738 2701 a
754 2615 968 2732 scalpendo
977 2617 1116 2750 'miseri
1133 2614 1341 2726 abstinere,
1362 2648 1499 2750 murus
1518 2622 1607 2738 ipsae

169 2731 353 2820 videntur
379 2732 527 2817 malum
554 2757 703 2848 aparte
730 2731 779 2814 ad
801 2757 929 2844 partes
949 2730 1179 2815 diffundere.
1205 2731 1299 2816 Nec
1319 2761 1484 2840 nurum,
1512 2744 1607 2818 ciam

169 2847 241 2962 ipsr
258 2845 355 2959 sapi.
378 2845 565 2978 C·hirurgi
582 2843 675 2932 talia
695 2846 891 2930 trasiantis
910 2842 1024 2958 digiti
1048 2841 1176 2988 asperi·
1191 2842 1359 2978 evadant
1379 2850 1422 2929 δι
1450 2846 1604 2979 sindan-

173 2958 519 3179 irrisibilis?
544 2957 1608 3188 lssldllilsi’,‘llilllllailllllilslls

50 3239 53 3244 ,
171 3188 214 3270 in
237 3210 415 3298 apertum
442 3185 483 3270 se
512 3183 673 3299 prodit,
708 3186 815 3268 hunc
847 3181 931 3266 aliae
960 3186 1090 3267 crusiae
1118 3185 1159 3266 in
1187 3182 1333 3269 eodem
1367 3183 1456 3268 solo
1484 3197 1607 3270 enatae

173 3297 285 3383 brevi
301 3323 548 3414 contegunt,
569 3326 651 3409 quae
670 3294 871 3424 pelluntur
892 3296 1012 3380 etiam
1031 3293 1079 3379 ab
1103 3295 1187 3380 aliis
1205 3293 1337 3381 subter
1356 3299 1468 3383 natis.
1488 3297 1606 3382 Unda

172 3412 367 3526 asperitati
385 3410 487 3496 durae
506 3418 548 3495 ὁ(
567 3414 648 3496 acri
668 3412 842 3526 Juirgitur
857 3411 1002 3493 humor
1021 3405 1240 3523 glutinosus
1259 3435 1377 3520 atque
1397 3410 1606 3512 mucosus;

173 3523 337 3632 foetidus
357 3521 425 3609 ille
436 3585 451 3632 ,
475 3533 518 3608 bt
541 3524 753 3634 quemdam
775 3519 971 3637 spurcitiei
993 3525 1196 3638 proprium
1221 3521 1391 3608 odorem
1413 3521 1607 3632 fundens,

174 3635 448 3741 rancidulum,
473 3637 741 3742 acescentem,
764 3639 833 3746 qui
846 3638 978 3751 potius
998 3634 1179 3721 nauseam
1203 3644 1246 3719 δι
1262 3637 1471 3723 horrorem
1487 3634 1605 3747 quina

173 3750 301 3836 alium
319 3749 498 3856 quemvis
523 3746 676 3830 sensum
695 3751 886 3834 concitet.
909 3744 1048 3834 Febris
1071 3747 1220 3835 interea
1245 3746 1376 3858 nulla,
1399 3748 1465 3835 vel
1483 3749 1608 3850 levis;

174 3866 295 3948 urinae
305 3856 471 3964 albida,
486 3856 677 3971 limpida,
691 3888 842 3971 aqueae;
857 3887 1108 3948 excrementa
1126 3861 1204 3948 alvi
1220 3859 1370 3946 nullam
1388 3859 1610 3946 notabilem

175 3974 439 4061 mutationem
456 3969 614 4078 serunt,¹
628 3971 699 4056 nist
719 3972 828 4085 qubd
847 3973 1085 4087 quandoqud
1101 3975 1349 4062 viridescant.

231 4083 358 4172 Nulla
380 4113 474 4201 pars
503 4088 684 4200 corporis
712 4085 735 4170 l
759 4085 875 4173 sosdo
903 4089 986 4173 hoc
1014 4086 1122 4173 malo
1152 4086 1336 4172 immunis
1360 4081 1440 4168 dici
1468 4087 1607 4198 potest.

177 4197 491 4298 Infelicissimurn
512 4197 674 4310 quidem
697 4203 771 4308 est,
794 4200 822 4286 fi
843 4199 1068 4317 palpebras,
1096 4227 1243 4312 genas,
1265 4222 1376 4280 nares
1388 4255 1403 4299 ,
1430 4221 1608 4284 mentum

179 4315 458 4428 occupaverit,
483 4314 569 4396 imb
589 4313 696 4396 &ad
711 4311 790 4400 alas
805 4317 958 4398 narium
970 4311 1177 4414 insederit,
1206 4338 1298 4394 nam
1324 4335 1400 4393 nec
1428 4305 1607 4420 buccas,

176 4453 255 4510 nec
272 4428 459 4510 interiora
479 4429 633 4508 narium
658 4425 870 4538 occupasse
888 4451 1063 4534 unquam
1086 4423 1196 4506 novi.
1224 4423 1372 4508 verum
1395 4417 1508 4505 nullo
1528 4423 1609 4510 alio

168 4542 220 4624 'in
243 4535 342 4624 loco
373 4537 615 4648 frequentius
637 4535 771 4622 sedem
824 4537 934 4642 onit,
965 4531 1084 4646 quim
1112 4531 1219 4640 juxta
1251 4561 1386 4640 aures,
1413 4539 1609 4622 exteriora

178 4648 293 4736 stmul
307 4658 351 4737 δι
363 4651 552 4736 interiora
562 4679 777 4763 occupans.
794 4567 944 4734 barum
956 4645 1146 4734 volumen
1160 4650 1373 4733 inunanem
1387 4649 1427 4730 in
1442 4650 1610 4735 modurn

178 4764 386 4880 adauget,
422 4769 465 4850 bt
499 4791 582 4848 non
608 4787 760 4880 partem
792 4765 946 4848 tandm
979 4758 1189 4870 subjectam
1225 4764 1359 4866 cutis,
1391 4759 1457 4847 sed
1490 4766 1611 4846 etiam

180 4879 358 4994 apposita
385 4874 594 4966 msmditiei
617 4875 735 4968 causis
761 4873 886 4966 lintea
907 4875 1051 4966 erodit.
1076 4875 1245 4994 Inguina
1268 4878 1410 4996 pariter
1437 4883 1479 4960 bt
1507 4872 1611 4961 dorsi
