4226 5916
321 1074 400 1144 ἢ·
485 1021 568 1105 und

406 409 563 516 -42a
902 399 1040 488 oa
1104 395 1470 487 munaus

475 565 608 668 ¹Certe
632 568 733 652 inter
762 565 973 682 praecipuas
997 560 1129 647 morbi
1161 563 1295 650 causas
1320 563 1501 665 [ordities
1528 569 1569 648 dt
1597 565 1758 676 impexa
1792 559 1922 676 negli-

485 683 618 796 gentia
638 707 705 765 aut
726 678 873 782 barbae,
890 675 1214 792 aut'capillorum
1230 676 1483 762 numeranda.
1508 673 1646 760 Postea
1661 678 1761 760 verb
1780 703 1926 761 notans·

486 795 582 880 dum
596 798 648 878 est
662 791 809 878 malum
827 790 950 896 illud,
968 793 1181 905 herpeticis
1201 789 1430 875 hominibus
1449 788 1642 876 familiare
1655 789 1828 873 maxime
1843 851 1857 896 ,
1880 791 1926 872 in

487 935 558 994 eos
602 904 783 992 rasertim
795 903 972 990 incidere
985 909 1052 1017 qui
1066 903 1268 1019 mentagrai
1282 899 1486 1010 laborant,
1511 911 1663 988 &cute
1678 901 1919 1001 furfuraceal3

570 939 600 1105 d
613 1024 704 1103 cum
726 1019 870 1104 Roma
890 1015 988 1104 olim
1002 1017 1215 1135 epidemici
1230 1017 1436 1104 videantur
1450 1017 1565 1102 fuiffe
1581 1021 1705 1102 menti
1721 1014 1920 1120 lichenes,
1962 1025 1966 1034 '

485 1133 591 1249 apud
618 1129 781 1218 Celsum
803 1159 933 1243 atque·
948 1130 1150 1218 Galenum
1172 1131 1296 1246 longa
1321 1134 1473 1218 mentio
1492 1133 1544 1214 est
1570 1137 1615 1216 br
1632 1133 1781 1244 ingens.
1796 1156 1927 1214 reme-

474 1248 644 1354 diorum
664 1246 781 1334 series
801 1245 851 1330 ad
874 1249 996 1331 menti
1016 1244 1177 1362 papulas
1197 1246 1352 1331 ficosas.

539 1359 640 1444 Non
656 1363 763 1446 enirn
783 1363 912 1444 omnis
927 1384 1060 1446 tumor
1076 1364 1119 1445 in
1138 1385 1276 1444 mento
1294 1361 1506 1473 supputans
1527 1358 1595 1442 fici
1613 1358 1779 1440 nomine
1796 1352 1925 1438 dona·

484 1499 581 1579 tur,
602 1473 670 1559 sed
695 1475 722 1557 fi
744 1471 950 1558 volumine
975 1475 1107 1558 nnnor
1126 1474 1194 1582 stt,
1219 1471 1364 1588 papula
1387 1470 1509 1556 ficosa
1535 1468 1558 1556 b
1582 1467 1741 1554 Galeno
1766 1467 1927 1568 dicitur.

484 1585 585 1670 Inde
599 1589 696 1671 verb
716 1583 834 1672 facile
850 1590 901 1672 est
913 1584 1110 1674 deducere
1123 1611 1299 1672 naturam
1314 1585 1496 1690 fielium-,r
1516 1583 1581 1668 seu
1595 1610 1800 1668 tumorum
1820 1581 1924 1664 fico·

486 1699 622 1784 sorum
645 1703 711 1784 vix
736 1697 759 1782 b
782 1701 999 1816 phymarus,
1026 1701 1094 1788 seu
1121 1698 1323 1784 furunculi
1349 1696 1689 1802 aristodimus,
1716 1696 1787 1780 nisa
1816 1691 1924 1804 quad

485 1814 664 1898 videatur
691 1815 949 1898 inflammatio
979 1815 1021 1896 in
1048 1810 1270 1898 tumoribus
1296 1812 1346 1896 de
1372 1810 1514 1922 quibus
1542 1812 1699 1924 agimus.
1717 1804 1924 1894 folliculos

476 1929 590 2026 ¹(sutis
607 1926 785 2012 duriores
809 1953 1033 2042 occupare,
1056 1929 1125 2037 qui
1147 1923 1201 2012 ob
1221 1923 1470 2011 sensulitatem
1492 1925 1741 2020 imminutam
1762 1929 1806 2008 bt
1823 1921 1927 2005 duri·

477 2039 587 2142 vtiens
614 2067 734 2149 quarn
764 2063 892 2154 partes
926 2065 1119 2152 perpetuo
1154 2041 1243 2124 adri·
1264 2039 1451 2153 exposita·
1479 2039 1748 2145 contrahunt,
1781 2035 1925 2122 tardius

490 2153 610 2238 conci
638 2155 724 2238 iunt
752 2179 868 2263 atque
900 2179 1093 2266 peragunt
1117 2151 1467 2267 suppurationem,
1495 2152 1580 2236 imo
1606 2153 1820 2236 humorem
1849 2145 1921 2254 iam

488 2264 572 2350 fere
597 2183 770 2350 iblidum
796 2269 899 2363 intbs
928 2270 1137 2352 continent
1162 2267 1230 2376 qui
1254 2263 1348 2348 ideo
1374 2263 1569 2368 difficile,
1595 2291 1672 2350 nec
1693 2259 1923 2348 omnimode

488 2380 633 2494 iupus
664 2381 920 2465 convertitur.
955 2378 1073 2464 Unde
1104 2409 1154 2464 ex
1187 2377 1295 2462 hisce
1326 2376 1548 2464 tumoribus
1580 2407 1663 2464 non
1697 2376 1827 2460 modb
1856 2405 1928 2490 pus

488 2497 598 2692 elid’
628 2490 696 2578 sed
722 2489 836 2576 simul
862 2491 998 2578 secum
1023 2494 1142 2580 trahit
1169 2494 1374 2580 materiem
1399 2491 1628 2606 adiposam‚
1658 2490 1927 2584 rancidam&

490 2637 518 2694 o
578 2634 653 2690 am.

479 2796 487 2820 ,
529 2719 668 2804 Licet
677 2747 775 2915 erfio
787 2741 959 2826 ueteres,
978 2727 1019 2806 ὃ(
1033 2718 1227 2835 praecipue
1238 2719 1431 2828 Galenus,
1441 2720 1589 2806 ficosos
1599 2743 1780 2812 tumores·
1789 2747 1928 2808 mento

490 2830 568 2918 soli
596 2832 720 2917 adseri
750 2859 849 2940 ant,
880 2831 1100 2916 simillimos
1132 2859 1309 2920 tumores
1336 2835 1386 2920 ad
1414 2834 1551 2919 axillas
1570 2895 1598 2938 ,Ἰ
1616 2833 1780 2947 inguina
1812 2857 1926 2946 atque

346 2961 356 2980 '
492 2945 654 3032 dorsum
669 3053 672 3058 Ι
686 2943 818 3062 sapius
846 2943 1128 3054 observamus,
1162 2951 1232 3058 qui
1259 2947 1371 3033 lento
1404 2947 1622 3034 admodum
1654 2935 1925 3062 progreffuin

476 3059 813 3172 ,suppurationem
828 3056 973 3145 abeunt
996 3091 1009 3162 3
1039 3058 1256 3173 simulque,
1273 3063 1386 3148 saeos
1400 3059 1694 3178 commodetis,
1722 3087 1818 3144 curn
1835 3089 1926 3176 pure

479 3174 697 3259 materiem
721 3169 932 3281 aliquandi>
956 3169 1156 3259 vermibus
1182 3173 1322 3260 albidis
1343 3172 1533 3281 studium,
1556 3171 1835 3289 granulosam,
1848 3175 1927 3260 adi-

492 3282 630 3400 posam
660 3310 753 3368 curn
783 3287 936 3399 impetu
968 3289 1169 3400 exprimis.
1206 3287 1326 3372 Hanc
1359 3287 1532 3400 sequitur
1563 3317 1636 3402 pus
1672 3315 1827 3402 paucos
1861 3315 1926 3406 por

493 3397 581 3494 dies
597 3393 830 3507 aliquando,
855 3399 1143 3516 ficompreffio
1159 3398 1304 3484 fortior
1321 3400 1458 3506 fuerit,
1487 3401 1664 3514 sanguini
1686 3404 1926 3510 tenuatum,

454 3593 457 3600 ,
492 3519 537 3596 &
555 3508 665 3597 brevi
684 3512 874 3626 temporis
892 3509 1103 3598 intervallo
1119 3515 1165 3598 fit
1179 3513 1311 3598 morbi
1326 3517 1479 3601 curatio
1493 3517 1566 3626 qui
1575 3513 1706 3628 plures
1718 3513 1927 3627 aliquando

491 3625 750 3737 permenses,
771 3625 856 3706 imb
870 3629 940 3740 per
956 3655 1081 3712 annos
1096 3631 1273 3741 integros
1289 3627 1492 3744 progreffu
1501 3631 1651 3734 tacito,
1674 3655 1750 3713 nec
1765 3655 1927 3716 catero-

493 3741 590 3848 quin
604 3737 779 3824 ‘turbatis
802 3737 1070 3825 functionibus
1093 3739 1350 3826 increscebat.
1383 3741 1438 3826 Et
1463 3739 1573 3832 certe
1601 3737 1747 3826 nulliiss
1772 3741 1926 3829 alterids

477 3849 588 3946 :mali
600 3853 755 3938 curatio
769 3875 942 3960 unquam
957 3849 1198 3966 fimplicior3
1214 3853 1432 3968 digerentia
1447 3857 1683 3966 animatque
1694 3855 1927 3944 resolvenda

493 3961 695 4160 em'plastrla
714 3961 888 4162 adhibitda
904 3961 1012 4048 malo
1031 3965 1202 4161 {amando
1220 3965 1444 4100 sufficiunt,
1462 3969 1593 4054 donec
1609 3994 1793 4057 centrum
1806 3970 1928 4086 ipsum

383 4219 387 4228 “
478 4101 1273 4306 rsuffinievnetrasgnbuscgutafisuffigzaug
1292 4197 1394 4280 hanc
1413 4193 1740 4309 illamvepartem
1755 4175 1930 4284 'decum-

498 4296 614 4406 bunt,
627 4299 695 4386 sua
710 4302 797 4387 sunt
808 4305 1098 4418 phoenomena,
1115 4309 1171 4392 ita
1181 4305 1229 4395 ab
1242 4304 1407 4392 illorum
1420 4313 1628 4412 varietate,
1644 4309 1760 4398 nullo
1775 4309 1826 4394 ad
1839 4341 1929 4398 cau·

493 4409 575 4494 sam
586 4411 758 4528 respedlu
772 4413 927 4524 habito,
935 4421 1211 4504 varianomina
1222 4421 1573 4508 effiliaffinventa
1581 4421 1681 4508 sunt.
1691 4422 1815 4508 Licet
1824 4429 1930 4510 enim

494 4523 600 4718 aperirid
623 4525 784 4726 masbas'
800 4529 1185 4726 &paleo-Arabas
1208 4533 1400 4676 illedicoa
1426 4538 1468 4618 in
1496 4561 1641 4650 genere
1668 4564 1820 4622 nomen
1848 4535 1932 4672 lupi

492 4661 716 4865 labb,
731 4667 948 4866 billi:
968 4643 1933 4868 ll3¹3⁰e³st²ll732²lllbdssdgarialli&

493 4861 714 4952 Madraeum
735 4865 785 4954 de
807 4867 1007 4962 Gradibus
1026 4869 1209 4994 duellos,
1228 4897 1360 4984 ramen
1381 4875 1483 4994 apud
1499 4875 1710 4992 plerosque
1724 4903 1933 4994 receptum
