4188 5916
634 438 1125 528 CUTANEI&
1521 477 1601 552 3&

162 613 218 692 ita
238 607 433 712 instituta,
456 626 502 688 ut
520 631 590 718 per
604 599 675 690 lon
704 601 912 690 asubsrstat
932 630 1136 720 tempora,
1163 611 1204 688 bt
1224 632 1274 688 eo
1294 601 1391 688 loco
1414 605 1538 719 posrta
1557 637 1602 696 ut

161 721 280 838 polsrt
296 717 318 802 a
333 742 442 834 parte
453 721 633 802 interiori
644 635 964 826 adexteriorem,
984 715 1007 803 i
1024 716 1213 803 nobiliori
1232 720 1274 800 in
1289 716 1599 833 ignobiliorem,

162 835 368 918 materiem
401 834 643 946 herpeticam
674 830 894 917 detrudere.
931 830 1025 918 Hac
1061 835 1249 939 ratione,
1273 833 1602 946 quotiescumque

162 943 458 1061 retropulsronis
497 947 539 1027 in
575 943 801 1060 herpetibus
834 972 964 1030 metus
1000 949 1124 1052 inest,
1159 947 1316 1057 quoties
1343 974 1448 1058 aegro
1479 947 1601 1033 debili

39 1146 47 1158 ,
162 1063 269 1144 virus
290 1058 390 1143 illud
415 1061 588 1172 ingruit,
616 1061 771 1170 quoties
797 1055 982 1166 vultum,
1013 1056 1186 1165 oculos,
1217 1057 1361 1141 faciem
1390 1085 1456 1143 aut
1481 1090 1602 1176 genas

132 1173 374 1286 -deturpat,
403 1174 522 1255 toties
549 1201 622 1286 pro
653 1170 748 1254 mali
778 1175 968 1284 gravitate
998 1200 1022 1256 e
1051 1171 1222 1286 ispastica
1249 1196 1368 1280 atque
1392 1175 1603 1262 vcficanria

162 1289 204 1369 in
224 1313 335 1400 parte
359 1281 445 1398 plus
472 1285 648 1369 minusve
672 1281 695 1368 *a
719 1283 810 1369 sede
834 1281 929 1368 mali
953 1284 993 1369 di
1024 1282 1077 1367 tri
1101 1281 1362 1389 adhibemus,
1385 1286 1472 1367 irnb
1496 1295 1537 1370 bt
1560 1293 1602 1375 in

162 1396 304 1483 rebelli
328 1397 436 1507 malo
460 1401 701 1504 cauterium,
715 1398 922 1483 ‹setaceum
942 1400 1159 1502 inurimus,
1185 1425 1266 1508 quo
1290 1400 1397 1480 exitu
1420 1404 1602 1488 materies

162 1511 298 1594 abacia
318 1513 359 1594 in
380 1509 622 1595 debilitatam
651 1511 843 1595 incisione
869 1536 1021 1625 partem
1051 1508 1259 1594 deseratur.
1293 1507 1421 1596 Porrb
1454 1513 1484 1594 st
1514 1542 1602 1628 pars

161 1621 249 1706 laesa
262 1625 469 1709 reasiionis
483 1620 540 1729 jus
553 1653 636 1707 non
650 1624 843 1729 amiserit,
858 1621 1046 1738 propellit
1062 1622 1083 1706 ὲ
1100 1623 1141 1707 se
1154 1625 1351 1738 herpetes,
1367 1625 1434 1732 qui
1446 1621 1602 1714 larsrone

161 1736 270 1820 novd
279 1739 490 1820 infirmatas
505 1763 632 1851 partes
646 1760 859 1848 occupant.
873 1735 926 1818 Et
941 1733 1047 1819 certe
1054 1797 1068 1841 ,
1083 1733 1181 1818 licet
1194 1735 1470 1850 suppuratoriae
1484 1763 1602 1850 atque

161 1851 373 1964 herpeticae
403 1848 704 1963 deputationum
740 1852 878 1962 ingens
911 1849 957 1930 stt
990 1849 1236 1956 differentia,
1266 1851 1370 1932 reeta
1400 1851 1454 1932 est
1485 1877 1602 1962 atque

82 1959 85 1964 ’
162 1959 342 2074 legitima
363 1963 428 2044 cui
450 1989 629 2076 paremus
652 1961 870 2068 indicatio,
899 1968 991 2044 cum
1014 1960 1135 2045 talem
1160 1959 1470 2047 medicationem
1495 1967 1602 2049 insti-

163 2075 441 2174 tuimus3s1ve
471 2077 649 2190 apposito
675 2077 717 2158 in
742 2070 956 2158 levioribus
981 2074 1094 2160 malis
1114 2077 1284 2158 mezerei
1310 2078 1462 2158 cortice
1491 2079 1601 2187 quod

164 2187 590 2302 epispasticum.potibs
604 2184 721 2299 quim
731 2187 921 2294 vestcans,
937 2195 978 2272 bt
989 2187 1169 2292 direffibs
1179 2185 1248 2270 sub
1262 2187 1504 2299 epidermide
1520 2193 1602 2306 agit

166 2308 208 2384 ὅ(
222 2299 378 2384 vidente
393 2303 434 2382 in
455 2326 538 2384 rete
558 2297 868 2416 malpighianum
890 2301 1086 2382 actionem
1111 2302 1269 2413 propius
1289 2326 1501 2400 exercere;
1521 2305 1601 2390 sive

163 2414 204 2497 in
224 2412 424 2525 grandiori
449 2411 671 2496 revulsione
692 2407 872 2494 facienda
895 2440 917 2493 a
945 2412 1078 2524 posttis
1096 2409 1345 2496 vistcantibus
1369 2441 1419 2497 ex
1443 2419 1601 2499 cantha-

94 2515 103 2530 ’
163 2524 292 2608 ridu'm
322 2531 364 2610 dt
393 2523 604 2636 euphorbii
634 2520 796 2638 pulvere
826 2443 1051 2624 conflasse
1081 2526 1160 2608 stve
1190 2523 1349 2607 demum
1377 2528 1503 2610 inusto
1530 2559 1600 2642 per

163 2635 381 2752 scapellum
401 2638 610 2744 cauterio,
636 2636 747 2746 quod
764 2637 1032 2751 appositione,
1057 2662 1124 2718 aut
1168 2638 1210 2718 ist
1229 2637 1341 2719 unitis
1362 2644 1403 2719 dt
1423 2635 1600 2747 alterius,

163 2775 231 2834 aut
253 2749 361 2834 iridis
386 2746 581 2864 sphaerula
596 2750 770 2834 servatur
790 2771 967 2864 apertum
987 2775 1103 2859 atque
1124 2667 1348 2862 supputans.
1371 2747 1451 2833 Sed
1476 2753 1517 2832 in
1540 2755 1599 2838 his

164 2861 350 2948 omnibus
371 2859 519 2948 cafibus
538 2865 709 2946 materiae
732 2861 994 2949 revulssonem
1021 2858 1089 2944 srbi
1115 2861 1284 2973 spondet
1306 2889 1393 2968 ars,
1416 2891 1500 2944 non
1521 2895 1601 2948 ma·

165 2979 269 3060 teriae
284 2975 605 3081 destructionem,
620 2974 963 3090 deputationisque
983 2977 1266 3081 mutationem,
1286 2977 1399 3058 noni
1430 2974 1508 3059 sam
1530 2976 1602 3063 de·

165 3092 382 3204 putationis
418 3087 684 3174 cessationem.
722 3089 918 3199 Quamvis
948 3089 1045 3172 verb
1083 3117 1282 3197 nunquam
1318 3005 1602 3202 negligendum

129 3293 132 3302 ¹
167 3198 391 3312 hujusmodi
418 3200 645 3289 censeamus
674 3205 907 3306 artificium,
935 3200 1048 3284 fateri
1079 3226 1210 3284 tamen
1244 3205 1256 3283 i
1286 3202 1428 3286 sanos
1458 3207 1600 3290 veritas

167 3318 305 3429 cogit,
325 3345 408 3400 non
425 3315 580 3430 semper
598 3327 750 3400 certum
770 3319 810 3397 in
832 3311 916 3429 ipssa
935 3310 1115 3396 faciendi
1138 3232 1358 3398 revulsione
1382 3315 1601 3401 successum

169 3422 1599 3541 ommffifflmfflmfflmwmfflfflmwm

167 3541 235 3623 nist
264 3540 313 3624 ad
337 3539 484 3625 limbos
516 3549 558 3624 δι
586 3547 627 3625 in
651 3546 799 3626 vicinas
826 3565 953 3654 partes
979 3539 1170 3623 advocata
1193 3541 1372 3624 materies
1400 3543 1601 3679 herpetica

166 3651 232 3738 vel
264 3654 314 3736 ad
350 3654 477 3766 ipsum
509 3657 694 3738 intuentis
728 3652 893 3738 oculum
931 3651 1135 3736 redundet.
1176 3650 1364 3736 Praeterea
1397 3683 1494 3739 vero
1530 3653 1600 3738 ubi

164 3767 316 3850 affatim
346 3770 388 3846 bt
412 3793 505 3846 cum
535 3768 684 3882 impetu
716 3794 785 3880 per
813 3766 960 3879 aliquas
985 3765 1193 3879 herpeticae
1222 3768 1397 3851 materiei
1429 3765 1601 3852 maxime

166 3877 321 3994 pervias
357 3885 398 3960 bt
434 3877 570 3959 amisso
602 3905 705 3960 tono
736 3876 886 3991 patulas
917 3907 1044 3996 partes
1076 3875 1143 3960 illa
1170 3880 1278 3986 exit,
1305 3877 1412 3961 nihil
1439 3881 1602 3992 proficit

168 3991 413 4095 cauterium,
442 3987 725 4106 multiplicatur
740 3989 913 4100 malum,
940 4023 1024 4076 non
1037 3993 1200 4076 sanatur.
1226 3990 1393 4074 Scilicet
1416 3989 1527 4100 quod
1549 3989 1598 4074 ab

167 4101 264 4218 ipss·
281 4101 415 4187 natural
446 4105 616 4218 primum
643 4107 813 4189 inustum
849 4111 1067 4192 cauterium
1100 4106 1153 4189 est
1165 4165 1180 4210 ,
1211 4107 1252 4184 in
1281 4100 1346 4185 sual
1374 4105 1598 4220 aduosttate

164 4241 299 4300 totum
320 4215 490 4300 subsrstit.

222 4328 371 4412 Verum
392 4328 448 4412 nil
468 4330 547 4415 tale
570 4330 857 4416 meditabantur
876 4333 1037 4440 antiqui.
1066 4327 1149 4439 Sup
1180 4328 1397 4412 urationem
1425 4329 1598 4419 advoca-

167 4440 264 4524 bant
285 4445 324 4524 in
343 4469 478 4556 parte,
500 4439 708 4527 inurebant
730 4444 908 4557 plagam,
935 4441 1057 4555 plagae
1080 4355 1332 4525 obducebant
1355 4445 1596 4532 cicatricem.

169 4555 215 4638 si
237 4553 386 4638 nullam
411 4560 552 4641 metuis
574 4553 666 4640 inde
680 4557 721 4638 su
750 4554 995 4671 primendam
1011 4552 1060 4637 de
1088 4555 1337 4662 urationem,
1363 4583 1428 4641 aut
1453 4559 1481 4640 st
1507 4561 1596 4676 sup-

196 4667 331 4750 tellam
348 4695 430 4752 arte
445 4669 700 4784 supplendam
712 4589 903 4784 spondes,
917 4666 974 4750 nil
987 4581 1126 4750 melius
1145 4669 1209 4751 est.
1234 4667 1268 4752 F
1270 4672 1423 4752 oeminae
1440 4673 1597 4756 cuidam

168 4697 344 4888 latreus,
363 4779 554 4867 Holler'io
571 4785 695 4889 duce,
712 4781 950 4868 medicinam
972 4777 1154 4866 faciebat.
1169 4777 1268 4864 Haec
1285 4781 1509 4900 herpetibus
1523 4785 1597 4868 foe-

171 4892 230 4979 dis
254 4894 399 4982 sacient
414 4899 589 4984 vitiatam
609 4923 821 5006 execrata,
843 4898 954 4982 omni
970 4924 1048 5012 ope
1063 4891 1186 4979 deleri
1199 4897 1339 4983 vitium
1367 4894 1594 5012 postulabat.
