4188 5916
477 431 561 510 Μ
931 397 1038 482 us
1097 396 1459 484 Monate

477 567 560 650 vim
584 555 751 644 rebelles
774 561 967 674 herpetes.
1000 557 1128 644 Rasa
1154 557 1312 646 valebat
1339 589 1463 676 aeger,
1485 545 1642 644 validus
1669 557 1916 647 torolitatem

476 669 650 762 amissam
673 699 886 787 receperat.
914 671 996 756 Rei
1015 699 1191 760 venere‘ae
1211 678 1389 790 gnaviter
1410 670 1588 780 indulsit,
1609 671 1709 757 nihil
1729 702 1915 758 commu-

475 793 679 893 nicarum,
701 783 919 870 remansere
939 786 1132 902 herpetes.
1155 787 1264 874 Rem
1286 819 1380 872 cum
1404 783 1571 900 collegis
1593 790 1915 896 communicavi,

478 899 618 988 similia
640 898 961 1003 observaverant,
983 928 1068 1008 quae
1095 900 1176 1015 ipse
1200 899 1345 1017 pluries
1367 900 1463 986 vidi.
1486 902 1636 982 Annon
1652 901 1794 984 vitium
1815 901 1915 1010 lym-

478 1019 564 1131 pha
584 1011 808 1126 impressum
826 1038 963 1126 prater
977 1015 1083 1097 virus
1102 1041 1316 1100 venereum
1337 1013 1499 1098 substitit
1521 1017 1720 1097 mercurio
1741 1011 1915 1098 rebelle?

477 1132 629 1214 Annon
654 1123 751 1238 sape
781 1124 961 1239 herpetes
984 1123 1179 1211 infantum
1205 1125 1262 1212 lui
1281 1154 1455 1224 venerea
1480 1152 1634 1242 patrum
1662 1129 1818 1239 accepti
1845 1126 1916 1211 de«

478 1239 641 1342 bentur,
662 1235 870 1352 prasertim
894 1243 986 1321 clim
1008 1241 1054 1322 iis
1071 1243 1253 1325 imminet
1275 1250 1315 1326 br
1338 1241 1452 1357 spinae
1465 1240 1635 1324 ventosa
1652 1246 1692 1323 bt
1711 1241 1912 1324 rachitidis

478 1346 728 1468 periculum?
746 1349 792 1432 In
802 1354 889 1434 viru
904 1349 1155 1460 scorbutico‚
1173 1354 1307 1440 sanato
1322 1353 1533 1457 scorbuto,
1552 1353 1733 1466 herpetes
1744 1350 1829 1436 vidi
1843 1356 1911 1464 qui

477 1493 561 1548 non
574 1460 702 1545 solum
715 1493 808 1546 cum
820 1461 1010 1549 scorbuto
1023 1472 1287 1575 emicuerant,
1304 1467 1370 1554 sed
1381 1465 1462 1575 ejus
1474 1464 1553 1549 sata
1564 1464 1767 1549 evidenter
1776 1465 1913 1575 seque·

477 1575 632 1660 bantur.
657 1575 830 1682 Forsan,
851 1576 919 1660 sed
937 1576 979 1661 id
994 1577 1205 1666 alleverare
1220 1610 1303 1665 non
1318 1583 1462 1688 ausam,
1485 1603 1688 1664 remanent
1700 1579 1786 1694 post
1801 1578 1911 1662 scro-

506 1688 618 1772 hulas
641 1691 799 1802 vestigia
824 1691 1037 1805 herpetica.
1070 1691 1163 1777 Nec
1187 1694 1295 1778 cette
1322 1698 1397 1780 erit
1423 1690 1530 1778 unde
1553 1689 1623 1774 srbi
1646 1719 1728 1774 non
1751 1689 1912 1805 plaudat

349 1793 354 1814 ⁸
477 1721 665 1888 lledicus
676 1863 690 1906 ,
716 1803 744 1884 st
767 1805 919 1919 herpeti
945 1831 1080 1919 praeter
1103 1806 1270 1891 modum
1296 1804 1434 1892 rebelli
1458 1805 1628 1915 aliquam
1653 1801 1810 1889 latentis
1836 1803 1910 1889 luis

477 1942 653 2004 venereae
673 1913 936 2028 suspicionem
956 1917 1128 2004 inducat
1159 1920 1280 2005 Certe
1298 1923 1339 2003 in
1358 1923 1418 2004 his
1435 1920 1586 2033 ingenti
1604 1943 1721 2026 atque
1737 1918 1907 2030 pruden-

477 2024 618 2112 tislrmai
637 2029 824 2113 cautione
849 2059 949 2144 opus
972 2033 1025 2114 est
1051 2039 1093 2115 δε
1116 2029 1139 2117 it
1161 2031 1522 2118 concomitantibus
1546 2031 1659 2142 srgnis
1682 2028 1907 2114 ducendum

477 2142 699 2253 augurium.
727 2141 876 2282 Quaesr
898 2142 1094 2229 defirerint
1113 2146 1239 2260 srgna,
1262 2143 1401 2231 licebit
1415 2143 1552 2229 saltem
1572 2141 1742 2252 aliquam
1763 2141 1908 2227 ducere

477 2249 745 2358 conjeliuram
759 2283 782 2336 a
796 2252 1022 2340 ledentibus
1037 2265 1079 2341 bt
1097 2255 1318 2363 juvantibus
1334 2289 1417 2370 qua
1432 2261 1473 2348 in
1489 2255 1616 2369 longo
1636 2253 1744 2362 malo
1763 2256 1822 2338 sas
1835 2260 1907 2340 erit

477 2368 657 2479 experiri.
683 2367 739 2448 At
759 2396 1017 2478 quacumque
1039 2370 1153 2453 causa
1176 2371 1294 2456 suerit
1305 2433 1320 2478 ,
1350 2369 1420 2454 ubi
1443 2372 1484 2452 in
1506 2366 1699 2482 simplices
1725 2369 1904 2481 herpetes

477 2477 586 2561 versa
605 2480 657 2562 est
671 2479 827 2563 affectio
836 2541 851 2588 ,
870 2480 1051 2566 eamdem
1070 2487 1210 2596 recipit
1227 2484 1481 2600 prognosim,
1501 2480 1641 2569 eadem
1655 2478 1726 2563 fibi
1740 2479 1907 2595 postulat

478 2587 634 2676 auxilia.

485 2747 489 2758 ·
530 2701 672 2818 Vulgi>
689 2709 808 2790 etiam
829 2708 930 2790 inter
948 2710 1154 2821 herpetum
1173 2706 1494 2819 frequentillrmas
1511 2703 1643 2790 causas
1657 2701 1905 2790 recensentur

477 2813 637 2900 affeslus
654 2821 775 2903 animi
790 2823 911 2904 tristes
927 2823 1014 2931 qui,
1032 2824 1126 2906 teste
1144 2822 1352 2906 Sandorio
1360 2883 1374 2926 ,
1423 2821 1715 2933 erspira-tionem
1729 2816 1878 2902 tardant
1887 2881 1903 2924 ,

478 2929 651 3039 vasrsque
674 2935 848 3016 cutaneis
872 2935 1052 3017 inertiam
1077 2942 1118 3017 dt
1144 2939 1316 3019 atoniam
1342 2852 1546 3019 irldbcunt.
1576 2929 1658 3015 Sed
1678 2935 1770 3014 clam
1790 2930 1904 3016 stmul

478 3039 727 3126 coctionibus
757 3048 966 3157 praeprimis
995 3045 1199 3153 officiant,
1223 3075 1330 3162 patet
1360 3046 1409 3131 ad
1438 3046 1593 3131 easdem
1627 3043 1782 3148 causas,
1811 3049 1905 3130 vitia

475 3149 630 3236 scilicet
646 3157 823 3239 humoris
838 3156 1100 3270 perspiratorii
1113 3160 1251 3271 crudi,
1277 3159 1434 3278 vappidi
1443 3220 1458 3267 ,
1480 3166 1522 3243 bt
1540 3156 1590 3240 ad
1607 3157 1699 3240 ostia
1722 3155 1904 3244 vasorum

476 3268 692 3374 morantis,
712 3266 789 3352 elle
802 3266 1043 3354 referendos.
1617 3263 1626 3278 ⁸

531 3378 680 3462 Verium
701 3407 751 3463 ex
766 3383 842 3466 illis
863 3409 933 3496 per
951 3379 1267 3470 observationem
1285 3385 1335 3471 de
1362 3383 1530 3470 rehensrs
1549 3379 1646 3467 utile
1665 3379 1773 3466 certe
1797 3387 1838 3465 dt
1856 3379 1903 3466 ad

475 3496 721 3578 curationem
737 3494 1035 3628 properantibus
1055 3498 1315 3583 commodum
1334 3413 1440 3582 ioret
1457 3499 1716 3581 mutationem
1737 3493 1906 3608 lympha

475 3605 675 3720 physrcam
715 3605 796 3692 olle
813 3635 866 3692 rra
881 3611 993 3694 certo
1009 3611 1171 3696 definire
1178 3675 1194 3721 ,
1210 3638 1256 3696 ut
1270 3612 1455 3697 sciremus
1470 3609 1655 3713 tandem,
1676 3607 1773 3716 quid
1786 3606 1903 3690 faciat

475 3745 519 3802 ut
548 3721 649 3803 cutis
676 3637 759 3803 stila
787 3724 828 3804 in
859 3722 1083 3836 herpetibus
1108 3724 1289 3832 laboret,
1315 3728 1465 3810 inradis
1494 3719 1665 3838 partibus
1691 3717 1904 3824 subjetrist

476 3830 563 3940 Qui
593 3833 662 3916 fiat
693 3859 739 3917 ut
764 3831 912 3917 malum
947 3836 1047 3922 intrit
1078 3837 1290 3925 reticulum
1318 3837 1628 3952 malpighianum
1652 3829 1901 3939 cohibitum,

475 3945 591 4056 possrt
609 3944 813 4061 retropelli
825 4008 841 4055 ,
867 3951 970 4034 intus
990 3953 1088 4035 verb
1107 3951 1289 4066 vulgares
1310 3951 1590 4037 obstrusliones
1615 3947 1788 4050 efficiat,
1811 3949 1901 4030 ciam

475 4057 697 4168 vigentibus
728 4059 954 4176 herpetibus
984 4067 1052 4148 vix
1083 4064 1171 4177 ipsae
1201 4063 1375 4172 subjetrae
1409 4066 1491 4149 cuti
1527 4057 1719 4178 glandula
1750 4085 1900 4173 partem

474 4163 644 4276 aliquam
659 4172 752 4257 mali
767 4177 809 4259 in
826 4175 866 4260 se
884 4175 1116 4292 suscipiant?
1136 4176 1356 4263 Craffitiem
1374 4175 1542 4291 lympha
1557 4175 1728 4288 desrgnat
1742 4171 1903 4256 evidens

473 4276 669 4363 canalium
700 4283 938 4396 obstructio,
970 4289 1195 4376 acredinem
1221 4293 1403 4405 prusinas.
1434 4288 1515 4376 Sed
1542 4284 1612 4374 illa
1639 4288 1759 4370 fixam
1785 4282 1903 4368 nobis

472 4415 591 4500 arque
611 4419 759 4480 certam
783 4399 920 4485 idaeam
941 4433 1024 4488 non
1045 4403 1302 4519 suppeditant.
1892 4454 1898 4480 ι

532 4501 652 4588 Certa
676 4507 781 4593 circi
801 4515 1047 4602 reconditam
1069 4544 1295 4603 atomorum
1314 4515 1476 4602 illorum
1496 4536 1674 4596 naturam
1695 4507 1900 4594 meditanti

471 4609 572 4697 illud
591 4619 758 4729 primum
775 4622 855 4709 sese
870 4627 1012 4734 offert,
1033 4634 1210 4744 generari
1227 4659 1276 4716 ex
1292 4634 1348 4716 rei
1363 4628 1586 4714 necellrtate
1594 4689 1608 4732 ,
1626 4626 1783 4735 quoties
1797 4651 1903 4708 nova

469 4726 517 4812 fit
542 4729 709 4844 partium
737 4736 1010 4848 combinatio,
1037 4744 1216 4856 adeoque
1245 4747 1342 4830 novi
1367 4743 1465 4828 entis
1489 4741 1723 4854 generatio,
1752 4765 1901 4822 novam

467 4845 638 4954 partium
659 4844 858 4960 copulam.
890 4851 954 4940 Ex
976 4854 1054 4942 hale
1076 4884 1208 4944 autem
1230 4855 1335 4948 novi
1357 4856 1641 4972 principiorum
1659 4847 1900 4938 adunatione

727 4981 731 5010 l
