4250 5898
499 433 582 514 5²4
938 401 1070 489 ΒΓΕ.
1110 397 1161 488 Μ
1191 400 1232 487 Ο
1262 399 1367 488 RB
1396 399 1475 487 IS

500 593 610 679 parte
622 563 826 650 habentur.
842 563 940 648 Inde
950 563 1395 676 totempyricaremedia
1404 625 1418 669 ,
1428 587 1492 646 tot
1502 559 1683 646 methodi
1696 559 1936 668 mentando}

500 705 666 786 quatum
684 680 890 761 minimum
904 674 1029 760 scelus
1042 677 1116 783 est,
1132 677 1241 787 qubd
1253 675 1301 760 ab
1314 703 1449 760 earum
1459 674 1771 790 usupraepostero
1782 674 1932 757 malum

501 789 741 872 invalescat:
772 791 839 872 etfi
864 793 968 874 enirn
993 791 1088 873 vitia
1109 789 1160 872 de
1183 786 1324 898 quibus
1341 817 1447 871 nunc
1468 789 1645 900 agimus,
1665 789 1707 869 in
1730 785 1813 900 ipsit
1838 813 1939 870 cute

502 900 727 1006 nascantur,
744 928 819 984 nec
835 899 947 985 altiirs
968 901 1118 984 radices
1139 904 1277 984 infixas
1296 897 1485 1006 habeant,
1500 899 1528 982 sr
1543 899 1782 983 destruannrr
1796 903 1934 981 imma-

501 1012 616 1119 ture,
638 1041 719 1094 non
734 1033 876 1097 vacant
893 1039 1025 1097 tamen
1042 1016 1152 1096 omni
1166 1012 1359 1126 periculo.
1381 1011 1543 1096 Possunt
1560 1013 1678 1096 etiam
1691 1015 1789 1096 vitia
1805 1008 1945 1107 incute¹

500 1125 792 1237 incipientia&
812 1125 975 1238 repelli,
1007 1133 1049 1208 dt
1077 1125 1191 1209 altius
1217 1127 1457 1239 propagari,
1480 1129 1573 1208 ciam
1592 1126 1678 1208 fieri
1706 1124 1853 1238 poffit,
1888 1149 1936 1207 ut

345 1258 379 1322 .’
500 1234 583 1349 ipsa
611 1239 712 1319 cutis
736 1264 978 1350 conceptum
1003 1237 1186 1322 fomitem
1213 1235 1385 1350 partibus
1411 1239 1529 1321 etiarn
1550 1238 1710 1320 interme
1737 1235 1936 1341 infinuet,

502 1350 694 1458 hientque
717 1347 787 1432 sub
813 1350 1055 1464 epidermide
1079 1375 1143 1433 tot
1167 1346 1459 1433 absorbendum
1486 1346 1669 1434 vasorum
1695 1345 1821 1431 millia
1848 1377 1935 1456 quoe

502 1479 700 1546 venenum
722 1457 882 1548 beaussa
905 1460 1066 1547 externi
1087 1465 1129 1544 in
1155 1489 1247 1546 cute
1267 1461 1413 1546 fastum
1437 1467 1478 1543 ὅ(
1503 1460 1741 1566 educatum,
1768 1458 1942 1565 reddant¹

501 1571 719 1686 sanguineo
739 1576 902 1659 fluent0.
930 1573 1059 1686 Quod
1077 1575 1105 1656 st
1124 1571 1262 1684 aliquit·
1273 1571 1508 1688 probatione
1526 1571 1721 1687 indigeret
1740 1575 1826 1688 post
1844 1599 1933 1658 eru·

503 1683 586 1768 dita
605 1683 703 1769 Abr.
730 1686 831 1772 Rau
854 1687 1016 1802 Opera,
1040 1688 1125 1799 post
1152 1685 1408 1800 Hippocratis
1435 1693 1477 1770 dt
1497 1688 1748 1796 antiquorum
1768 1683 1935 1770 sancitas

504 1794 781 1883 observatione
794 1797 925 1912 leges,
940 1807 981 1883 dt
994 1801 1266 1882 inundionum
1278 1796 1570 1883 mercurialium
1584 1798 1780 1902 efficacia,
1796 1803 1840 1881 dt
1860 1795 1936 1882 luis

504 1906 709 1994 variolofae
733 1911 945 1996 methodus
969 1909 1207 1994 inoculatrix
1232 1911 1319 1995 satis
1334 1911 1653 1996 demonstrarent.
1679 1909 1830 1994 Verhm
1851 1939 1933 1994 non

504 2022 672 2102 omnino
687 2021 908 2105 mirandum
922 2025 1001 2126 est,
1019 2023 1045 2104 fi
1062 2048 1142 2105 tarn
1154 2026 1270 2136 pauci
1283 2025 1459 2108 entiores
1478 2021 1528 2107 de
1544 2021 1658 2112 inde
1670 2019 1812 2133 quibus
1828 2051 1934 2106 nunc

502 2130 701 2242 agendum
721 2135 774 2216 est
794 2133 944 2218 morbis
964 2132 1050 2217 fuse
1074 2134 1317 2218 trauandum
1339 2135 1571 2220 censuerint.
1601 2133 1706 2217 Cum
1730 2137 1838 2218 enim
1857 2134 1934 2224 illis

502 2239 593 2326 bati
609 2249 850 2356 caeteroquin
861 2246 1021 2331 sanitate
1035 2246 1306 2354 efflorescant,
1327 2248 1530 2332 fatendum
1543 2248 1596 2330 est
1611 2250 1747 2360 paucis
1761 2249 1927 2330 omnino

504 2353 555 2438 de
572 2359 752 2470 corporis
776 2357 937 2442 externi
960 2358 1219 2445 decoratione
1244 2359 1475 2472 agentibus,
1494 2385 1622 2474 partes
1647 2362 1716 2444 has
1738 2358 1932 2474 susceptat

503 2466 638 2572 suilie,
659 2472 969 2582 gravitatemque
989 2471 1185 2556 medicam
1206 2475 1266 2556 his
1288 2477 1400 2587 nugis
1415 2499 1529 2585 turpe
1547 2472 1742 2557 duxerunt
1763 2470 1932 2578 sacrare,

503 2602 589 2686 quae
608 2600 741 2665 tamen
764 2581 951 2697 negleilae
973 2613 1084 2696 nugae
1107 2583 1204 2670 seria
1223 2584 1382 2701 poliunt
1401 2584 1504 2668 mala
1523 2585 1746 2689 adducere,
1770 2584 1933 2670 officere

382 2739 389 2746 -
502 2691 801 2835 perspiratpni,
826 2699 1029 2780 coitiones
1044 2696 1309 2809 pessumdare,
1335 2700 1565 2782 cachexiam
1584 2699 1804 2804 invehere,
1827 2703 1868 2782 ὅ(
1891 2699 1936 2784 iu

504 2809 696 2917 corporis*
709 2806 960 2894 deformitate
982 2835 1158 2894 mentem
1178 2811 1343 2896 afficere·
1359 2807 1645 2895 melancholii.

751 2997 1256 3088 ARTICULUS
1317 2943 1676 3089 ¹turnus.

568 3155 658 3241 -Dt
681 3157 952 3275 Stigmatibus,
975 3163 1346 3260 Exanthemaribus,
1366 3167 1403 3252 d
1422 3163 1585 3281 Papulas
1605 3167 1629 3251 ἁ
1638 3165 1731 3281 stilo,
1746 3169 1849 3274 cutis

1026 3276 1123 3384 pilio
1142 3278 1408 3392 pendentibus.
1497 3349 1501 3354 .
1579 3323 1596 3355 .·
1702 3333 1715 3352 ι,
1928 3311 1933 3318 ·

559 3447 752 3563 Stigmata
772 3452 897 3564 graeci
918 3489 1053 3560 sayna,
1078 3455 1255 3562 macula,
1282 3461 1469 3571 pundum
1496 3485 1578 3568 quo
1606 3457 1692 3567 quis
1720 3457 1930 3544 inurimrh

500 3561 583 3672 sido
604 3593 761 3676 pungo,
786 3563 1118 3679 vulgohabennrr
1140 3599 1213 3684 pro
1233 3573 1339 3654 notis
1364 3597 1434 3686 per
1461 3597 1583 3654 artem
1610 3573 1665 3652 im
1694 3571 1824 3678 reihe,
1850 3601 1929 3683 que

501 3700 604 3756 notae
630 3673 728 3772 olim
743 3675 860 3760 servis
884 3679 1135 3766 inurebantur
1157 3711 1240 3765 non
1259 3680 1375 3767 bonis
1396 3692 1439 3768 dt
1457 3683 1584 3796 frugi,
1613 3601 1776 3767 sediliis
1800 3689 1869 3794 qui
1885 3684 1931 3769 ad

499 3784 636 3900 sugam
650 3812 759 3871 etant
767 3793 982 3982 propensi:
1004 3791 1155 3878 barbari
1174 3798 1315 3907 paritet
1335 3799 1417 3880 haec
1430 3793 1500 3878 fibi
1515 3793 1722 3880 inurebant
1734 3797 1929 3910 stigmata,

500 3899 605 4010 apud
629 3929 729 4032 quos
753 3901 852 3984 ilud
876 3932 949 4016 pro
975 3933 1210 4038 ornamento
1236 3935 1329 3994 erat.
1361 3907 1472 3991 Hinc
1496 3911 1702 4020 stigmatias
1728 3907 1930 3994 dicebatur

499 4008 1341 4213 bisuntinensis²·
1374 4020 1646 4236 Usula
1661 4023 1799 4154 ‘lu
1825 4020 1929 4198 ud.

499 4257 604 4314 mata
633 4242 676 4316 &-
703 4157 833 4321 versis
863 4238 1025 4356 maligni
1054 4141 1489 4358 dicebanturmliiginaia
1515 4161 1722 4359 ibfligeiem,
1740 4161 1927 4360 egggggld

500 4369 574 4425 uos
594 4343 778 4431 dicuntur
796 4355 968 4466 pungere
984 4355 1130 4468 piqutr.
1154 4356 1201 4438 In
1225 4385 1374 4440 eorum.
1389 4356 1566 4440 manibus
1593 4360 1660 4466 qui
1677 4357 1825 4442 militia
1848 4357 1930 4442 ads·

502 4456 616 4570 cripti
635 4485 744 4543 etant
763 4463 938 4576 stigmata
957 4467 1192 4553 notabantur
1208 4477 1269 4574 (c).
1290 4470 1403 4555 Idem
1426 4477 1467 4554 δι
1486 4468 1766 4555 fabricenfibus
1788 4469 1929 4578 fiebat,

501 4565 761 4680 omnibusque
785 4606 894 4696 ¹quos
932 4580 1116 4666 intererat
1150 4579 1344 4716 latitantes
1378 4582 1552 4698 agnosci.
1591 4581 1672 4670 Sed
1701 4613 1785 4698 quo
1814 4587 1927 4702 pado

538 4697 595 4777 (a)
618 4697 717 4758 Cicero
738 4705 781 4764 lib.
802 4728 817 4764 ι
838 4707 915 4768 orsu.
940 4726 986 4782 25.
1093 4707 1096 4714 '

538 4779 594 4854 (l)
617 4777 775 4842 Suetonio
794 4785 852 4850 Jul.
871 4787 941 4849 Ces.

538 4865 597 4944 ¹(t)
620 4855 722 4970 vega.
738 4861 773 4926 de
791 4884 822 4928 te
837 4867 963 4950 militari,
981 4868 1029 4942 lib.
1048 4891 1082 4950 r,
1097 4893 1157 4961 cap.
1171 4883 1201 4948 8.
