4188 5916
649 451 1140 579 c'u'rnusrs.
1531 489 1608 564 „3

182 642 264 698 non
279 612 405 698 caruit
425 647 436 697 t
459 615 553 700 ideb
568 616 635 700 etfi
651 644 710 701 res
727 617 776 702 ad
796 620 967 702 nostrum
986 617 1112 732 pollet
1129 617 1243 731 diri-gi
1262 614 1452 724 lubitum,
1474 621 1608 706 nescio
1647 657 1650 664 ’

182 758 232 810 an
257 757 340 812 non
362 725 510 838 aliquid
529 732 669 814 incerti
690 757 807 842 atque
825 731 1002 844 ambigui
1027 733 1154 837 foret,
1177 765 1218 816 tn
1241 732 1517 845 praecipitando
1540 745 1611 848 pei

182 841 300 926 hasce
328 844 410 926 vias
430 842 601 949 fomite,
624 874 717 926 cum
742 847 930 927 haerentiae
951 843 1166 957 periculo?
1196 845 1478 930 Verumtamen
1507 878 1526 929 a
1557 848 1612 933 ud

181 955 415 1059 Britannos,
441 982 602 1068 gentem
623 955 885 1044 observationi
906 984 1035 1040 natam
1057 961 1156 1040 &in
1178 959 1346 1041 scientiis
1373 879 1611 1046 naturalibus

182 1073 402 1181 penetranti
417 1069 603 1152 donatam
622 1074 804 1181 ingenio,
826 1071 874 1152 ad
895 1073 1095 1182 lamperes,
1115 1095 1159 1153 ut
1179 1080 1218 1153 ἃ
1239 1069 1338 1153 alios
1351 1071 1612 1160 difficillimos

183 1184 285 1267 cutis
305 1181 469 1266 morbos
486 1185 528 1266 in
549 1181 688 1292 quibus
709 1182 869 1297 lympha
887 1183 1036 1296 spissior
1055 1183 1168 1265 stmul
1190 1193 1231 1267 &
1252 1186 1379 1266 acrior
1400 1190 1610 1300 reperitur,

181 1292 349 1378 invaluit
365 1295 582 1380 remedium
603 1294 713 1404 quod
730 1299 955 1410 inexpertus
973 1297 1250 1382 tantummodo
1269 1295 1317 1381 ab
1339 1325 1478 1382 eorum
1498 1300 1612 1415 scrip·
1693 1299 1699 1313 ’

181 1409 232 1490 tis
254 1415 296 1494 δι
314 1405 526 1492 observatis
541 1407 750 1522 praedicare
767 1409 919 1524 possrrn.
949 1410 1123 1519 Quoties
1143 1409 1297 1494 scilicet
1315 1412 1433 1494 haeret
1451 1410 1612 1526 lympha

184 1528 226 1604 &
243 1519 398 1604 canales
414 1517 601 1629 obstruit,
628 1525 782 1632 quoties
798 1520 866 1604 illa
880 1519 1045 1605 mucosst
1066 1524 1306 1636 stagnatione
1327 1553 1489 1639 peccat,
1512 1533 1613 1610 tinc-

182 1657 311 1716 turam
347 1635 616 1720 cantharidum
647 1633 669 1718 ὲ
728 1632 998 1748 hatmacopaest
1031 1635 1275 1719 Londinensr
1305 1638 1372 1720 usu
1404 1634 1531 1752 longo
1562 1639 1612 1724 ad

182 1771 314 1858 guttas
342 1746 496 1852 XXX,
525 1749 608 1830 irnb
637 1753 678 1831 δι
740 1748 811 1853 'L,
844 1743 1057 1855 adhibent,
1086 1751 1473 1863 potentissimumque
1499 1751 1614 1836 srmul

182 1885 303 1969 atque
322 1859 490 1942 maxime
507 1863 728 1942 innocuum
746 1860 1079 1944 medicamentum
1096 1861 1274 1946 laudibus
1295 1861 1503 1948 extollunt.
1522 1863 1613 1956 Jam

183 1970 286 2054 olim
307 1973 573 2058 vetustilsrm'us
597 1975 731 2056 austor
748 1972 1014 2088 Hippocrates
1036 1979 1098 2077 (a)
1123 1978 1319 2060 internum
1341 1975 1614 2064 cantharidum

184 2085 296 2170 usum
310 2082 486 2198 pluribus
500 2089 541 2168 in
554 2084 702 2170 cafibus
717 2086 1076 2193 commendaverat,
1094 2087 1612 2205 praesertiminhydropicis‚

182 2225 223 2282 at
243 2203 335 2282 cum
356 2199 434 2284 alas
450 2203 623 2284 eximere
647 2199 811 2286 doceret
830 2207 872 2285 &
891 2203 1045 2314 capita,
1070 2200 1206 2312 resque
1228 2199 1393 2288 obscure
1414 2207 1614 2289 enuntiata

183 2312 321 2417 fuerit,
341 2308 418 2418 jam
434 2311 579 2398 Galeni
591 2327 771 2428 ternpore
786 2343 926 2398 eorum
940 2314 1029 2396 usus
1046 2318 1219 2396 internus
1235 2314 1502 2421 metuebatur,
1518 2321 1612 2402 teste

183 2430 304 2508 etiam
316 2424 460 2510 Plinio.
473 2426 704 2510 Tinsturam
713 2451 844 2510 tamen
857 2422 904 2507 ab
913 2425 1195 2510 iisdiureticam
1209 2427 1496 2540 postZacutum
1506 2431 1612 2512 Lun-

184 2566 320 2621 tanum
337 2547 378 2623 ὅ(
390 2535 587 2620 Doloeum
604 2537 785 2622 Thomas
795 2536 933 2624 Willis
949 2538 1009 2641 (b)
1029 2568 1111 2620 non
1123 2539 1357 2645 extruserat,
1374 2538 1441 2622 sed
1453 2544 1521 2623 nist
1533 2539 1611 2646 jam

185 2651 268 2736 sere
288 2654 331 2734 in
350 2647 571 2763 paralyticis
593 2651 728 2733 veslcae
751 2649 898 2734 casibus
921 2680 1004 2733 non
1027 2648 1331 2756 admovebatur,
1356 2652 1485 2736 donec
1509 2655 1611 2766 apud

185 2765 530 2878 Pharmacopaeam
546 2762 841 2848 Londinensem
852 2825 867 2868 ,
887 2790 968 2873 quo
994 2763 1178 2848 Deorum
1201 2765 1438 2848 monstrante
1455 2766 1611 2872 nescio,

187 2873 514 2966 cumcoccinelli
528 2884 569 2962 ὃ(
583 2877 715 2992 spiritu
727 2879 809 2960 vini
819 2873 1032 2966 intinstural
1043 2877 1425 2963 rursuscantharides
1434 2907 1613 2992 apparue-

185 2997 275 3076 rint.
298 2991 419 3074 Hanc
434 2993 639 3076 tindutam
655 2990 750 3073 Ric.
772 2989 907 3074 Mead.
924 2995 982 3093 (c)
1009 3015 1052 3072 ut
1072 2991 1268 3073 summurn
1291 2993 1333 3072 in
1353 2987 1460 3104 lepti
1485 3021 1615 3076 teme·

186 3107 295 3190 dium
311 3103 578 3188 commendat.
603 3103 709 3186 Ante
724 3105 825 3190 hanc
845 3105 1072 3208 tinduram‚
1091 3101 1187 3187 licet
1200 3103 1311 3187 usum
1332 3105 1475 3186 horum
1496 3108 1614 3191 interr

185 3249 282 3304 num
306 3216 427 3327 aliqui
447 3217 813 3302 commendaverint
838 3214 1021 3321 Medici,
1050 3216 1273 3302 universalis
1302 3216 1461 3326 quidem
1487 3225 1614 3304 metus

186 3336 367 3416 onmium
387 3332 540 3414 animos
555 3331 849 3444 praestrinxerat,
867 3354 1030 3413 notante
1046 3356 1129 3414 rem
1146 3332 1305 3414 audore
1321 3333 1361 3412 in
1375 3330 1483 3414 hisce
1499 3329 1616 3418 rebus

186 3445 407 3529 acutissimo
428 3443 588 3526 Friccio
604 3442 683 3546 (d).
697 3443 855 3534 ‚Verum
874 3441 1187 3526 Londinenstum
1200 3441 1460 3532 Medicorum
1481 3441 1615 3528 obser-

97 3643 99 3646 .
177 3586 277 3643 sata
298 3557 349 3652 de
373 3553 486 3658 hujus
513 3558 584 3640 usu
608 3557 796 3640 securiori
819 3584 893 3641 nos
918 3555 1093 3642 edocent
1119 3554 1214 3665 quid
1241 3555 1472 3668 sperandum
1504 3557 1548 3640 stt
1573 3560 1616 3642 in

186 3669 339 3754 morbis
364 3667 533 3748 maxime
559 3667 790 3775 rebellibus,
819 3673 920 3753 cutis
944 3667 1071 3783 lepral,
1090 3667 1366 3782 elephantiasi,
1390 3666 1617 3783 herp'etibus

177 3779 285 3866 mali
309 3782 461 3884 moris,
491 3783 559 3886 qui
585 3781 742 3864 affectus
771 3783 819 3866 ad
848 3786 983 3865 omnia
1010 3780 1086 3865 alia
1113 3782 1285 3868 remedia
1310 3781 1477 3866 rebelles
1502 3777 1618 3885 hujus

189 3895 275 3982 dosr
299 3891 449 3976 alhdub
473 3889 665 4005 assumpta
689 3902 730 3977 &
753 3894 994 4005 permenses
1016 3895 1065 3980 ad
1091 3922 1219 4008 guttas
1245 3895 1366 4005 usque
1388 3894 1468 3975 XL
1492 3897 1619 4005 perui-⁵

189 4011 340 4096 caciter
370 4008 633 4110 continuatae,
666 4011 837 4121 'portenti
868 4011 979 4091 instar
1010 4009 1167 4094 cellsre.
1203 4009 1360 4091 Testem
1381 4035 1515 4118 'unum
1542 4036 1615 4119 pro

191 4116 376 4206 omnibus
403 4116 598 4233 appellare
620 4117 738 4205 liceat
753 4120 790 4210 J.
807 4119 995 4206 Brisbane
1009 4127 1087 4229 (e),
1115 4121 1340 4204 nosocomii
1361 4117 1618 4205 Midlexensrs

181 4233 402 4326 ‚Medicum
418 4233 639 4340 seniorem,
666 4243 707 4318 δι
727 4264 857 4321 rerum
877 4234 1119 4320 medicatum
1142 4230 1433 4314 observatorem
1455 4231 1618 4317 cultim-

192 4375 314 4432 mum.
351 4345 470 4431 Certb
501 4345 641 4456 quibus
669 4338 810 4458 viperae
839 4348 928 4430 usus
959 4345 1060 4429 adeo
1094 4342 1393 4428 commendatur
1419 4344 1549 4430 forsan
1575 4350 1618 4432 in

193 4457 482 4552 cantharidibus
502 4455 698 4545 medelam
720 4464 930 4573 reperiant.¹
1201 4475 1202 4480 '
1277 4543 1281 4549 ,
1556 4535 1560 4542 ,
1595 4488 1604 4531 2
1668 4561 1674 4569 .

232 4617 290 4690 (α)
311 4617 358 4676 De
379 4615 449 4675 Nat.
466 4617 608 4681 muliebri,
624 4614 685 4674 rect.
708 4637 723 4670 2
741 4635 749 4675 s
768 4613 802 4673 de
823 4613 913 4672 Morb.
935 4614 1048 4689 mulier,
1062 4613 1123 4678 sest.
1143 4635 1158 4674 2
1177 4637 1186 4680 s
1205 4614 1239 4676 de
1256 4611 1363 4677 internis
1381 4607 1499 4682 effestib,
1600 4649 1605 4656 ·

234 4696 293 4772 (b)
315 4697 363 4758 De
384 4695 479 4776 Simpl.
499 4694 703 4776 bledlfacult.
722 4695 769 4754 liba
794 4715 832 4772 3,
857 4715 916 4776 cap.
939 4715 986 4760 aa.
1245 4731 1249 4738 ·
1442 4733 1447 4741 ·
1578 4691 1584 4702 ’

229 4779 291 4852 (c)
313 4775 423 4838 Medica
444 4777 548 4846 Sacra,
570 4800 630 4860 cap.
654 4800 683 4839 ι.
1080 4811 1082 4816 ·
1139 4797 1142 4802 ·

230 4855 292 4934 (d)
310 4857 358 4918 De
376 4857 489 4920 Virtute
509 4855 690 4923 Veneriorum
708 4857 840 4930 Medici,
858 4877 917 4944 cap.
931 4852 991 4942 ¹55‘

229 4945 290 5021 (e)
314 4937 427 5029 Apag,
449 4931 482 5016 ζ,
499 4937 535 5000 ad
556 4943 625 5010 18„
