4188 5916
371 513 381 524 ,ι
472 381 579 500 336¹
714 445 718 454 ι
918 386 1027 475 DE
1089 383 1453 475 MORBIS

475 553 607 642 rhodo
631 549 761 638 solura
787 553 967 636 materies
997 577 1067 665 per
1095 549 1255 636 sudores
1285 547 1696 652 exitummoliretur3
1719 545 1761 632 in
1785 547 1912 634 nostrl

478 696 635 774 aurern,
651 672 743 750 cum
758 663 964 750 sudoribus
1005 669 1112 747 arlim
1125 666 1326 750 fidendum
1339 669 1384 748 sit
1396 669 1438 748 in
1450 671 1529 749 oris
1544 663 1913 779 septentrionalibus

482 793 525 868 ὃ(
543 781 623 867 viti
637 777 764 863 nostrl
782 781 1015 891 negotiosa,
1041 783 1218 863 materies
1242 778 1370 863 soluta
1391 788 1432 862 ὃς
1452 780 1500 863 ad
1520 783 1669 862 exitum
1687 777 1913 860 indifferens

482 925 552 1011 per
574 893 706 978 alvum
730 920 899 1006 praeceps
922 894 1049 1004 agitur
1073 895 1223 1006 impetu
1249 920 1369 1002 quem
1389 920 1525 1006 regere
1546 891 1700 974 facilius
1724 887 1914 1000 eli-quam

481 1008 667 1098 sudorum
686 1008 876 1088 excretio

545 1121 650 1203 Cum
671 1145 800 1201 autem
819 1120 957 1230 ingens
977 1115 1290 1224 fitmomentum
1310 1119 1350 1199 in
1372 1117 1551 1202 curandis
1570 1117 1795 1236 herpetibus
1817 1143 1915 1202 atte-

486 1236 692 1318 nuantium
723 1261 817 1312 cum
852 1230 1105 1345 purgantibus
1139 1233 1382 1340 mixtorum,
1411 1233 1534 1314 varias
1564 1258 1614 1314 ex
1642 1234 1915 1316 mercurio&

485 1347 708 1438 antimonlo
733 1348 1028 1458 praeparatioiies
1051 1341 1188 1430 elicuit
1210 1373 1268 1430 ars
1290 1349 1499 1449 enemim,
1527 1375 1610 1456 quae
1628 1343 1769 1426 leniter
1784 1344 1933 1439 alvum,

475 1457 745 1543 -subducendo
774 1458 886 1542 simul
917 1457 1017 1542 intrb
1047 1457 1214 1574 lympha
1243 1485 1393 1544 meatus
1421 1483 1626 1570 penetrare
1657 1459 1813 1570 posslnt.
1850 1457 1918 1538 De

491 1575 712 1655 antimonio
742 1575 810 1654 vix
842 1571 990 1682 aliquid
1018 1573 1127 1682 quod
1156 1572 1331 1656 succellu
1357 1600 1439 1654 non
1472 1597 1602 1654 careat
1631 1577 1672 1653 ὃ(
1701 1573 1767 1653 cui
1797 1569 1918 1653 fidere

491 1683 567 1768 soli
589 1687 705 1798 polsit
727 1684 894 1798 prudens
919 1683 1132 1790 Medicus,
1162 1685 1299 1769 elicuit
1324 1685 1516 1783 chemia3
1546 1713 1636 1766 narn
1659 1681 1842 1796 sulphura
1869 1710 1917 1764 cx

476 1801 708 1882 ·antimonio
735 1801 855 1908 petita
877 1825 943 1881 aut
969 1798 1018 1881 ad
1043 1797 1203 1882 sudores
1231 1798 1385 1902 ferunt,
1413 1823 1478 1878 aut
1500 1799 1708 1880 emeticam
1730 1798 1917 1880 virtutem

490 1913 655 1994 servant.
673 1909 789 1991 Unde
802 1913 868 1992 vix
888 1911 957 1992 nisi
970 1911 1143 1994 resinosis
1159 1913 1323 1994 reniixta
1338 1907 1591 2024 purgantibus
1605 1911 1646 1990 in
1663 1910 1786 1991 finem
1804 1905 1918 1994 nobis

487 2024 731 2139 propositum
757 2021 902 2131 aliquid
926 2023 1083 2138 poliunt
1109 2021 1268 2136 sulphur
1293 2048 1470 2106 auratum
1483 2083 1497 2128 ‚
1524 2027 1675 2106 uermes
1701 2019 1890 2107 minerale
1903 2082 1917 2129 ,

490 2139 653 2220 materia
675 2131 823 2249 perlata
846 2135 1040 2247 Krugeri‚
1068 2145 1147 2220 &c
1170 2144 1211 2220 dr
1234 2134 1308 2218 alia
1329 2134 1464 2219 multa.

551 2250 608 2330 At
639 2244 779 2330 melius
814 2277 907 2328 cuni
925 2251 1138 2330 mercurio
1167 2246 1310 2332 salibus
1346 2247 1562 2334 secundbm
1597 2273 1720 2332 artem
1751 2251 1919 2332 remixto

490 2364 621 2445 atium
656 2362 720 2442 est.
763 2360 986 2444 Mercurius
1017 2359 1246 2444 sublimatus
1280 2360 1406 2445 dulcis
1421 2421 1435 2467 ,
1468 2388 1645 2473 panacaea
1679 2361 1919 2445 mercurialis

491 2473 645 2583 aliaque
667 2469 888 2578 hujusmodi
908 2500 1115 2587 praeparata
1132 2471 1307 2588 pluribus
1326 2473 1458 2558 alvum
1478 2469 1619 2555 leniter
1640 2471 1773 2556 laxant
1781 2536 1796 2580 ,
1821 2471 1921 2586 apud

493 2615 633 2670 omnes
647 2589 928 2670 attenuantium
941 2589 1071 2670 vicem
1086 2589 1276 2700 praestant,
1293 2584 1510 2696 locumque
1519 2585 1612 2668 dant
1624 2612 1666 2669 ur
1677 2589 1778 2668 inter
1788 2613 1922 2669 earum

492 2697 697 2783 intervalla
716 2696 1004 2812 potentioribus
1020 2726 1174 2783 utamur
1190 2703 1426 2783 catharticis.
1444 2699 1555 2781 Hinc
1572 2701 1689 2781 etiam
1702 2701 1806 2782 varia
1855 2729 1923 2781 rs:-

493 2839 625 2926 parata
645 2813 882 2896 concinnata
903 2812 990 2894 lunt
1010 2840 1058 2896 ex
1079 2813 1211 2896 resinis
1232 2811 1345 2895 simul
1369 2820 1410 2898 ὃ(
1430 2814 1628 2895 mercurio
1647 2814 1699 2894 ira
1715 2814 1757 2893 in
1780 2729 1924 2924 piliilas

495 2927 693 3028 remixtis,
715 2950 760 3006 ut
781 2954 887 3007 nunc
911 2924 1069 3008 fortiori
1087 2925 1172 3010 doli
1195 2949 1380 3036 tanquam
1406 2927 1610 3040 purgantis
1633 2924 1789 3029 offerri,
1817 2954 1925 3008 nunc

493 3036 699 3120 remissiori
715 3033 961 3120 alteraiitium
975 3040 1066 3120 vice
1084 3038 1195 3151 fungi
1210 3038 1365 3152 poffint.
1386 3040 1493 3122 Inter
1509 3039 1591 3120 haec
1602 3061 1811 3152 praeparata
1827 3042 1924 3121 enii-

496 3175 593 3232 nent
616 3146 744 3262 pilulae
764 3145 1015 3232 mercuriales
1039 3149 1062 3233 ὲ
1091 3150 1392 3266 Pharmacopaeil
1418 3149 1638 3256 parisiensi,
1668 3179 1835 3260 quatum
1862 3150 1923 3234 sex

526 3291 616 3343 iana
628 3323 643 3366 ,
667 3258 733 3344 vel
756 3263 848 3344 obbo
874 3259 1039 3345 alterant
1061 3271 1103 3347 ὅ(
1135 3261 1314 3370 solvunt,
1346 3267 1504 3379 triginta
1530 3260 1596 3347 vel
1625 3257 1739 3377 plura
1770 3259 1924 3346 adultos

494 3292 601 3459 belle
623 3399 793 3458 vacuant
804 3435 819 3478 ‚
844 3400 911 3459 aut
932 3374 1089 3460 famosa
1112 3373 1186 3459 illae
1207 3376 1383 3462 Bellostii
1407 3379 1594 3488 Chirurgi
1613 3403 1763 3461 nomen
1793 3375 1925 3491 prafe-

495 3514 625 3571 rentes
655 3514 705 3570 ex
734 3483 857 3571 relinil
889 3489 1161 3575 evidenter&
1191 3495 1388 3574 mercurio
1408 3493 1504 3574 vivo
1531 3491 1709 3573 conflata
1721 3551 1736 3594 ,
1763 3517 1925 3599 quarum

496 3603 816 3715 preparationem
851 3599 1003 3715 publici
1039 3599 1132 3708 juris
1162 3603 1262 3686 'fecit
1292 3608 1352 3688 vir
1389 3601 1587 3720 singularis
1621 3605 1664 3686 in
1697 3599 1925 3686 Pharmacil

495 3740 615 3822 atque
638 3711 807 3796 Chemid
826 3713 1009 3797 dodrinae
1033 3716 1099 3802 Cl.
1126 3717 1288 3801 Baume.

552 3825 663 3909 Hinc
692 3854 863 3940 corpore
884 3825 985 3910 bene
1008 3857 1219 3944 praeparato
1247 3827 1504 3944 perlongum
1527 3827 1761 3912 balneorum
1786 3827 1924 3932 usum,

497 3966 568 4054 per
589 3939 788 4025 alterantia
808 3936 957 4044 juscula
969 4000 984 4046 ,
1012 3941 1327 4055 refrigerantibus
1352 3947 1537 4048 remixta,
1561 3940 1629 4025 ubi
1651 3939 1698 4022 ad
1722 3943 1827 4025 hanc
1850 3968 1927 4024 me·

496 4053 667 4154 rhodum
693 4079 953 4166 pervenerunt
976 4053 1152 4158 Medici,
1179 4061 1264 4138 tlini
1288 4056 1413 4138 dosim
1436 4086 1508 4171 pro
1537 4081 1647 4139 arare
1680 4061 1721 4138 dt
1746 4057 1927 4168 corporis

499 4167 778 4251 constitutione
802 4168 976 4273 variam,
998 4164 1064 4249 sed
1087 4167 1288 4254 refradlam
1311 4178 1352 4252 ὃς
1372 4173 1439 4253 vix
1465 4194 1694 4282 purgantem
1715 4167 1927 4272 adhibent,

502 4281 544 4355 dc
573 4277 656 4404 post
689 4275 840 4386 aliquot
866 4279 949 4364 dies
979 4277 1063 4362 dosi
1095 4285 1320 4394 potentiore
1348 4308 1538 4388 utuntur,
1563 4282 1692 4364 donec
1722 4283 1931 4396 herpetum

501 4387 722 4472 mirificatio
746 4387 870 4474 lenius
898 4420 962 4477 eas
991 4390 1130 4506 pilulas
1158 4393 1369 4479 admovere
1393 4395 1560 4478 suadeat.
1590 4395 1681 4476 Nec
1710 4397 1751 4474 in
1783 4421 1933 4508 corpo-

501 4495 608 4579 ribus
632 4501 679 4582 ad
703 4500 896 4614 aspedum
921 4503 1126 4590 simillimis
1154 4505 1256 4590 dosis
1283 4507 1422 4591 eadem
1451 4507 1534 4590 usui
1562 4509 1765 4589 convenit.
1800 4507 1933 4620 Expe-

476 4611 637 4691 .rieiitia
661 4610 768 4697 brevi
792 4611 935 4700 limites
956 4615 1099 4722 docet,
1128 4623 1169 4699 bc
1194 4617 1484 4732 longitudinem
1509 4618 1598 4702 ustis
1618 4621 1845 4733 promptior
1869 4647 1936 4704 aut

476 4719 644 4820 ,lentior
668 4726 765 4808 cutis
785 4729 950 4810 mutatio
968 4726 1212 4816 determinat.
1236 4732 1336 4815 Inde
1359 4731 1407 4814 ad
1428 4728 1655 4815 roborantia
1674 4734 1720 4816 fit
1739 4734 1935 4816 transitus.

554 4833 702 4918 verum
729 4833 825 4922 licet
852 4838 1064 4926 methodus
1090 4843 1270 4957 herpetes
1298 4871 1367 4956 per
1398 4845 1612 4930 cathartica
1638 4845 1805 4928 eruendi
1833 4849 1938 4935 iuret

1693 4958 1939 5072 compositas
