<?xml version="1.0" encoding="UTF-8"?>
<!DOCTYPE html PUBLIC "-//W3C//DTD XHTML 1.0 Transitional//EN"
    "http://www.w3.org/TR/xhtml1/DTD/xhtml1-transitional.dtd">
<html xmlns="http://www.w3.org/1999/xhtml" xml:lang="en" lang="en">
 <head>
  <title>
</title>
<meta http-equiv="Content-Type" content="text/html;charset=utf-8" />
  <meta name='ocr-system' content='tesseract 3.04.00' />
  <meta name='ocr-capabilities' content='ocr_page ocr_carea ocr_par ocr_line ocrx_word'/>
</head>
<body>
  <div class='ocr_page' id='page_1' title='image "./tractatusdemorb00cavegoog_0633.png"; bbox 0 0 4292 5904; ppageno 0'>
   <div class='ocr_carea' id='block_1_1' title="bbox 695 387 1641 565">
    <p class='ocr_par' dir='ltr' id='par_1_1' title="bbox 695 387 1641 565">
     <span class='ocr_line' id='line_1_1' title="bbox 695 387 1641 565; baseline 0.006 -29"><span class='ocrx_word' id='word_1_1' title='bbox 695 387 1170 536; x_wconf 77' lang='lat' dir='ltr'>carnunts</span> <span class='ocrx_word' id='word_1_2' title='bbox 1557 449 1641 565; x_wconf 60' lang='lat' dir='ltr'>sm</span> 
     </span>
    </p>
   </div>
   <div class='ocr_carea' id='block_1_2' title="bbox 205 607 1649 956">
    <p class='ocr_par' dir='ltr' id='par_1_2' title="bbox 205 607 1649 956">
     <span class='ocr_line' id='line_1_2' title="bbox 207 607 1640 727; baseline 0.003 -27"><span class='ocrx_word' id='word_1_3' title='bbox 207 617 409 716; x_wconf 59' lang='lat' dir='ltr'>remotam</span> <span class='ocrx_word' id='word_1_4' title='bbox 434 639 510 698; x_wconf 87' lang='lat' dir='ltr'>nec</span> <span class='ocrx_word' id='word_1_5' title='bbox 535 609 804 727; x_wconf 79' lang='lat' dir='ltr'><strong>intelligemus</strong></span> <span class='ocrx_word' id='word_1_6' title='bbox 832 641 903 697; x_wconf 92' lang='lat' dir='ltr'>cur</span> <span class='ocrx_word' id='word_1_7' title='bbox 927 607 1090 695; x_wconf 86' lang='lat' dir='ltr'>morbus</span> <span class='ocrx_word' id='word_1_8' title='bbox 1118 612 1184 696; x_wconf 77' lang='lat' dir='ltr'>ille</span> <span class='ocrx_word' id='word_1_9' title='bbox 1206 609 1428 720; x_wconf 86' lang='lat' dir='ltr'>Sarmatas,</span> <span class='ocrx_word' id='word_1_10' title='bbox 1454 611 1540 702; x_wconf 84' lang='lat' dir='ltr'>aliis</span> <span class='ocrx_word' id='word_1_11' title='bbox 1593 648 1640 704; x_wconf 91' lang='lat' dir='ltr'>o·</span> 
     </span>
     <span class='ocr_line' id='line_1_3' title="bbox 205 717 1647 846; baseline 0.004 -34"><span class='ocrx_word' id='word_1_12' title='bbox 205 727 308 846; x_wconf 89' lang='lat' dir='ltr'>pulis</span> <span class='ocrx_word' id='word_1_13' title='bbox 325 724 519 834; x_wconf 85' lang='lat' dir='ltr'>exclusis,</span> <span class='ocrx_word' id='word_1_14' title='bbox 540 729 733 840; x_wconf 75' lang='lat' dir='ltr'>attingat?</span> <span class='ocrx_word' id='word_1_15' title='bbox 752 729 860 812; x_wconf 87' lang='lat' dir='ltr'>Nam</span> <span class='ocrx_word' id='word_1_16' title='bbox 882 717 1018 810; x_wconf 79' lang='lat' dir='ltr'>etsr&#39;&amp;</span> <span class='ocrx_word' id='word_1_17' title='bbox 1038 728 1216 839; x_wconf 88' lang='lat' dir='ltr'>impexi,.</span> <span class='ocrx_word' id='word_1_18' title='bbox 1229 732 1273 810; x_wconf 79' lang='lat' dir='ltr'>bt</span> <span class='ocrx_word' id='word_1_19' title='bbox 1286 722 1467 816; x_wconf 84' lang='lat' dir='ltr'>sordibus</span> <span class='ocrx_word' id='word_1_20' title='bbox 1489 757 1569 843; x_wconf 87' lang='lat' dir='ltr'>opp</span> <span class='ocrx_word' id='word_1_21' title='bbox 1612 736 1647 818; x_wconf 86' lang='lat' dir='ltr'>ti-</span> 
     </span>
     <span class='ocr_line' id='line_1_4' title="bbox 206 836 1649 956; baseline 0.003 -29"><span class='ocrx_word' id='word_1_22' title='bbox 206 843 279 927; x_wconf 85' lang='lat' dir='ltr'>fint</span> <span class='ocrx_word' id='word_1_23' title='bbox 308 841 512 927; x_wconf 86' lang='lat' dir='ltr'>miserrimi</span> <span class='ocrx_word' id='word_1_24' title='bbox 538 842 748 924; x_wconf 90' lang='lat' dir='ltr'>hominum</span> <span class='ocrx_word' id='word_1_25' title='bbox 777 836 927 924; x_wconf 91' lang='lat' dir='ltr'>Poloni</span> <span class='ocrx_word' id='word_1_26' title='bbox 951 841 1114 952; x_wconf 81' lang='lat' dir='ltr'>agrestes</span> <span class='ocrx_word' id='word_1_27' title='bbox 1127 900 1143 945; x_wconf 89' lang='lat'>‚</span> <span class='ocrx_word' id='word_1_28' title='bbox 1170 842 1238 924; x_wconf 86' lang='lat' dir='ltr'>vix</span> <span class='ocrx_word' id='word_1_29' title='bbox 1265 839 1306 922; x_wconf 89' lang='lat' dir='ltr'>in</span> <span class='ocrx_word' id='word_1_30' title='bbox 1331 839 1413 924; x_wconf 86' lang='lat' dir='ltr'>hoc</span> <span class='ocrx_word' id='word_1_31' title='bbox 1436 837 1649 956; x_wconf 70' lang='lat' dir='ltr'>breliquia</span> 
     </span>
    </p>
   </div>
   <div class='ocr_carea' id='block_1_3' title="bbox 205 913 1936 1088">
    <p class='ocr_par' dir='ltr' id='par_1_3' title="bbox 205 913 1936 1088">
     <span class='ocr_line' id='line_1_5' title="bbox 205 913 1936 1088; baseline -0.014 -39"><span class='ocrx_word' id='word_1_32' title='bbox 205 957 461 1088; x_wconf 71' lang='lat' dir='ltr'>pauperrimis</span> <span class='ocrx_word' id='word_1_33' title='bbox 489 961 530 1038; x_wconf 80' lang='lat' dir='ltr'>dt</span> <span class='ocrx_word' id='word_1_34' title='bbox 558 956 705 1038; x_wconf 85' lang='lat' dir='ltr'>rusticis</span> <span class='ocrx_word' id='word_1_35' title='bbox 729 950 895 1037; x_wconf 89' lang='lat' dir='ltr'>aliarum</span> <span class='ocrx_word' id='word_1_36' title='bbox 920 955 1098 1066; x_wconf 82' lang='lat' dir='ltr'>gentium</span> <span class='ocrx_word' id='word_1_37' title='bbox 1124 951 1322 1038; x_wconf 84' lang='lat' dir='ltr'>differunt.</span> <span class='ocrx_word' id='word_1_38' title='bbox 1352 949 1526 1038; x_wconf 70' lang='lat' dir='ltr'>Aliunde</span> <span class='ocrx_word' id='word_1_39' title='bbox 1546 963 1650 1044; x_wconf 75' lang='lat' dir='ltr'>uero</span> <span class='ocrx_word' id='word_1_40' title='bbox 1811 973 1827 996; x_wconf 57' lang='lat'>⁸</span> <span class='ocrx_word' id='word_1_41' title='bbox 1929 913 1936 920; x_wconf 92' lang='lat'>.</span> 
     </span>
    </p>
   </div>
   <div class='ocr_carea' id='block_1_4' title="bbox 206 1063 1662 3683">
    <p class='ocr_par' dir='ltr' id='par_1_4' title="bbox 206 1063 1659 2764">
     <span class='ocr_line' id='line_1_6' title="bbox 207 1063 1646 1180; baseline 0.003 -30"><span class='ocrx_word' id='word_1_42' title='bbox 207 1094 318 1151; x_wconf 89' lang='lat' dir='ltr'>arunt</span> <span class='ocrx_word' id='word_1_43' title='bbox 346 1072 525 1154; x_wconf 66' lang='lat' dir='ltr'>sudores</span> <span class='ocrx_word' id='word_1_44' title='bbox 560 1067 700 1180; x_wconf 78' lang='lat' dir='ltr'>quod,</span> <span class='ocrx_word' id='word_1_45' title='bbox 735 1063 834 1150; x_wconf 73' lang='lat' dir='ltr'>licet</span> <span class='ocrx_word' id='word_1_46' title='bbox 865 1065 915 1150; x_wconf 86' lang='lat' dir='ltr'>ad</span> <span class='ocrx_word' id='word_1_47' title='bbox 939 1093 1079 1150; x_wconf 88' lang='lat' dir='ltr'>omnes</span> <span class='ocrx_word' id='word_1_48' title='bbox 1099 1064 1208 1176; x_wconf 72' lang='lat' dir='ltr'>aque</span> <span class='ocrx_word' id='word_1_49' title='bbox 1235 1069 1427 1180; x_wconf 82' lang='lat' dir='ltr'>pertineat</span> <span class='ocrx_word' id='word_1_50' title='bbox 1457 1067 1646 1178; x_wconf 80' lang='lat' dir='ltr'>morbus,</span> 
     </span>
     <span class='ocr_line' id='line_1_7' title="bbox 206 1177 1648 1294; baseline 0.002 -28"><span class='ocrx_word' id='word_1_51' title='bbox 206 1180 393 1266; x_wconf 85' lang='lat' dir='ltr'>mulieres</span> <span class='ocrx_word' id='word_1_52' title='bbox 418 1207 551 1267; x_wconf 78' lang='lat' dir='ltr'>tannen</span> <span class='ocrx_word' id='word_1_53' title='bbox 577 1210 642 1264; x_wconf 89' lang='lat' dir='ltr'>ma</span> <span class='ocrx_word' id='word_1_54' title='bbox 669 1182 702 1264; x_wconf 90' lang='lat' dir='ltr'>is</span> <span class='ocrx_word' id='word_1_55' title='bbox 733 1183 899 1292; x_wconf 84' lang='lat' dir='ltr'>attingat</span> <span class='ocrx_word' id='word_1_56' title='bbox 922 1209 1005 1291; x_wconf 87' lang='lat' dir='ltr'>quae</span> <span class='ocrx_word' id='word_1_57' title='bbox 1031 1207 1164 1262; x_wconf 89' lang='lat' dir='ltr'>curam</span> <span class='ocrx_word' id='word_1_58' title='bbox 1192 1177 1428 1293; x_wconf 89' lang='lat' dir='ltr'>capillorum</span> <span class='ocrx_word' id='word_1_59' title='bbox 1453 1208 1529 1294; x_wconf 81' lang='lat' dir='ltr'>pra</span> <span class='ocrx_word' id='word_1_60' title='bbox 1554 1185 1648 1270; x_wconf 86' lang='lat' dir='ltr'>vitis</span> 
     </span>
     <span class='ocr_line' id='line_1_8' title="bbox 207 1211 1650 1408; baseline 0.001 -28"><span class='ocrx_word' id='word_1_61' title='bbox 207 1319 351 1408; x_wconf 83' lang='lat' dir='ltr'>gerunt</span> <span class='ocrx_word' id='word_1_62' title='bbox 363 1353 379 1404; x_wconf 82' lang='lat'>‚</span> <span class='ocrx_word' id='word_1_63' title='bbox 413 1323 490 1380; x_wconf 87' lang='lat' dir='ltr'>nec</span> <span class='ocrx_word' id='word_1_64' title='bbox 523 1211 727 1380; x_wconf 67' lang='lat' dir='ltr'>nobilibus</span> <span class='ocrx_word' id='word_1_65' title='bbox 756 1295 883 1408; x_wconf 88' lang='lat' dir='ltr'>parcit</span> <span class='ocrx_word' id='word_1_66' title='bbox 912 1288 1053 1406; x_wconf 86' lang='lat' dir='ltr'>quibus</span> <span class='ocrx_word' id='word_1_67' title='bbox 1092 1290 1199 1376; x_wconf 71' lang='lat' dir='ltr'>certe</span> <span class='ocrx_word' id='word_1_68' title='bbox 1230 1291 1339 1376; x_wconf 89' lang='lat' dir='ltr'>nulla</span> <span class='ocrx_word' id='word_1_69' title='bbox 1376 1290 1650 1406; x_wconf 86' lang='lat' dir='ltr'>exprobranda</span> 
     </span>
     <span class='ocr_line' id='line_1_9' title="bbox 206 1403 1650 1524; baseline 0.001 -32"><span class='ocrx_word' id='word_1_70' title='bbox 206 1411 391 1516; x_wconf 89' lang='lat' dir='ltr'>incuria,</span> <span class='ocrx_word' id='word_1_71' title='bbox 430 1415 472 1492; x_wconf 79' lang='lat' dir='ltr'>dt</span> <span class='ocrx_word' id='word_1_72' title='bbox 509 1411 577 1519; x_wconf 90' lang='lat' dir='ltr'>qui</span> <span class='ocrx_word' id='word_1_73' title='bbox 609 1407 713 1524; x_wconf 90' lang='lat' dir='ltr'>apud</span> <span class='ocrx_word' id='word_1_74' title='bbox 747 1433 900 1492; x_wconf 87' lang='lat' dir='ltr'>veteres</span> <span class='ocrx_word' id='word_1_75' title='bbox 935 1403 1117 1522; x_wconf 82' lang='lat' dir='ltr'>Polonos</span> <span class='ocrx_word' id='word_1_76' title='bbox 1152 1407 1282 1520; x_wconf 88' lang='lat' dir='ltr'>capite</span> <span class='ocrx_word' id='word_1_77' title='bbox 1316 1405 1402 1488; x_wconf 86' lang='lat' dir='ltr'>raso</span> <span class='ocrx_word' id='word_1_78' title='bbox 1438 1405 1650 1521; x_wconf 84' lang='lat' dir='ltr'>distingue-</span> 
     </span>
     <span class='ocr_line' id='line_1_10' title="bbox 206 1516 1651 1630; baseline 0.003 -24"><span class='ocrx_word' id='word_1_79' title='bbox 206 1519 362 1607; x_wconf 86' lang='lat' dir='ltr'>bantur.</span> <span class='ocrx_word' id='word_1_80' title='bbox 401 1522 555 1610; x_wconf 89' lang='lat' dir='ltr'>Vitium</span> <span class='ocrx_word' id='word_1_81' title='bbox 598 1523 640 1604; x_wconf 93' lang='lat' dir='ltr'>in</span> <span class='ocrx_word' id='word_1_82' title='bbox 679 1533 768 1606; x_wconf 74' lang='lat' dir='ltr'>aere</span> <span class='ocrx_word' id='word_1_83' title='bbox 808 1518 967 1605; x_wconf 72' lang='lat' dir='ltr'>aliunde</span> <span class='ocrx_word' id='word_1_84' title='bbox 1001 1516 1256 1605; x_wconf 88' lang='lat' dir='ltr'>saluberrimo</span> <span class='ocrx_word' id='word_1_85' title='bbox 1297 1547 1467 1630; x_wconf 79' lang='lat' dir='ltr'>quarere</span> <span class='ocrx_word' id='word_1_86' title='bbox 1502 1551 1651 1610; x_wconf 84' lang='lat' dir='ltr'>vanum</span> 
     </span>
     <span class='ocr_line' id='line_1_11' title="bbox 209 1631 1651 1746; baseline 0.001 -28"><span class='ocrx_word' id='word_1_87' title='bbox 209 1636 304 1734; x_wconf 83' lang='lat' dir='ltr'>est3</span> <span class='ocrx_word' id='word_1_88' title='bbox 339 1637 434 1718; x_wconf 78' lang='lat' dir='ltr'>ciam</span> <span class='ocrx_word' id='word_1_89' title='bbox 468 1639 574 1720; x_wconf 92' lang='lat' dir='ltr'>enim</span> <span class='ocrx_word' id='word_1_90' title='bbox 609 1633 744 1736; x_wconf 83' lang='lat' dir='ltr'>dicant</span> <span class='ocrx_word' id='word_1_91' title='bbox 780 1633 858 1720; x_wconf 81' lang='lat' dir='ltr'>elle</span> <span class='ocrx_word' id='word_1_92' title='bbox 895 1631 996 1718; x_wconf 90' lang='lat' dir='ltr'>illud</span> <span class='ocrx_word' id='word_1_93' title='bbox 1034 1634 1180 1741; x_wconf 87' lang='lat' dir='ltr'>aquis,</span> <span class='ocrx_word' id='word_1_94' title='bbox 1217 1662 1300 1742; x_wconf 86' lang='lat' dir='ltr'>quat</span> <span class='ocrx_word' id='word_1_95' title='bbox 1331 1659 1381 1716; x_wconf 86' lang='lat' dir='ltr'>ex</span> <span class='ocrx_word' id='word_1_96' title='bbox 1415 1631 1512 1716; x_wconf 90' lang='lat' dir='ltr'>Hun</span> <span class='ocrx_word' id='word_1_97' title='bbox 1543 1633 1651 1746; x_wconf 72' lang='lat' dir='ltr'>arii,</span> 
     </span>
     <span class='ocr_line' id='line_1_12' title="bbox 208 1665 1652 1858; baseline 0.001 -27"><span class='ocrx_word' id='word_1_98' title='bbox 208 1746 312 1831; x_wconf 75' lang='lat' dir='ltr'>terri</span> <span class='ocrx_word' id='word_1_99' title='bbox 338 1751 523 1854; x_wconf 88' lang='lat' dir='ltr'>mineris,</span> <span class='ocrx_word' id='word_1_100' title='bbox 547 1755 588 1832; x_wconf 77' lang='grc' dir='ltr'>ὅ(</span> <span class='ocrx_word' id='word_1_101' title='bbox 615 1747 777 1858; x_wconf 86' lang='lat' dir='ltr'>quidem</span> <span class='ocrx_word' id='word_1_102' title='bbox 798 1743 932 1856; x_wconf 89' lang='lat' dir='ltr'>multis</span> <span class='ocrx_word' id='word_1_103' title='bbox 962 1741 1237 1832; x_wconf 85' lang='lat' dir='ltr'>arsenicalibus</span> <span class='ocrx_word' id='word_1_104' title='bbox 1262 1744 1426 1852; x_wconf 68' lang='lat' dir='ltr'>insedi,</span> <span class='ocrx_word' id='word_1_105' title='bbox 1456 1749 1498 1828; x_wconf 93' lang='lat' dir='ltr'>in</span> <span class='ocrx_word' id='word_1_106' title='bbox 1514 1665 1652 1833; x_wconf 63' lang='lat' dir='ltr'>l&#39;olo-</span> 
     </span>
     <span class='ocr_line' id='line_1_13' title="bbox 208 1857 1654 1974; baseline 0.003 -31"><span class='ocrx_word' id='word_1_107' title='bbox 208 1861 316 1943; x_wconf 91' lang='lat' dir='ltr'>niam</span> <span class='ocrx_word' id='word_1_108' title='bbox 346 1858 526 1945; x_wconf 85' lang='lat' dir='ltr'>defluunt</span> <span class='ocrx_word' id='word_1_109' title='bbox 555 1860 882 1972; x_wconf 78' lang='lat' dir='ltr'>adscribendum,</span> <span class='ocrx_word' id='word_1_110' title='bbox 912 1861 1067 1948; x_wconf 89' lang='lat' dir='ltr'>causam</span> <span class='ocrx_word' id='word_1_111' title='bbox 1089 1885 1304 1974; x_wconf 87' lang='lat' dir='ltr'>perennem</span> <span class='ocrx_word' id='word_1_112' title='bbox 1335 1857 1531 1972; x_wconf 87' lang='lat' dir='ltr'>allegant,</span> <span class='ocrx_word' id='word_1_113' title='bbox 1560 1863 1654 1947; x_wconf 82' lang='lat' dir='ltr'>crim</span> 
     </span>
     <span class='ocr_line' id='line_1_14' title="bbox 208 1970 1654 2089; baseline 0 -34"><span class='ocrx_word' id='word_1_114' title='bbox 208 1970 375 2058; x_wconf 87' lang='lat' dir='ltr'>morbus</span> <span class='ocrx_word' id='word_1_115' title='bbox 418 1973 500 2089; x_wconf 91' lang='lat' dir='ltr'>ipse</span> <span class='ocrx_word' id='word_1_116' title='bbox 536 2003 612 2058; x_wconf 88' lang='lat' dir='ltr'>nec</span> <span class='ocrx_word' id='word_1_117' title='bbox 649 1974 803 2087; x_wconf 85' lang='lat' dir='ltr'>semper</span> <span class='ocrx_word' id='word_1_118' title='bbox 837 1976 1045 2080; x_wconf 87' lang='lat' dir='ltr'>extiterit,</span> <span class='ocrx_word' id='word_1_119' title='bbox 1082 1977 1124 2054; x_wconf 78' lang='lat' dir='ltr'>dt</span> <span class='ocrx_word' id='word_1_120' title='bbox 1159 1974 1226 2055; x_wconf 88' lang='lat' dir='ltr'>vix</span> <span class='ocrx_word' id='word_1_121' title='bbox 1246 1971 1487 2054; x_wconf 77' lang='lat' dir='ltr'>adhucdum</span> <span class='ocrx_word' id='word_1_122' title='bbox 1519 1977 1654 2064; x_wconf 65' lang='lat' dir='ltr'>eadiet.</span> 
     </span>
     <span class='ocr_line' id='line_1_15' title="bbox 208 2081 1657 2201; baseline 0.001 -31"><span class='ocrx_word' id='word_1_123' title='bbox 208 2086 358 2198; x_wconf 85' lang='lat' dir='ltr'>Ingens</span> <span class='ocrx_word' id='word_1_124' title='bbox 382 2087 580 2170; x_wconf 87' lang='lat' dir='ltr'>causatum</span> <span class='ocrx_word' id='word_1_125' title='bbox 607 2086 805 2201; x_wconf 87' lang='lat' dir='ltr'>disparitas</span> <span class='ocrx_word' id='word_1_126' title='bbox 827 2086 880 2169; x_wconf 90' lang='lat' dir='ltr'>est</span> <span class='ocrx_word' id='word_1_127' title='bbox 902 2087 1099 2169; x_wconf 86' lang='lat' dir='ltr'>intereos</span> <span class='ocrx_word' id='word_1_128' title='bbox 1124 2085 1193 2192; x_wconf 92' lang='lat' dir='ltr'>qui</span> <span class='ocrx_word' id='word_1_129' title='bbox 1214 2081 1341 2166; x_wconf 84' lang='lat' dir='ltr'>scelus</span> <span class='ocrx_word' id='word_1_130' title='bbox 1359 2085 1400 2166; x_wconf 94' lang='lat' dir='ltr'>in</span> <span class='ocrx_word' id='word_1_131' title='bbox 1421 2087 1529 2194; x_wconf 90' lang='lat' dir='ltr'>aquis</span> <span class='ocrx_word' id='word_1_132' title='bbox 1554 2117 1657 2198; x_wconf 67' lang='lat' dir='ltr'>qum</span> 
     </span>
     <span class='ocr_line' id='line_1_16' title="bbox 207 2192 1656 2312; baseline 0.001 -30"><span class='ocrx_word' id='word_1_133' title='bbox 207 2223 302 2282; x_wconf 89' lang='lat' dir='ltr'>runt</span> <span class='ocrx_word' id='word_1_134' title='bbox 315 2260 330 2306; x_wconf 89' lang='lat'><strong><em>,</em></strong></span> <span class='ocrx_word' id='word_1_135' title='bbox 357 2199 451 2282; x_wconf 78' lang='lat' dir='ltr'>dum</span> <span class='ocrx_word' id='word_1_136' title='bbox 475 2197 700 2283; x_wconf 90' lang='lat' dir='ltr'>adscribunt</span> <span class='ocrx_word' id='word_1_137' title='bbox 729 2201 839 2310; x_wconf 90' lang='lat' dir='ltr'>aquis</span> <span class='ocrx_word' id='word_1_138' title='bbox 864 2194 1089 2282; x_wconf 88' lang='lat' dir='ltr'>endemiam</span> <span class='ocrx_word' id='word_1_139' title='bbox 1114 2192 1389 2280; x_wconf 83' lang='lat' dir='ltr'>Alexandrinis</span> <span class='ocrx_word' id='word_1_140' title='bbox 1415 2195 1656 2312; x_wconf 83' lang='lat' dir='ltr'>elephantia·</span> 
     </span>
     <span class='ocr_line' id='line_1_17' title="bbox 208 2301 1656 2424; baseline 0.001 -27"><span class='ocrx_word' id='word_1_141' title='bbox 208 2313 309 2418; x_wconf 80' lang='lat' dir='ltr'>sam,</span> <span class='ocrx_word' id='word_1_142' title='bbox 330 2309 542 2424; x_wconf 80' lang='lat' dir='ltr'>subalpinis</span> <span class='ocrx_word' id='word_1_143' title='bbox 564 2315 682 2396; x_wconf 86' lang='lat' dir='ltr'>etiam</span> <span class='ocrx_word' id='word_1_144' title='bbox 707 2307 1040 2394; x_wconf 89' lang='lat' dir='ltr'>bronchocelem.</span> <span class='ocrx_word' id='word_1_145' title='bbox 1063 2305 1149 2388; x_wconf 86' lang='lat' dir='ltr'>Res</span> <span class='ocrx_word' id='word_1_146' title='bbox 1172 2308 1280 2388; x_wconf 90' lang='lat' dir='ltr'>enim</span> <span class='ocrx_word' id='word_1_147' title='bbox 1306 2301 1328 2390; x_wconf 80' lang='lat' dir='ltr'>ia</span> <span class='ocrx_word' id='word_1_148' title='bbox 1351 2310 1485 2420; x_wconf 88' lang='lat' dir='ltr'>primis</span> <span class='ocrx_word' id='word_1_149' title='bbox 1509 2311 1656 2400; x_wconf 85' lang='lat' dir='ltr'>incolis</span> 
     </span>
     <span class='ocr_line' id='line_1_18' title="bbox 209 2415 1658 2536; baseline -0.003 -28"><span class='ocrx_word' id='word_1_150' title='bbox 209 2425 262 2508; x_wconf 89' lang='lat' dir='ltr'>ad</span> <span class='ocrx_word' id='word_1_151' title='bbox 284 2426 367 2507; x_wconf 82' lang='lat' dir='ltr'>haec</span> <span class='ocrx_word' id='word_1_152' title='bbox 387 2422 510 2532; x_wconf 73' lang='lat' dir='ltr'>usque</span> <span class='ocrx_word' id='word_1_153' title='bbox 527 2447 707 2536; x_wconf 87' lang='lat' dir='ltr'>tempora</span> <span class='ocrx_word' id='word_1_154' title='bbox 726 2421 904 2504; x_wconf 87' lang='lat' dir='ltr'>transsata</span> <span class='ocrx_word' id='word_1_155' title='bbox 925 2421 978 2502; x_wconf 85' lang='lat' dir='ltr'>est</span> <span class='ocrx_word' id='word_1_156' title='bbox 992 2482 1012 2526; x_wconf 24' lang='lat' dir='ltr'>,a</span> <span class='ocrx_word' id='word_1_157' title='bbox 1033 2415 1140 2502; x_wconf 67' lang='lat' dir='ltr'>unde</span> <span class='ocrx_word' id='word_1_158' title='bbox 1154 2415 1224 2502; x_wconf 91' lang='lat' dir='ltr'>vul</span> <span class='ocrx_word' id='word_1_159' title='bbox 1253 2443 1361 2502; x_wconf 82' lang='lat' dir='ltr'>arunt</span> <span class='ocrx_word' id='word_1_160' title='bbox 1378 2417 1479 2507; x_wconf 91' lang='lat' dir='ltr'>illud</span> <span class='ocrx_word' id='word_1_161' title='bbox 1499 2426 1521 2506; x_wconf 77' lang='grc' dir='ltr'>ὲ</span> <span class='ocrx_word' id='word_1_162' title='bbox 1538 2422 1658 2512; x_wconf 89' lang='lat' dir='ltr'>Juve-</span> 
     </span>
     <span class='ocr_line' id='line_1_19' title="bbox 209 2528 1659 2650; baseline 0.003 -30"><span class='ocrx_word' id='word_1_163' title='bbox 209 2532 324 2641; x_wconf 88' lang='lat' dir='ltr'>nale,</span> <span class='ocrx_word' id='word_1_164' title='bbox 345 2535 430 2650; x_wconf 82' lang='lat' dir='ltr'>quis</span> <span class='ocrx_word' id='word_1_165' title='bbox 451 2533 636 2618; x_wconf 85' lang='lat' dir='ltr'>tumidum</span> <span class='ocrx_word' id='word_1_166' title='bbox 651 2558 789 2648; x_wconf 83' lang='lat' dir='ltr'>guttur</span> <span class='ocrx_word' id='word_1_167' title='bbox 807 2533 965 2616; x_wconf 83' lang='lat' dir='ltr'>miratur</span> <span class='ocrx_word' id='word_1_168' title='bbox 982 2533 1022 2615; x_wconf 86' lang='lat' dir='ltr'>irt</span> <span class='ocrx_word' id='word_1_169' title='bbox 1042 2528 1203 2643; x_wconf 80' lang='lat' dir='ltr'>alpibus.</span> <span class='ocrx_word' id='word_1_170' title='bbox 1267 2531 1350 2616; x_wconf 92' lang='lat' dir='ltr'>uod</span> <span class='ocrx_word' id='word_1_171' title='bbox 1372 2530 1423 2618; x_wconf 89' lang='lat' dir='ltr'>de</span> <span class='ocrx_word' id='word_1_172' title='bbox 1445 2531 1551 2648; x_wconf 75' lang='lat' dir='ltr'>plici</span> <span class='ocrx_word' id='word_1_173' title='bbox 1565 2535 1659 2626; x_wconf 88' lang='lat' dir='ltr'>alle·</span> 
     </span>
     <span class='ocr_line' id='line_1_20' title="bbox 209 2641 1321 2764; baseline -0.002 -34"><span class='ocrx_word' id='word_1_174' title='bbox 209 2651 296 2764; x_wconf 85' lang='lat' dir='ltr'>gari</span> <span class='ocrx_word' id='word_1_175' title='bbox 320 2677 403 2730; x_wconf 91' lang='lat' dir='ltr'>non</span> <span class='ocrx_word' id='word_1_176' title='bbox 427 2649 552 2762; x_wconf 91' lang='lat' dir='ltr'>potest</span> <span class='ocrx_word' id='word_1_177' title='bbox 576 2641 686 2750; x_wconf 88' lang='lat' dir='ltr'>cujus</span> <span class='ocrx_word' id='word_1_178' title='bbox 708 2645 849 2734; x_wconf 83' lang='lat' dir='ltr'>natalia</span> <span class='ocrx_word' id='word_1_179' title='bbox 869 2643 1115 2757; x_wconf 65' lang='lat' dir='ltr'>descripssre</span> <span class='ocrx_word' id='word_1_180' title='bbox 1130 2646 1321 2728; x_wconf 66' lang='lat' dir='ltr'>audores.</span> 
     </span>
    </p>

    <p class='ocr_par' dir='ltr' id='par_1_5' title="bbox 210 2752 1662 3683">
     <span class='ocr_line' id='line_1_21' title="bbox 272 2752 1658 2876; baseline 0.006 -32"><span class='ocrx_word' id='word_1_181' title='bbox 272 2761 379 2844; x_wconf 82' lang='lat' dir='ltr'>Ciam</span> <span class='ocrx_word' id='word_1_182' title='bbox 411 2761 534 2875; x_wconf 84' lang='lat' dir='ltr'>porro</span> <span class='ocrx_word' id='word_1_183' title='bbox 569 2756 692 2843; x_wconf 88' lang='lat' dir='ltr'>causae</span> <span class='ocrx_word' id='word_1_184' title='bbox 726 2753 802 2841; x_wconf 85' lang='lat' dir='ltr'>illae</span> <span class='ocrx_word' id='word_1_185' title='bbox 834 2752 934 2838; x_wconf 88' lang='lat' dir='ltr'>nihil</span> <span class='ocrx_word' id='word_1_186' title='bbox 967 2755 1019 2841; x_wconf 89' lang='lat' dir='ltr'>de</span> <span class='ocrx_word' id='word_1_187' title='bbox 1049 2753 1182 2839; x_wconf 90' lang='lat' dir='ltr'>morbi</span> <span class='ocrx_word' id='word_1_188' title='bbox 1207 2755 1344 2842; x_wconf 80' lang='lat' dir='ltr'>naturai</span> <span class='ocrx_word' id='word_1_189' title='bbox 1372 2757 1658 2876; x_wconf 81' lang='lat' dir='ltr'>enuclearent,</span> 
     </span>
     <span class='ocr_line' id='line_1_22' title="bbox 210 2864 1661 2986; baseline 0.004 -26"><span class='ocrx_word' id='word_1_190' title='bbox 210 2872 428 2986; x_wconf 87' lang='lat' dir='ltr'>srmplicius</span> <span class='ocrx_word' id='word_1_191' title='bbox 469 2871 595 2958; x_wconf 81' lang='lat' dir='ltr'>visum</span> <span class='ocrx_word' id='word_1_192' title='bbox 638 2873 691 2955; x_wconf 87' lang='lat' dir='ltr'>est</span> <span class='ocrx_word' id='word_1_193' title='bbox 728 2867 810 2978; x_wconf 86' lang='lat' dir='ltr'>ejus</span> <span class='ocrx_word' id='word_1_194' title='bbox 850 2870 1046 2982; x_wconf 83' lang='lat' dir='ltr'>originem</span> <span class='ocrx_word' id='word_1_195' title='bbox 1085 2864 1108 2950; x_wconf 80' lang='lat' dir='ltr'>ia</span> <span class='ocrx_word' id='word_1_196' title='bbox 1146 2867 1499 2984; x_wconf 78' lang='lat' dir='ltr'>supernaturalibus</span> <span class='ocrx_word' id='word_1_197' title='bbox 1537 2882 1661 2966; x_wconf 80' lang='lat' dir='ltr'>caufia</span> 
     </span>
     <span class='ocr_line' id='line_1_23' title="bbox 212 2979 1661 3099; baseline 0.005 -29"><span class='ocrx_word' id='word_1_198' title='bbox 212 3011 382 3092; x_wconf 83' lang='lat' dir='ltr'>eruere,</span> <span class='ocrx_word' id='word_1_199' title='bbox 409 2983 520 3095; x_wconf 91' lang='lat' dir='ltr'>quod</span> <span class='ocrx_word' id='word_1_200' title='bbox 544 2991 586 3068; x_wconf 79' lang='lat' dir='ltr'>bt</span> <span class='ocrx_word' id='word_1_201' title='bbox 609 2984 691 3099; x_wconf 90' lang='lat' dir='ltr'>ipse</span> <span class='ocrx_word' id='word_1_202' title='bbox 711 2983 809 3068; x_wconf 90' lang='lat' dir='ltr'>fecit</span> <span class='ocrx_word' id='word_1_203' title='bbox 828 2981 1023 3068; x_wconf 89' lang='lat' dir='ltr'>Fonseca.</span> <span class='ocrx_word' id='word_1_204' title='bbox 1050 2979 1193 3070; x_wconf 88' lang='lat' dir='ltr'>Joach.</span> <span class='ocrx_word' id='word_1_205' title='bbox 1211 2982 1396 3068; x_wconf 87' lang='lat' dir='ltr'>Pistorius</span> <span class='ocrx_word' id='word_1_206' title='bbox 1418 2989 1472 3070; x_wconf 90' lang='lat' dir='ltr'>ait</span> <span class='ocrx_word' id='word_1_207' title='bbox 1493 2989 1535 3073; x_wconf 91' lang='lat' dir='ltr'>in</span> <span class='ocrx_word' id='word_1_208' title='bbox 1555 2989 1661 3076; x_wconf 87' lang='lat' dir='ltr'>Tar·</span> 
     </span>
     <span class='ocr_line' id='line_1_24' title="bbox 210 3091 1661 3215; baseline -0.006 -31"><span class='ocrx_word' id='word_1_209' title='bbox 210 3096 339 3184; x_wconf 75' lang='lat' dir='ltr'>carici</span> <span class='ocrx_word' id='word_1_210' title='bbox 371 3096 628 3214; x_wconf 87' lang='lat' dir='ltr'>expeditione</span> <span class='ocrx_word' id='word_1_211' title='bbox 657 3097 789 3181; x_wconf 86' lang='lat' dir='ltr'>fontes</span> <span class='ocrx_word' id='word_1_212' title='bbox 821 3091 1009 3180; x_wconf 88' lang='lat' dir='ltr'>cordibus</span> <span class='ocrx_word' id='word_1_213' title='bbox 1044 3096 1214 3180; x_wconf 88' lang='lat' dir='ltr'>hostium</span> <span class='ocrx_word' id='word_1_214' title='bbox 1245 3123 1541 3215; x_wconf 88' lang='lat' dir='ltr'>peremptorum</span> <span class='ocrx_word' id='word_1_215' title='bbox 1573 3133 1661 3192; x_wconf 88' lang='lat' dir='ltr'>ver.</span> 
     </span>
     <span class='ocr_line' id='line_1_25' title="bbox 211 3207 1661 3322; baseline 0.008 -26"><span class='ocrx_word' id='word_1_216' title='bbox 211 3210 355 3322; x_wconf 88' lang='lat' dir='ltr'>bisque</span> <span class='ocrx_word' id='word_1_217' title='bbox 385 3239 469 3295; x_wconf 92' lang='lat' dir='ltr'>non</span> <span class='ocrx_word' id='word_1_218' title='bbox 497 3213 669 3296; x_wconf 89' lang='lat' dir='ltr'>innoxiis</span> <span class='ocrx_word' id='word_1_219' title='bbox 697 3209 809 3296; x_wconf 81' lang='lat' dir='ltr'>fuisse</span> <span class='ocrx_word' id='word_1_220' title='bbox 842 3207 1041 3316; x_wconf 72' lang='lat' dir='ltr'>infestos,</span> <span class='ocrx_word' id='word_1_221' title='bbox 1071 3208 1177 3294; x_wconf 75' lang='lat' dir='ltr'>unde</span> <span class='ocrx_word' id='word_1_222' title='bbox 1207 3210 1380 3297; x_wconf 87' lang='lat' dir='ltr'>derivata</span> <span class='ocrx_word' id='word_1_223' title='bbox 1414 3212 1508 3298; x_wconf 90' lang='lat' dir='ltr'>mali</span> <span class='ocrx_word' id='word_1_224' title='bbox 1537 3213 1661 3308; x_wconf 88' lang='lat' dir='ltr'>labes.</span> 
     </span>
     <span class='ocr_line' id='line_1_26' title="bbox 211 3320 1662 3435; baseline 0.006 -23"><span class='ocrx_word' id='word_1_225' title='bbox 211 3323 300 3412; x_wconf 87' lang='lat' dir='ltr'>Alii</span> <span class='ocrx_word' id='word_1_226' title='bbox 322 3323 398 3410; x_wconf 88' lang='lat' dir='ltr'>alia</span> <span class='ocrx_word' id='word_1_227' title='bbox 421 3323 641 3411; x_wconf 92' lang='lat' dir='ltr'>commenti</span> <span class='ocrx_word' id='word_1_228' title='bbox 656 3320 855 3430; x_wconf 87' lang='lat' dir='ltr'>sunt,sed</span> <span class='ocrx_word' id='word_1_229' title='bbox 873 3321 1024 3435; x_wconf 86' lang='lat' dir='ltr'>semper</span> <span class='ocrx_word' id='word_1_230' title='bbox 1042 3320 1259 3410; x_wconf 87' lang='lat' dir='ltr'>diabolicas</span> <span class='ocrx_word' id='word_1_231' title='bbox 1278 3323 1434 3410; x_wconf 86' lang='lat' dir='ltr'>fraudes</span> <span class='ocrx_word' id='word_1_232' title='bbox 1456 3326 1505 3411; x_wconf 90' lang='lat' dir='ltr'>ad</span> <span class='ocrx_word' id='word_1_233' title='bbox 1528 3331 1662 3420; x_wconf 87' lang='lat' dir='ltr'>morbi</span> 
     </span>
     <span class='ocr_line' id='line_1_27' title="bbox 211 3430 1660 3629; baseline 0.003 -107"><span class='ocrx_word' id='word_1_234' title='bbox 211 3433 384 3546; x_wconf 78' lang='lat' dir='ltr'>hujusce</span> <span class='ocrx_word' id='word_1_235' title='bbox 404 3435 547 3523; x_wconf 88' lang='lat' dir='ltr'>natalia</span> <span class='ocrx_word' id='word_1_236' title='bbox 564 3430 772 3524; x_wconf 87' lang='lat' dir='ltr'>enodanda</span> <span class='ocrx_word' id='word_1_237' title='bbox 788 3433 1014 3522; x_wconf 82' lang='lat' dir='ltr'>adhibuere.</span> <span class='ocrx_word' id='word_1_238' title='bbox 1029 3435 1173 3546; x_wconf 86' lang='lat' dir='ltr'>&#39;Quod</span> <span class='ocrx_word' id='word_1_239' title='bbox 1192 3436 1354 3629; x_wconf 64' lang='lat' dir='ltr'>puidem</span> <span class='ocrx_word' id='word_1_240' title='bbox 1381 3436 1512 3544; x_wconf 86' lang='lat' dir='ltr'>justam</span> <span class='ocrx_word' id='word_1_241' title='bbox 1536 3441 1660 3558; x_wconf 87' lang='lat' dir='ltr'>suspi-</span> 
     </span>
     <span class='ocr_line' id='line_1_28' title="bbox 212 3548 1661 3683; baseline 0.003 -45"><span class='ocrx_word' id='word_1_242' title='bbox 212 3551 381 3638; x_wconf 89' lang='lat' dir='ltr'>cionem</span> <span class='ocrx_word' id='word_1_243' title='bbox 398 3549 448 3636; x_wconf 89' lang='lat' dir='ltr'>de</span> <span class='ocrx_word' id='word_1_244' title='bbox 470 3549 563 3635; x_wconf 80' lang='lat' dir='ltr'>mali</span> <span class='ocrx_word' id='word_1_245' title='bbox 584 3551 852 3683; x_wconf 75' lang='lat' dir='ltr'>superstitione</span> <span class='ocrx_word' id='word_1_246' title='bbox 867 3548 1039 3632; x_wconf 86' lang='lat' dir='ltr'>cordatis</span> <span class='ocrx_word' id='word_1_247' title='bbox 1060 3557 1100 3632; x_wconf 77' lang='lat' dir='ltr'>bt</span> <span class='ocrx_word' id='word_1_248' title='bbox 1118 3552 1202 3630; x_wconf 91' lang='lat' dir='ltr'>intu</span> <span class='ocrx_word' id='word_1_249' title='bbox 1221 3552 1272 3656; x_wconf 89' lang='lat' dir='ltr'>it,·</span> <span class='ocrx_word' id='word_1_250' title='bbox 1296 3557 1338 3634; x_wconf 72' lang='grc' dir='ltr'>ὃ(</span> <span class='ocrx_word' id='word_1_251' title='bbox 1357 3551 1509 3637; x_wconf 88' lang='lat' dir='ltr'>inferet.</span> <span class='ocrx_word' id='word_1_252' title='bbox 1539 3554 1661 3642; x_wconf 73' lang='lat' dir='ltr'>Certe</span> 
     </span>
    </p>
   </div>
   <div class='ocr_carea' id='block_1_5' title="bbox 211 3657 1660 3892">
    <p class='ocr_par' dir='ltr' id='par_1_6' title="bbox 211 3657 1660 3892">
     <span class='ocr_line' id='line_1_29' title="bbox 211 3657 1660 3858; baseline 0.003 -108"><span class='ocrx_word' id='word_1_253' title='bbox 211 3665 239 3750; x_wconf 66' lang='lat' dir='ltr'>d</span> <span class='ocrx_word' id='word_1_254' title='bbox 261 3661 412 3798; x_wconf 87' lang='lat' dir='ltr'>popelli</span> <span class='ocrx_word' id='word_1_255' title='bbox 426 3661 673 3858; x_wconf 64' lang='lat' dir='ltr'>praejudicati</span> <span class='ocrx_word' id='word_1_256' title='bbox 689 3665 880 3776; x_wconf 90' lang='lat' dir='ltr'>opmione</span> <span class='ocrx_word' id='word_1_257' title='bbox 898 3688 982 3791; x_wconf 81' lang='lat' dir='ltr'>non</span> <span class='ocrx_word' id='word_1_258' title='bbox 1000 3657 1296 3794; x_wconf 26' lang='lat' dir='ltr'>avellasnsturigas</span> <span class='ocrx_word' id='word_1_259' title='bbox 1323 3669 1365 3746; x_wconf 79' lang='lat' dir='ltr'>bt</span> <span class='ocrx_word' id='word_1_260' title='bbox 1385 3665 1660 3756; x_wconf 80' lang='lat' dir='ltr'>incantatrices</span> 
     </span>
     <span class='ocr_line' id='line_1_30' title="bbox 212 3769 1660 3892; baseline 0.002 -28"><span class='ocrx_word' id='word_1_261' title='bbox 212 3782 316 3864; x_wconf 80' lang='lat' dir='ltr'>nure</span> <span class='ocrx_word' id='word_1_262' title='bbox 348 3805 436 3860; x_wconf 93' lang='lat' dir='ltr'>mor</span> <span class='ocrx_word' id='word_1_263' title='bbox 466 3803 493 3858; x_wconf 94' lang='lat' dir='ltr'>o</span> <span class='ocrx_word' id='word_1_264' title='bbox 524 3771 708 3859; x_wconf 90' lang='lat' dir='ltr'>tollendo</span> <span class='ocrx_word' id='word_1_265' title='bbox 737 3803 812 3890; x_wconf 85' lang='lat' dir='ltr'>prae</span> <span class='ocrx_word' id='word_1_266' title='bbox 835 3769 1021 3858; x_wconf 86' lang='lat' dir='ltr'>ommbus</span> <span class='ocrx_word' id='word_1_267' title='bbox 1048 3771 1224 3858; x_wconf 87' lang='lat' dir='ltr'>Medtcrs</span> <span class='ocrx_word' id='word_1_268' title='bbox 1252 3778 1423 3892; x_wconf 77' lang='lat' dir='ltr'>praestare</span> <span class='ocrx_word' id='word_1_269' title='bbox 1449 3809 1462 3880; x_wconf 84' lang='lat'>3</span> <span class='ocrx_word' id='word_1_270' title='bbox 1496 3782 1606 3891; x_wconf 90' lang='lat' dir='ltr'>quod</span> <span class='ocrx_word' id='word_1_271' title='bbox 1631 3785 1660 3866; x_wconf 88' lang='lat' dir='ltr'>li</span> 
     </span>
    </p>
   </div>
   <div class='ocr_carea' id='block_1_6' title="bbox 212 3884 1661 4086">
    <p class='ocr_par' dir='ltr' id='par_1_7' title="bbox 212 3884 1661 4086">
     <span class='ocr_line' id='line_1_31' title="bbox 212 3884 1661 4086; baseline 0.001 -107"><span class='ocrx_word' id='word_1_272' title='bbox 212 3918 362 3980; x_wconf 89' lang='lat' dir='ltr'>vetum</span> <span class='ocrx_word' id='word_1_273' title='bbox 383 3891 449 3998; x_wconf 87' lang='lat' dir='ltr'>stt,</span> <span class='ocrx_word' id='word_1_274' title='bbox 472 3887 580 3973; x_wconf 76' lang='lat' dir='ltr'>certe</span> <span class='ocrx_word' id='word_1_275' title='bbox 603 3884 766 3973; x_wconf 89' lang='lat' dir='ltr'>morbus</span> <span class='ocrx_word' id='word_1_276' title='bbox 785 3915 860 4004; x_wconf 88' lang='lat' dir='ltr'>pto</span> <span class='ocrx_word' id='word_1_277' title='bbox 877 3887 1109 4000; x_wconf 86' lang='lat' dir='ltr'>imaginario</span> <span class='ocrx_word' id='word_1_278' title='bbox 1132 3885 1269 3974; x_wconf 88' lang='lat' dir='ltr'>haberi</span> <span class='ocrx_word' id='word_1_279' title='bbox 1277 3893 1423 4086; x_wconf 86' lang='lat' dir='ltr'>potest.</span> <span class='ocrx_word' id='word_1_280' title='bbox 1450 3893 1496 3975; x_wconf 84' lang='lat' dir='ltr'>Si</span> <span class='ocrx_word' id='word_1_281' title='bbox 1521 3895 1661 3989; x_wconf 72' lang='lat' dir='ltr'>contri</span> 
     </span>
    </p>
   </div>
   <div class='ocr_carea' id='block_1_7' title="bbox 214 3997 1712 5140">
    <p class='ocr_par' dir='ltr' id='par_1_8' title="bbox 214 3997 1672 4442">
     <span class='ocr_line' id='line_1_32' title="bbox 214 3997 1662 4112; baseline 0.003 -21"><span class='ocrx_word' id='word_1_282' title='bbox 214 4005 274 4092; x_wconf 85' lang='lat' dir='ltr'>ad</span> <span class='ocrx_word' id='word_1_283' title='bbox 295 4007 443 4089; x_wconf 88' lang='lat' dir='ltr'>tineam</span> <span class='ocrx_word' id='word_1_284' title='bbox 467 3999 717 4088; x_wconf 90' lang='lat' dir='ltr'>referendum</span> <span class='ocrx_word' id='word_1_285' title='bbox 736 4002 805 4110; x_wconf 81' lang='lat' dir='ltr'>stt,</span> <span class='ocrx_word' id='word_1_286' title='bbox 828 4025 873 4085; x_wconf 92' lang='lat' dir='ltr'>ut</span> <span class='ocrx_word' id='word_1_287' title='bbox 889 3997 1010 4112; x_wconf 88' lang='lat' dir='ltr'>aliqui</span> <span class='ocrx_word' id='word_1_288' title='bbox 1029 4026 1257 4112; x_wconf 87' lang='lat' dir='ltr'>autumant,</span> <span class='ocrx_word' id='word_1_289' title='bbox 1296 4007 1372 4087; x_wconf 93' lang='lat' dir='ltr'>orti</span> <span class='ocrx_word' id='word_1_290' title='bbox 1392 4005 1662 4096; x_wconf 88' lang='lat' dir='ltr'>medicatione</span> 
     </span>
     <span class='ocr_line' id='line_1_33' title="bbox 217 4114 1659 4232; baseline 0.001 -28"><span class='ocrx_word' id='word_1_291' title='bbox 217 4147 247 4204; x_wconf 88' lang='lat' dir='ltr'>e</span> <span class='ocrx_word' id='word_1_292' title='bbox 278 4143 345 4218; x_wconf 79' lang='lat' dir='ltr'>et3</span> <span class='ocrx_word' id='word_1_293' title='bbox 371 4121 477 4202; x_wconf 70' lang='lat' dir='ltr'>circs</span> <span class='ocrx_word' id='word_1_294' title='bbox 498 4145 616 4229; x_wconf 90' lang='lat' dir='ltr'>quam</span> <span class='ocrx_word' id='word_1_295' title='bbox 638 4115 786 4199; x_wconf 89' lang='lat' dir='ltr'>variam</span> <span class='ocrx_word' id='word_1_296' title='bbox 806 4114 930 4200; x_wconf 70' lang='lat' dir='ltr'>iniere</span> <span class='ocrx_word' id='word_1_297' title='bbox 948 4115 1054 4200; x_wconf 90' lang='lat' dir='ltr'>viam</span> <span class='ocrx_word' id='word_1_298' title='bbox 1078 4121 1121 4198; x_wconf 78' lang='lat' dir='ltr'>dt</span> <span class='ocrx_word' id='word_1_299' title='bbox 1139 4114 1294 4202; x_wconf 88' lang='lat' dir='ltr'>Medici</span> <span class='ocrx_word' id='word_1_300' title='bbox 1314 4115 1484 4226; x_wconf 91' lang='lat' dir='ltr'>Poloni‚</span> <span class='ocrx_word' id='word_1_301' title='bbox 1508 4127 1550 4204; x_wconf 82' lang='lat' dir='ltr'>lit</span> <span class='ocrx_word' id='word_1_302' title='bbox 1571 4125 1659 4232; x_wconf 89' lang='lat' dir='ltr'>qui,</span> 
     </span>
     <span class='ocr_line' id='line_1_34' title="bbox 220 4149 1661 4340; baseline 0.004 -23"><span class='ocrx_word' id='word_1_303' title='bbox 220 4149 276 4317; x_wconf 68' lang='lat' dir='ltr'>ab</span> <span class='ocrx_word' id='word_1_304' title='bbox 302 4234 349 4315; x_wconf 87' lang='lat' dir='ltr'>iis</span> <span class='ocrx_word' id='word_1_305' title='bbox 372 4228 603 4340; x_wconf 83' lang='lat' dir='ltr'>consultus,</span> <span class='ocrx_word' id='word_1_306' title='bbox 628 4225 910 4314; x_wconf 88' lang='lat' dir='ltr'>celeberrimos</span> <span class='ocrx_word' id='word_1_307' title='bbox 936 4225 1124 4314; x_wconf 88' lang='lat' dir='ltr'>Medicos</span> <span class='ocrx_word' id='word_1_308' title='bbox 1153 4227 1363 4318; x_wconf 86' lang='lat' dir='ltr'>Patavinos</span> <span class='ocrx_word' id='word_1_309' title='bbox 1393 4229 1463 4316; x_wconf 90' lang='lat' dir='ltr'>srbi</span> <span class='ocrx_word' id='word_1_310' title='bbox 1490 4239 1661 4324; x_wconf 85' lang='lat' dir='ltr'>comiter</span> 
     </span>
     <span class='ocr_line' id='line_1_35' title="bbox 220 4340 1672 4442; baseline -0.003 -11"><span class='ocrx_word' id='word_1_311' title='bbox 220 4343 444 4431; x_wconf 87' lang='lat' dir='ltr'>adsciverat</span> <span class='ocrx_word' id='word_1_312' title='bbox 465 4340 663 4430; x_wconf 87' lang='lat' dir='ltr'>Hercules</span> <span class='ocrx_word' id='word_1_313' title='bbox 688 4342 876 4428; x_wconf 89' lang='lat' dir='ltr'>Saxonia.</span> <span class='ocrx_word' id='word_1_314' title='bbox 1668 4431 1672 4442; x_wconf 66' lang='grc'><em>,</em></span> 
     </span>
    </p>

    <p class='ocr_par' dir='ltr' id='par_1_9' title="bbox 223 4451 1712 5140">
     <span class='ocr_line' id='line_1_36' title="bbox 285 4451 1662 4572; baseline 0.001 -26"><span class='ocrx_word' id='word_1_315' title='bbox 285 4461 513 4572; x_wconf 88' lang='lat' dir='ltr'>Receptum</span> <span class='ocrx_word' id='word_1_316' title='bbox 538 4459 644 4542; x_wconf 91' lang='lat' dir='ltr'>enim</span> <span class='ocrx_word' id='word_1_317' title='bbox 669 4458 721 4542; x_wconf 89' lang='lat' dir='ltr'>est</span> <span class='ocrx_word' id='word_1_318' title='bbox 741 4454 845 4571; x_wconf 87' lang='lat' dir='ltr'>apud</span> <span class='ocrx_word' id='word_1_319' title='bbox 869 4481 1009 4540; x_wconf 89' lang='lat' dir='ltr'>omnes</span> <span class='ocrx_word' id='word_1_320' title='bbox 1032 4451 1221 4540; x_wconf 85' lang='lat' dir='ltr'>Medicus</span> <span class='ocrx_word' id='word_1_321' title='bbox 1244 4452 1424 4540; x_wconf 90' lang='lat' dir='ltr'>Polonos</span> <span class='ocrx_word' id='word_1_322' title='bbox 1447 4485 1555 4543; x_wconf 78' lang='lat' dir='ltr'>vena</span> <span class='ocrx_word' id='word_1_323' title='bbox 1576 4459 1662 4548; x_wconf 87' lang='lat' dir='ltr'>sec·</span> 
     </span>
     <span class='ocr_line' id='line_1_37' title="bbox 223 4565 1663 4684; baseline 0.002 -28"><span class='ocrx_word' id='word_1_324' title='bbox 223 4574 385 4656; x_wconf 90' lang='lat' dir='ltr'>tionem</span> <span class='ocrx_word' id='word_1_325' title='bbox 410 4567 497 4684; x_wconf 88' lang='lat' dir='ltr'>plus</span> <span class='ocrx_word' id='word_1_326' title='bbox 524 4568 657 4656; x_wconf 86' lang='lat' dir='ltr'>obelle</span> <span class='ocrx_word' id='word_1_327' title='bbox 684 4567 803 4683; x_wconf 74' lang='lat' dir='ltr'>quim</span> <span class='ocrx_word' id='word_1_328' title='bbox 827 4565 1017 4654; x_wconf 89' lang='lat' dir='ltr'>auxiliati.</span> <span class='ocrx_word' id='word_1_329' title='bbox 1041 4569 1113 4653; x_wconf 88' lang='lat' dir='ltr'>Ait</span> <span class='ocrx_word' id='word_1_330' title='bbox 1131 4567 1249 4654; x_wconf 87' lang='lat' dir='ltr'>Betn.</span> <span class='ocrx_word' id='word_1_331' title='bbox 1274 4569 1325 4654; x_wconf 93' lang='lat' dir='ltr'>de</span> <span class='ocrx_word' id='word_1_332' title='bbox 1343 4567 1528 4680; x_wconf 86' lang='lat' dir='ltr'>Bernitz,</span> <span class='ocrx_word' id='word_1_333' title='bbox 1552 4572 1663 4659; x_wconf 88' lang='lat' dir='ltr'>illus-</span> 
     </span>
     <span class='ocr_line' id='line_1_38' title="bbox 223 4679 1664 4798; baseline 0.003 -30"><span class='ocrx_word' id='word_1_334' title='bbox 223 4683 431 4768; x_wconf 87' lang='lat' dir='ltr'>trissimam</span> <span class='ocrx_word' id='word_1_335' title='bbox 453 4682 680 4770; x_wconf 90' lang='lat' dir='ltr'>Matronam</span> <span class='ocrx_word' id='word_1_336' title='bbox 708 4681 906 4768; x_wconf 89' lang='lat' dir='ltr'>Polonam</span> <span class='ocrx_word' id='word_1_337' title='bbox 927 4679 1032 4798; x_wconf 77' lang='lat' dir='ltr'>plica</span> <span class='ocrx_word' id='word_1_338' title='bbox 1051 4679 1318 4791; x_wconf 90' lang='lat' dir='ltr'>laborantem,</span> <span class='ocrx_word' id='word_1_339' title='bbox 1347 4686 1413 4768; x_wconf 89' lang='lat' dir='ltr'>cui</span> <span class='ocrx_word' id='word_1_340' title='bbox 1438 4715 1539 4773; x_wconf 88' lang='lat' dir='ltr'>vena</span> <span class='ocrx_word' id='word_1_341' title='bbox 1563 4686 1664 4772; x_wconf 70' lang='lat' dir='ltr'>seda</span> 
     </span>
     <span class='ocr_line' id='line_1_39' title="bbox 224 4794 1712 4901; baseline 0.003 -20"><span class='ocrx_word' id='word_1_342' title='bbox 224 4797 359 4881; x_wconf 87' lang='lat' dir='ltr'>fuerat</span> <span class='ocrx_word' id='word_1_343' title='bbox 370 4856 384 4901; x_wconf 92' lang='lat'>‚</span> <span class='ocrx_word' id='word_1_344' title='bbox 402 4795 607 4880; x_wconf 88' lang='lat' dir='ltr'>confestim</span> <span class='ocrx_word' id='word_1_345' title='bbox 624 4801 664 4882; x_wconf 91' lang='lat' dir='ltr'>in</span> <span class='ocrx_word' id='word_1_346' title='bbox 684 4827 734 4883; x_wconf 89' lang='lat' dir='ltr'>eo</span> <span class='ocrx_word' id='word_1_347' title='bbox 750 4795 915 4882; x_wconf 90' lang='lat' dir='ltr'>brachio</span> <span class='ocrx_word' id='word_1_348' title='bbox 935 4794 1096 4881; x_wconf 89' lang='lat' dir='ltr'>dolores</span> <span class='ocrx_word' id='word_1_349' title='bbox 1116 4795 1336 4881; x_wconf 78' lang='lat' dir='ltr'>saeviffimos</span> <span class='ocrx_word' id='word_1_350' title='bbox 1354 4825 1447 4882; x_wconf 89' lang='lat' dir='ltr'>cum</span> <span class='ocrx_word' id='word_1_351' title='bbox 1466 4799 1664 4886; x_wconf 84' lang='lat' dir='ltr'>oedemate</span> <span class='ocrx_word' id='word_1_352' title='bbox 1708 4853 1712 4860; x_wconf 93' lang='lat'>·</span> 
     </span>
     <span class='ocr_line' id='line_1_40' title="bbox 232 4906 1666 5027; baseline 0.006 -37"><span class='ocrx_word' id='word_1_353' title='bbox 232 4909 452 5024; x_wconf 83' lang='lat' dir='ltr'>perpessam</span> <span class='ocrx_word' id='word_1_354' title='bbox 479 4909 604 4994; x_wconf 80' lang='lat' dir='ltr'>fuisse.</span> <span class='ocrx_word' id='word_1_355' title='bbox 631 4910 920 5002; x_wconf 86' lang='lat' dir='ltr'>Observauerat</span> <span class='ocrx_word' id='word_1_356' title='bbox 933 4973 948 5020; x_wconf 92' lang='lat'>,</span> <span class='ocrx_word' id='word_1_357' title='bbox 971 4909 1072 4997; x_wconf 80' lang='lat' dir='ltr'>veni</span> <span class='ocrx_word' id='word_1_358' title='bbox 1086 4911 1128 4991; x_wconf 91' lang='lat' dir='ltr'>in</span> <span class='ocrx_word' id='word_1_359' title='bbox 1143 4906 1309 5024; x_wconf 90' lang='lat' dir='ltr'>pedibus</span> <span class='ocrx_word' id='word_1_360' title='bbox 1332 4911 1482 5027; x_wconf 73' lang='lat' dir='ltr'>aperti,</span> <span class='ocrx_word' id='word_1_361' title='bbox 1505 4909 1666 4998; x_wconf 84' lang='lat' dir='ltr'>dolores</span> 
     </span>
     <span class='ocr_line' id='line_1_41' title="bbox 228 5019 1668 5140; baseline 0.001 -28"><span class='ocrx_word' id='word_1_362' title='bbox 228 5019 505 5112; x_wconf 83' lang='lat' dir='ltr'>acerblffimos</span> <span class='ocrx_word' id='word_1_363' title='bbox 525 5025 568 5112; x_wconf 91' lang='lat' dir='ltr'>in</span> <span class='ocrx_word' id='word_1_364' title='bbox 585 5048 756 5140; x_wconf 90' lang='lat' dir='ltr'>utroque</span> <span class='ocrx_word' id='word_1_365' title='bbox 776 5055 890 5118; x_wconf 85' lang='lat' dir='ltr'>crure</span> <span class='ocrx_word' id='word_1_366' title='bbox 911 5023 964 5120; x_wconf 85' lang='lat' dir='ltr'>ad</span> <span class='ocrx_word' id='word_1_367' title='bbox 981 5021 1192 5115; x_wconf 74' lang='lat' dir='ltr'>malleolos</span> <span class='ocrx_word' id='word_1_368' title='bbox 1220 5027 1443 5114; x_wconf 88' lang='lat' dir='ltr'>concitatos</span> <span class='ocrx_word' id='word_1_369' title='bbox 1469 5023 1668 5114; x_wconf 88' lang='lat' dir='ltr'>Hercules</span> 
     </span>
    </p>
   </div>
   <div class='ocr_carea' id='block_1_8' title="bbox 0 0 2162 5904">
    <p class='ocr_par' dir='ltr' id='par_1_10' title="bbox 0 0 2162 5904">
     <span class='ocr_line' id='line_1_42' title="bbox 0 0 2162 5904; baseline 0 0"><span class='ocrx_word' id='word_1_370' title='bbox 0 0 2162 5904; x_wconf 95' lang='lat' dir='ltr'> </span> 
     </span>
    </p>
   </div>
  </div>
 </body>
</html>
