4226 5916
667 407 1149 521 curauurs
1546 433 1634 546 ρῳ

206 596 360 704 credas,
386 599 415 682 sr
437 600 620 685 attentius
639 598 868 712 speuaveris
891 593 1047 680 illarum
1070 591 1336 678 elasticitarem
1358 592 1402 676 8(
1421 583 1633 705 duritiem,

206 711 341 822 gypsea
368 711 616 824 fragmenta,
650 716 690 794 in
715 708 816 821 aqul
845 705 1197 809 insolubilitarem,
1229 703 1360 790 donec
1378 707 1630 828 putrescant,

206 822 455 910 &residuam
482 851 592 909 terra
620 821 641 906 ὲ
669 817 928 934 putrescentis
957 823 1128 934 copiam.
1162 819 1255 902 Nec
1286 817 1536 927 inauditum,
1566 848 1633 908 aut

205 932 402 1019 insolitum
439 939 481 1018 in
516 963 598 1024 arte
634 933 900 1049 spedaculum
929 936 981 1018 est
995 995 1010 1040 ,
1045 930 1137 1015 talia
1167 933 1271 1014 intus
1310 925 1421 1013 enata
1461 961 1632 1048 corpora

84 1087 86 1096 ⁴
204 1045 243 1128 in
265 1045 459 1158 glandulis
485 1057 525 1134 ὃ(
548 1047 762 1132 visceribus
788 1049 982 1162 reperire,
1017 1072 1187 1156 quotum
1216 1040 1451 1152 sranalysrm
1481 1048 1633 1131 chemi-
1721 1111 1725 1117 ·

204 1185 288 1241 cam
307 1158 484 1274 spelles,
509 1161 648 1247 eadem
662 1163 717 1246 est
737 1163 903 1244 omninb
915 1222 931 1267 ‚
957 1164 1042 1243 tum
1065 1153 1170 1242 circi
1191 1156 1402 1268 produlia,
1424 1160 1508 1240 tum
1527 1157 1633 1244 circs

201 1283 328 1353 a'c'rem
356 1299 597 1381 exeuntem,
631 1303 679 1358 ac
711 1275 852 1358 ossium
880 1270 1053 1384 analysrs.
1089 1269 1366 1354 Diversrtatem
1401 1272 1469 1354 hle
1501 1274 1634 1384 impri-

137 1441 140 1448 »
200 1384 272 1465 mit
299 1382 449 1468 diversa
478 1387 580 1470 acidi
615 1391 778 1486 humani
813 1382 1004 1490 miscela,
1035 1384 1108 1466 seri
1136 1379 1383 1468 exuberantis
1413 1380 1435 1466 a
1470 1392 1633 1499 proprio

200 1496 294 1608 agri
301 1523 616 1611 temperamento
631 1503 773 1612 copia,
789 1525 900 1610 atas,
916 1499 1027 1609 regio
1045 1529 1053 1577 :
1073 1495 1140 1578 sed
1156 1523 1290 1581 natura
1303 1497 1455 1609 semper
1469 1498 1608 1581 eadem
1616 1563 1632 1607 ‚

196 1609 323 1714 iners,
343 1639 464 1694 muco
490 1611 686 1728 superfluo
710 1637 868 1726 gravata
890 1619 933 1694 dt
958 1640 1051 1694 com
1082 1609 1208 1708 rella3
1233 1613 1301 1693 vix
1326 1607 1400 1692 alia
1425 1613 1633 1698 concitans

196 1719 459 1835 symptomata
473 1752 609 1838 prater
626 1723 695 1808 illa
714 1754 798 1834 quae
821 1641 1148 1836 *acompresllone
1170 1729 1210 1804 dt
1229 1748 1383 1806 mutato
1402 1748 1513 1806 textu
1532 1729 1634 1811 cutia

197 1834 399 1946 pendent,
424 1863 491 1921 aut
512 1839 670 1952 pessima
691 1835 1000 1951 retroprellionis
1019 1830 1308 1948 phoenomena,
1338 1829 1441 1916 srilli
1466 1842 1637 1922 materiae

195 1943 352 2031 debitus
374 1948 589 2063 denegetur
613 1977 683 2064 per
708 1951 800 2034 ostia
824 1951 995 2064 patentia
1019 1952 1159 2032 exitus.

248 2058 378 2144 Nulla
398 2065 411 2147 i
441 2065 517 2146 itur
542 2061 729 2177 speranda
748 2063 788 2144 in
810 2067 923 2146 tineae
941 2064 1073 2144 crustis
1097 2060 1335 2254 suppuratio.
1362 2060 1634 2152 I‘namutabiles
1697 2059 1700 2068 ’

194 2174 364 2286 perstant
381 2095 450 2256 sugb
478 2172 758 2260 attrahentibus
784 2177 1023 2287 unguentis,
1054 2181 1096 2257 dt
1121 2175 1201 2284 ipa
1225 2176 1325 2256 cutis
1352 2202 1453 2286 aegra
1480 2173 1634 2262 bonum
1758 2205 1762 2212 “

192 2313 268 2398 pus
290 2289 504 2398 concipere
530 2317 612 2393 non
635 2289 772 2402 potest.
799 2285 1066 2372 Evellendum
1090 2284 1238 2398 malum
1262 2284 1450 2397 praesens,
1476 2287 1635 2400 ejusque

190 2395 396 2508 scaturigo
416 2402 678 2510 investiganda
701 2425 817 2507 atque
840 2396 1017 2480 tollenda
1036 2399 1100 2481 est.
1128 2393 1291 2508 Duplex
1316 2424 1414 2510 ergo
1437 2401 1502 2483 hic
1527 2431 1637 2485 cura·

189 2509 319 2592 tionis
338 2511 518 2592 intentio.
541 2508 677 2592 Altera
691 2534 777 2593 tota
792 2514 1019 2594 continetur
1035 2509 1216 2592 remediis
1233 2511 1416 2616 internis,
1443 2520 1485 2595 δι
1506 2540 1637 2598 muta·

189 2621 311 2704 tione
332 2624 453 2704 totius
477 2620 696 2734 sanguiniS,
716 2621 783 2706 seu
804 2625 935 2734 potius
960 2619 1096 2734 lymph
1150 2624 1379 2705 nutritiae&
1402 2625 1572 2707 mucosa
1594 2631 1636 2710 in

188 2735 347 2817 statum'
360 2731 575 2818 naturalem
594 2733 836 2818 redufilione.
861 2735 908 2816 ln
931 2735 1099 2846 posterio
1150 2795 1164 2840 ‚
1193 2733 1260 2816 seu
1288 2733 1423 2846 topical
1444 2742 1486 2818 bc
1512 2736 1634 2824 locali

190 2844 413 2931 evellenda
435 2846 522 2932 sunt
546 2849 674 2932 crustae
697 2842 836 2929 locum
863 2843 1109 2952 obsidentes,
1139 2845 1338 2929 erodenda
1362 2874 1501 2930 eorum
1525 2856 1634 2963 prin-

189 2960 303 3073 cipia
312 3022 325 3064 ,
342 2986 386 3044 ut
399 2955 491 3064 justa
506 2959 802 3073 &profundior
816 2958 1063 3072 suppuratio,
1080 2959 1304 3072 organismo
1324 2961 1425 3042 cutis
1443 2963 1634 3052 destructo

187 3074 426 3157 cicatricem
453 3071 550 3156 loco
570 3076 682 3158 tium
705 3072 880 3179 efficiat,
905 3071 1010 3158 unde
1032 3069 1054 3156 *a
1075 3069 1180 3156 tirtel
1203 3069 1303 3156 bene
1329 3073 1461 3170 curatal
1485 3077 1638 3192 semper

185 3184 371 3296 sequitur
395 3183 585 3272 calvities.
1317 3185 1320 3199 ’

247 3297 395 3382 Guido
409 3299 458 3382 de
474 3299 688 3405 Cauliaco‚
710 3299 912 3404 Foreslus,
928 3297 1104 3404 Paratus,
1126 3305 1167 3384 dt
1188 3302 1364 3384 audores
1383 3329 1521 3388 omnes
1538 3333 1636 3390 mox

184 3409 357 3524 allegati
380 3441 463 3494 uno
486 3437 556 3496 ore
572 3410 715 3500 volunt
735 3415 981 3498 curationem
1009 3409 1157 3495 *avena
1178 3411 1349 3496 sectione
1370 3415 1489 3498 ordiri
1513 3447 1525 3516 ς
1554 3448 1636 3504 non

184 3523 271 3608 aliai
291 3521 344 3607 de
362 3527 536 3631 tatione,
557 3526 626 3607 nist
643 3525 751 3635 qubd
771 3524 860 3608 ante
884 3527 1017 3609 omnia
1036 3523 1282 3608 vacuandum
1298 3525 1343 3608 stt
1357 3555 1527 3642 corpus,
1552 3535 1637 3639 qui·

184 3633 279 3720 bus·
295 3637 480 3746 quidem,
505 3639 632 3722 modb
653 3639 755 3722 vires
771 3635 952 3742 valeant,
976 3665 1058 3720 non
1078 3635 1200 3720 video
1220 3664 1338 3746 quare
1363 3667 1445 3720 non
1471 3642 1636 3748 adstipu-

183 3747 341 3834 lemur.
379 3751 688 3833 Vehementiora
724 3748 831 3832 certe
863 3749 1035 3832 remedia
1067 3749 1338 3833 concutiendo
1367 3754 1442 3834 toti
1475 3761 1636 3868 corpori

181 3862 345 3946 idonea
365 3861 519 3976 possent
535 3889 603 3974 per
619 3861 659 3946 se
677 3863 1028 3945 inflammationem
1053 3863 1280 3967 concitare,
1305 3870 1346 3952 ὃ(
1370 3863 1514 3946 nedum
1539 3889 1636 3952 tuuc

183 3973 331 4059 morbi
345 4067 347 4071 ,
361 3972 476 4058 causa
507 3973 782 4090 propellatur.,·
807 3972 1021 4060 invalescet
1051 3972 1190 4058 contri
1221 3972 1399 4085 negleclfi
1429 3977 1638 4070 universali

181 4090 381 4202 corporis
393 4091 684 4203 praeparatione.
697 4086 813 4174 Unde
825 4091 941 4180 etiam
953 4089 1101 4176 Paraeus
1115 4090 1360 4171 curationem
1371 4089 1411 4168 in
1424 4088 1649 4176 infantibus-

183 4203 342 4286 tentari
360 4224 466 4284 vetat
481 4262 495 4307 ,
523 4231 574 4286 ne
592 4203 746 4288 infirma
764 4206 945 4314 corporis
968 4227 1183 4314 compages
1206 4195 1285 4280 illis
1304 4197 1474 4292 ferendis
1492 4203 1634 4288 invali-

181 4313 288 4397 dior
322 4311 487 4398 dissrliat.
527 4313 627 4399 Vult
664 4319 705 4400 in
740 4313 817 4398 illis
855 4311 1088 4428 corporibus
1120 4313 1254 4422 topica
1282 4316 1432 4404 tantiam
1465 4311 1636 4402 laxantia

181 4427 322 4540 capiti
346 4430 498 4540 aptari,
523 4426 654 4513 donec
677 4450 765 4508 atas
786 4428 937 4508 firmior
955 4425 1000 4507 stt
1012 4483 1026 4527 ,
1048 4425 1132 4504 imb
1157 4451 1301 4536 corpus
1326 4423 1465 4528 justam·
1481 4433 1633 4540 magni-

180 4539 378 4623 tudinem
393 4539 578 4652 adeptum
598 4543 664 4646 stt,
686 4536 861 4646 foliaque
883 4533 979 4620 bctae
995 4538 1167 4639 tantum,
1190 4561 1255 4623 aut
1275 4533 1442 4621 braffieae
1463 4541 1503 4622 in
1523 4544 1630 4630 hunc

178 4650 313 4738 usum
329 4651 605 4759 commendat,
629 4651 737 4765 quod
751 4648 840 4734 sane
856 4647 1062 4734 consilium
1083 4646 1282 4760 possumus
1302 4646 1485 4761 exsequi„
1505 4655 1632 4738 modb

177 4765 367 4880 propriis
395 4765 512 4878 signis
535 4793 616 4850 non
641 4789 772 4882 pateat
790 4765 975 4850 humoris
1000 4759 1105 4848 illitis
1125 4759 1469 4876 degenerascentia
1483 4828 1498 4875 ,
1527 4773 1567 4848 br
1592 4769 1636 4852 io
