4250 5898
487 442 567 544 558
776 423 785 432 ·
928 424 1474 518 nauoaars

483 595 509 680 ὲ
542 592 813 679 cantharidum
847 592 1112 708 applicatione
1149 594 1324 680 escharas
1359 591 1468 681 mere
1502 587 1773 707 gangrenosas
1807 588 1920 677 fuisse

479 734 716 792 concitatas.

542 821 691 904 Verum
714 823 906 934 praecipua
925 845 1166 902 nocumenta
1181 848 1266 930 quae
1282 816 1304 902 it
1320 811 1610 902 cantharidibus
1630 818 1820 901 timentur
1836 848 1917 901 nou

483 959 622 1016 ¹cutem
646 930 771 1014 solam
793 956 1005 1035 exercent,
1032 931 1101 1014 sed
1127 958 1170 1015 ut
1191 933 1395 1046 purgantis
1412 927 1623 1038 aliquando
1643 931 1727 1013 cuti
1748 932 1918 1046 appofita

479 1045 619 1130 alvum
646 1071 834 1150 movent,
862 1046 914 1128 stc
944 1044 1188 1128 cantharides
1213 1047 1254 1126 in
1279 1045 1448 1128 vesicam
1476 1051 1518 1127 δι
1544 1044 1661 1125 urina
1687 1045 1771 1127 vias
1799 1071 1918 1157 agunt

417 1203 420 1212 2
481 1161 631 1268 ,easque
669 1159 938 1263 inflammant,
971 1158 1054 1237 imo
1089 1163 1130 1239 dc
1161 1160 1269 1240 muci
1306 1159 1476 1270 copiam.
1505 1183 1688 1266 magnam
1724 1153 1889 1240 eliciunt
1902 1219 1917 1264 ,

478 1273 659 1380 indeque
677 1300 748 1384 pus
757 1333 770 1375 ,
787 1273 869 1351 imi)
891 1279 932 1352 dr
949 1266 1085 1350 tabum
1105 1269 1423 1382 gangrenosum3
1440 1267 1506 1351 sed
1518 1295 1567 1350 ex
1585 1269 1645 1350 his
1661 1297 1745 1377 quat
1759 1269 1808 1352 ad
1823 1299 1917 1383 prat-

480 1387 638 1470 sentcm
655 1385 858 1466 crassatum
875 1412 956 1464 non
975 1385 1168 1496 pertinent
1190 1381 1231 1465 id
1250 1385 1399 1465 tantiam
1414 1381 1611 1464 deducere
1625 1378 1773 1487 velim,
1792 1410 1917 1496 partes

480 1527 595 1584 acres
608 1494 866 1580 subtilissimas
887 1503 928 1576 dt
946 1493 1096 1577 summb
1115 1494 1365 1607 phlogisticas
1378 1491 1427 1576 ab
1444 1497 1492 1576 iis
1512 1489 1676 1574 inhalati
1698 1523 1805 1602 quae,
1825 1503 1916 1577 citm

481 1639 610 1724 caput
635 1635 751 1717 atque
776 1609 981 1690 thoracem
1008 1610 1149 1713 inradia
1170 1609 1321 1708 sinant,
1344 1610 1385 1688 in
1406 1602 1651 1689 membranas
1672 1607 1808 1689 vcsrcae
1830 1637 1918 1689 ana-

485 1721 596 1835 logia
618 1719 784 1830 quidam
803 1717 926 1802 salina·
941 1745 1057 1830 agant
1076 1751 1091 1818 ς
1113 1717 1213 1802 illud
1235 1718 1326 1802 inde
1349 1722 1467 1801 etiam
1491 1721 1614 1828 magis
1640 1717 1917 1804 concludimus

479 1836 597 1945 quod
619 1835 834 1946 camphora
881 1829 1026 1914 artibus
1045 1830 1296 1915 subtiliffimis
1315 1832 1364 1914 ad
1381 1830 1515 1915 oleum
1536 1830 1817 1916 accedentibus
1833 1861 1918 1944 prae·

418 2001 430 2022 a
481 1948 568 2030 dita
594 1945 701 2027 hisce
722 1861 928 2026 doloribus
952 1943 1172 2034 antidotum
1199 1947 1255 2026 stt.

476 2155 480 2162 .
543 2059 635 2140 Nec
656 2055 763 2138 cette
784 2054 987 2137 dubitandi
1016 2056 1131 2138 locus
1151 2055 1394 2166 relinquetur
1415 2059 1509 2165 quin
1532 2054 1606 2138 alia
1629 2059 1748 2140 etiam
1765 2057 1913 2141 'insecta

484 2167 625 2254 eidem
640 2167 840 2281 pungendi
859 2169 984 2248 cutim
998 2195 1119 2280 atque
1135 2196 1261 2282 partes
1281 2170 1516 2253 tenuiffimas
1539 2168 1651 2252 altius
1673 2195 1915 2282 penetrantes
1936 2213 1945 2230 ·

480 2279 693 2366 emittendi
717 2283 861 2363 virtute
892 2278 1119 2386 donentur,
1155 2288 1248 2363 clun
1271 2309 1358 2362 non
1383 2310 1509 2363 ratum
1535 2284 1580 2364 srt
1627 2283 1914 2396 harmacopoeia

478 2403 530 2478 ἃ
552 2396 716 2476 histotiae
739 2389 921 2474 naturalis
937 2391 1202 2499 amatoribus,
1224 2391 1409 2475 formicas
1429 2311 1705 2499 traditoribus,
1732 2401 1773 2477 δι
1795 2399 1915 2477 cutim

476 2507 635 2592 evidere
646 2509 685 2587 in
707 2502 868 2618 papulas
889 2505 1142 2613 conversam,
1167 2515 1207 2588 dr
1229 2508 1446 2588 irritatione
1461 2505 1596 2590 vesrcae
1612 2503 1805 2590 laborate.
1829 2507 1916 2592 lmb

487 2627 532 2703 ὃ(
555 2617 649 2708 licet
665 2622 765 2700 assio
782 2617 1051 2706 cantharidum
1066 2616 1175 2702 lenta
1190 2620 1255 2724 stt,
1278 2643 1395 2727 atque
1412 2616 1561 2728 aliquid
1579 2623 1770 2732 temporis
1785 2624 1916 2732 postu·

477 2729 557 2837 let,
577 2759 621 2814 ut
633 2733 776 2814 vesicas
789 2727 946 2818 attollat
954 2791 967 2834 ,
982 2729 1140 2833 plurimi
1158 2757 1289 2814 tamen
1304 2731 1392 2818 sunt
1401 2734 1466 2840 qui
1480 2730 1546 2815 vel
1561 2733 1807 2816 cantharidas
1822 2761 1917 2818 trac-

353 2874 377 2920 t·
485 2844 609 2927 tando
618 2907 632 2949 ,
654 2841 819 2958 pustulas
833 2845 874 2924 in
888 2869 980 2925 cute
994 2842 1282 2926 videntelevari
1292 2904 1306 2948 ,
1327 2871 1409 2925 non
1425 2841 1542 2927 illesi
1556 2842 1709 2944 vehcir3
1726 2847 1809 2928 haec
1824 2851 1916 2931 verb

479 2960 644 3062 omnia,
662 2951 813 3063 remoti
826 2954 956 3060 causi,
974 2982 1043 3068 per
1059 2956 1099 3038 se
1115 2956 1296 3038 sanantur
1304 3017 1318 3062 ,
1334 2953 1442 3038 nullst
1456 2955 1629 3040 adhibiti
1644 2955 1840 3040 methodo
1852 2961 1914 3042 nili

420 3155 430 3165 ,
480 3097 533 3152 ea
548 3099 630 3179 qua
645 3066 928 3184 simpliciffimis
942 3063 1169 3152 vulneribus
1183 3070 1391 3182 competit,
1406 3099 1498 3151 cum
1513 3064 1588 3152 haic
1601 3095 1734 3152 tamen
1750 3071 1913 3180 cauteli,

485 3210 532 3263 ut
551 3211 632 3289 quae
652 3183 785 3264 virtuti
812 3205 954 3262 neutra>
975 3177 1123 3289 aliquid
1142 3181 1332 3293 refrigerii
1355 3181 1570 3298 adjungunt
1589 3209 1791 3295 unguenta
1809 3213 1913 3268 cate·

477 3297 539 3376 ris
563 3293 820 3403 praeferantur.
1413 3373 1415 3376 ,

478 3458 482 3466 ·
539 3405 688 3488 Verhm
709 3403 852 3510 multa,
878 3403 904 3485 st
926 3401 1087 3488 credere
1109 3401 1486 3513 audoribussasest,
1509 3412 1707 3551 propriam
1725 3413 1832 3492 enim
1852 3413 1914 3492 hic
1982 3455 1988 3470 ·

479 3515 626 3600 afferre
651 3519 931 3631 experientiam
956 3545 1038 3599 non
1061 3519 1199 3632 datur,
1226 3517 1300 3599 alia
1323 3520 1505 3602 animalia
1524 3520 1607 3603 sola
1628 3525 1772 3605 veneni
1796 3521 1916 3636 appli-

486 3633 667 3737 catione,
697 3655 763 3712 aut
788 3627 948 3712 attasllrs
971 3627 1219 3714 vehementis
1237 3656 1398 3713 nocent.
1429 3635 1494 3714 An
1508 3630 1696 3717 electrico
1716 3636 1821 3716 tasio
1844 3663 1914 3716 no·

478 3767 582 3846 ¹cea-t
608 3742 807 3855 torped0,
841 3742 919 3824 sive
956 3744 1073 3824 nostri
1108 3743 1397 3846 oceani,s1ve
1431 3745 1583 3827 finitum
1621 3753 1664 3828 ὃ(
1706 3747 1915 3830 fluviorum

486 3853 683 3964 Cayennae
700 3915 714 3960 ,
741 3882 790 3936 an
814 3855 1071 3937 concussione
1091 3852 1289 3958 violenti,
1314 3881 1357 3936 ut
1372 3853 1437 3937 Cl.
1455 3857 1704 3941 Reaumurus
1719 3859 1915 3964 credidit,

482 3969 661 4048 nostrum
681 3969 846 4050 hicnon
865 3967 918 4050 est
934 3963 1095 4049 ulterius
1136 3967 1479 4080 erpendere,cl1m
1494 3973 1576 4054 cuti
1591 3974 1658 4054 vix
1675 3997 1822 4054 noceat
1834 3977 1848 4051 i
1859 3971 1917 4053 At

475 4079 583 4190 sape
605 4083 722 4163 urina
754 4077 922 4183 felium„
959 4081 1086 4192 impru
1117 4083 1244 4162 entius
1284 4083 1366 4162 cuti
1400 4080 1620 4194 applicata,
1653 4085 1767 4164 urina
1801 4087 1920 4167 etiam

480 4191 685 4296 humana,
703 4189 1158 4304 cochlearia,-lepidium
1171 4253 1184 4296 ,
1205 4191 1423 4306 plantaque
1446 4221 1584 4278 omnes
1606 4223 1690 4304 quae
1764 4223 1783 4276 r
1808 4193 1925 4280 calo-

440 4302 452 4316 “
487 4328 571 4382 rem
590 4305 871 4387 immaniter&
894 4302 1074 4386 celeriter
1095 4305 1342 4418 putrescunt,
1359 4305 1517 4418 papulas
1534 4310 1615 4389 cuti
1635 4331 1715 4390 artu
1734 4307 1813 4390 ste.
1838 4307 1926 4391 Sed

488 4437 538 4494 ex
561 4416 620 4496 his
636 4413 777 4527 plantis
795 4415 979 4500 omnibus
999 4443 1046 4500 ea
1065 4443 1147 4524 qua
1168 4416 1398 4500 vividilsrmi
1415 4422 1567 4502 actione
1586 4419 1927 4526 commendatur,

476 4525 541 4605 est
555 4523 672 4638 srnapi
688 4529 819 4612 semen
835 4530 945 4643 quod
957 4592 971 4634 ,
996 4525 1202 4642 prasertim
1217 4553 1266 4610 ex
1282 4555 1397 4613 aceto
1418 4535 1575 4616 coslum
1587 4593 1601 4637 ,
1627 4533 1655 4612 sr
1682 4529 1800 4614 alicui
1822 4535 1931 4646 parti

486 4633 733 4753 applicetur,
765 4639 986 4754 violentum
1018 4639 1223 4754 erysipelas
1258 4646 1436 4726 concitat
1490 4647 1573 4727 imo
1601 4651 1643 4727 dr
1674 4640 1932 4758 phlysloenas

480 4775 691 4866 enormes,
714 4779 835 4864 agens
851 4757 1108 4844 vesrcantium
1126 4779 1240 4840 more
1264 4788 1278 4856 3
1302 4785 1377 4840 nec
1403 4703 1551 4866 rubor,
1570 4783 1649 4842 -aut
1676 4753 1796 4842 dolor
1820 4757 1933 4842 adeo
