4250 5898
492 447 580 542 :540
952 429 994 514 D
1023 425 1060 512 li
1115 417 1166 512 Μ
1196 425 1237 511 0
1266 423 1310 514 R
1337 425 1371 511 B
1398 421 1475 509 I'S

499 590 569 677 sibi
594 589 746 674 ludicra
766 592 879 707 lingit
897 592 1139 704 imaginatio.
1164 589 1406 702 Myrmecias
1428 619 1622 695 pupianum
1646 581 1788 668 Celsus
1808 587 1929 666 ¹iioca·

502 704 853 835 vitexcrcscentias
866 731 1023 810 tenues,
1041 706 1192 894 nigras,
1206 702 1389 806 latiores,
1410 697 1641 843 quibusdam
1654 697 1819 780 donatas
1831 693 1928 824 radi-

501 813 673 898 cibus&
693 846 775 924 quae
794 815 1017 930 comprella
1034 816 1087 898 do
1106 843 1218 900 orem
1235 841 1424 912 movent3
1446 810 1636 922 cupidum
1649 811 1926 920 acrotliymion

389 971 394 982 =
500 927 613 1036 quod
633 925 744 1038 super
766 957 910 1042 corpus
925 929 1028 1038 quasi
1043 925 1250 1011 verrucula
1271 929 1439 1032 eminet,
1461 933 1502 1008 δι
1518 930 1559 1006 in
1577 923 1730 1036 fastigio
1752 919 1926 1028 subaspe-

499 1067 590 1121 rum
607 1040 659 1120 est
675 1067 686 1138 3
714 1038 873 1124 demum
894 1041 1105 1154 dapigoplii
1120 1040 1401 1123 acrochordon
1416 1037 1526 1147 quod
1542 1035 1612 1120 sub
1627 1059 1719 1118 cute
1736 1035 1927 1147 incipiens

366 1187 368 1190 ·
438 1219 443 1229 .
499 1150 692 1263 asperius,
714 1153 816 1235 infra
834 1154 882 1237 ad
903 1177 1036 1235 cutem
1059 1177 1198 1257 tenue,
1219 1153 1332 1265 supra
1351 1148 1466 1233 latius
1487 1153 1551 1233 est.
1574 1147 1703 1231 Notat
1720 1149 1817 1232 verb
1837 1141 1929 1228 Cel·

459 1297 463 1308 ·
500 1261 564 1346 sus
580 1268 643 1364 (o)
657 1267 790 1346 omnia
806 1267 888 1348 liaec
900 1263 1002 1346 mala
1016 1262 1326 1348 extremitatibus
1344 1262 1523 1376 corporis
1538 1260 1744 1375 prasertim
1760 1257 1927 1364 innasci,

498 1401 621 1484 quem
648 1371 789 1460 Paulus
821 1405 903 1460 non
932 1376 1086 1460 sec-utus
1115 1375 1263 1488 ubique
1289 1375 1624 1458 indiscriminatim
1650 1372 1762 1485 supra
1793 1398 1926 1454 cutem

388 1481 395 1496 ’
499 1488 668 1600 reperiri
680 1485 747 1570 illa
771 1492 1007 1603 pronuntiat.
1033 1489 1156 1596 G'ujus
1180 1493 1221 1574 in
1240 1515 1367 1602 partes
1391 1490 1441 1571 eb
1464 1485 1660 1570 lubentius
1682 1513 1777 1568 cum
1798 1487 1927 1566 onini-

500 1595 575 1682 bus
590 1600 727 1705 ierim,
747 1602 856 1711 quod
877 1600 1008 1686 nullus
1027 1604 1100 1706 est,
1118 1631 1201 1685 non
1217 1601 1311 1686 dico
1328 1627 1378 1684 ex
1392 1597 1590 1703 Medicis,
1605 1597 1672 1681 sed
1686 1625 1735 1680 ex
1756 1597 1929 1678 homini*

501 1707 576 1796 bus
599 1713 665 1820 qui
686 1741 767 1798 non
787 1713 924 1801 similia
937 1717 979 1798 in
996 1714 1140 1820 dorso,
1155 1719 1197 1796 in
1210 1717 1400 1819 thorace,
1422 1709 1472 1796 ad
1490 1710 1666 1816 femora,
1688 1733 1755 1794 aut
1772 1706 1931 1792 brachia

501 1822 728 1908 observarit.

500 1949 504 1956 '
559 1934 664 2017 Ciim
684 1939 781 2020 verb
801 1937 849 2022 ad
872 1965 1046 2023 naturam
1069 1942 1264 2022 horumce
1285 1961 1486 2025 tumorum
1508 1941 1645 2050 pariim
1663 1931 1789 2048 vulgi>
1810 1959 1931 2020 atten-

499 2043 638 2152 datur,
655 2049 739 2130 imi>
755 2042 880 2134 obliet
894 2054 1100 2134 nominum
1115 2052 1270 2162 farrago
1284 2051 1379 2161 quin
1394 2048 1556 2159 quisque
1571 2051 1715 2132 horum
1730 2073 1930 2130 tumorum

501 2157 576 2241 suo
600 2162 762 2244 nomine
783 2160 1027 2275 designetur,
1057 2163 1202 2246 fassum
1226 2164 1279 2245 est
1303 2188 1345 2246 ut
1365 2162 1567 2274 myrmecia
1590 2160 1693 2276 apud
1715 2155 1863 2242 Arabas
1887 2167 1929 2242 δι

499 2268 863 2357 'Arabico-Grecos
883 2275 1070 2359 Medicos
1079 2337 1093 2380 ,
1112 2305 1267 2360 verruca
1273 2273 1409 2387 seffili‘s
1425 2303 1446 2356 a
1476 2271 1661 2388 pelletur,
1684 2271 1927 2355 acrochordon

503 2385 623 2487 verb,
648 2392 739 2466 cum
760 2384 806 2466 sae
834 2386 856 2469 ὲ
879 2384 904 2468 ὲ·
924 2386 1000 2470 bali
1020 2390 1130 2471 tenui
1150 2387 1417 2506 propendeat,
1437 2304 1657 2501 designetur
1677 2383 1747 2468 sub
1771 2385 1932 2467 nomine

502 2523 669 2582 verrucae
691 2416 859 2608 peristis.
888 2497 1026 2584 Celsus
1050 2502 1148 2584 verb
1174 2525 1316 2582 natura
1338 2503 1379 2582 in
1403 2499 1510 2584 hisce
1537 2529 1620 2582 non
1647 2499 1687 2582 se
1716 2500 1776 2580 iiis
1803 2492 1931 2579 obser·

503 2631 638 2713 vator,
663 2606 834 2692 distinsls
856 2610 977 2696 edicit
996 2610 1093 2697 alios
1112 2611 1250 2730 sponte
1264 2612 1449 2696 decidere
1464 2621 1505 2696 ὅ(
1552 2641 1594 2696 cr
1615 2612 1655 2696 se
1676 2529 1822 2715 linari,
1850 2605 1930 2692 sola

502 2721 600 2804 verb
618 2722 767 2832 thymia
785 2731 825 2806 ὅ(
846 2729 1058 2832 myrmecia
1079 2725 1277 2810 sanatione
1295 2724 1484 2836 indigere.
1510 2643 1611 2836 guae
1627 2724 1820 2808 distinffio
1841 2725 1931 2805 cliiii

501 2829 641 2914 iisolo
672 2834 756 2915 visu
791 2835 987 2949 pendeat,
1015 2836 1195 2946 adeoque
1220 2835 1338 2942 justos
1370 2865 1452 2919 nori
1481 2835 1623 2920 habeat
1647 2833 1825 2940 limites,
1857 2861 1932 2919 iiec

501 2942 683 3048 admitti,
710 2973 784 3028 nec
811 2943 938 3030 refelli
958 2949 1094 3060 potest.
1122 2949 1246 3034 Certo
1268 2950 1310 3032 id
1328 2950 1411 3034 scio
1432 2946 1561 3064 plures
1581 2945 1694 3054 hujus
1717 2947 1930 3062 generisio

501 3081 598 3139 cute
618 3081 731 3139 notas
751 3057 990 3171 disparuisse,
1036 3059 1138 3144 lures
1158 3059 1296 3146 contri
1317 3071 1441 3145 totam
1457 3089 1528 3176 per
1545 3063 1665 3145 vitam
1687 3059 1928 3177 perdurasse,

503 3165 755 3276 maximoque
785 3173 881 3254 milii
913 3089 1079 3255 rebeiies
1113 3174 1201 3256 visae
1235 3173 1323 3259 sunt
1358 3171 1433 3258 illae
1464 3176 1566 3258 cutis
1596 3175 1824 3258 affesiiones
1851 3201 1931 3281 qua·

502 3275 618 3362 altilis
641 3275 740 3361 iniri
761 3283 862 3366 cutis
882 3280 1126 3366 substantiam
1152 3283 1461 3391 intruderentur‚
1484 3297 1524 3370 &
1546 3317 1619 3402 pro
1640 3289 1750 3400 ligno
1761 3349 1776 3392 ,
1798 3311 1931 3400 prater

502 3392 863 3501 nuum'nunquam
878 3391 1103 3502 fallentem,
1118 3395 1257 3502 habui,
1275 3398 1383 3506 quod
1396 3397 1471 3482 illae
1488 3398 1590 3512 pilos
1602 3399 1791 3530 copiosos
1802 3399 1932 3483 durio-

402 3559 406 3567 ·
504 3503 643 3612 resque
674 3506 922 3614 emitterent,
950 3509 1054 3619 quasi
1084 3507 1194 3594 bulbi
1224 3509 1338 3623 pilosi
1367 3511 1409 3594 in
1433 3514 1515 3595 hoc
1546 3509 1667 3595 fertili
1692 3513 1819 3598 humo
1846 3507 1929 3594 late

503 3643 555 3702 ve
583 3641 744 3700 etaient.

452 3757 460 3774 ·
540 3645 832 3843 ,symptomata
849 3731 909 3814 his
925 3731 1036 3824 malis
1051 3733 1169 3818 nulla.
1188 3731 1399 3848 Diagnosis
1413 3733 1434 3819 *a
1447 3737 1530 3820 visu
1545 3735 1703 3850 pendet.
1718 3733 1928 3850 Prognofis

499 3830 741 3924 indifferens.
757 3843 812 3923 At
826 3843 948 3925 causat
960 3846 1066 3930 certb
1084 3844 1239 3931 imuco
1253 3846 1318 3930 ins
1338 3847 1447 3931 issato
1462 3855 1502 3930 δι
1522 3843 1716 3932 concreto
1734 3849 1926 3962 penderit,

501 3953 581 4036 sive
609 3950 664 4036 ob
693 3955 941 4065 originariam
969 3961 1010 4040 in
1042 3982 1152 4054 textu
1179 3880 1462 4067 cutis-iibeni,
1487 3961 1702 4072 mequod
1720 3959 1928 4055 induretur

500 4065 720 4151 tenuiffima
742 4065 923 4150 vasorum
943 4065 1173 4154 ultimorum
1190 4071 1336 4156 fabrica
1351 4134 1364 4175 ,
1382 4072 1538 4183 ibique,
1557 4073 1787 4160 'tenuissimis
1806 4073 1926 4155 exha-

499 4169 672 4260 lantibus
693 4176 913 4309 particulis,
937 4181 1005 4264 fiat
1024 4183 1220 4266 induratio
1250 4181 1393 4270 nullibs
1421 4189 1612 4271 momenti
1640 4217 1653 4285 ς
1682 4185 1787 4268 unde
1811 4181 1930 4268 color

498 4301 676 4402 inuretur
697 4320 738 4370 in
765 4314 873 4378 textu
898 4323 980 4376 non
1001 4293 1128 4378 solum
1152 4293 1349 4380 reticulari
1372 4303 1412 4382 bi
1438 4297 1925 4412 mucosoMalpighiano,

501 4395 571 4480 sed
593 4403 709 4484 etiarn
731 4403 773 4482 in
798 4401 879 4515 ipsi
903 4433 1019 4511 cute,
1047 4416 1088 4491 δι
1113 4405 1242 4492 subter
1267 4436 1437 4510 cutem3
1469 4411 1546 4506 sive
1574 4410 1733 4494 demum
1758 4407 1813 4494 ob
1868 4407 1928 4492 lo-

498 4491 687 4594 bulo'rum
711 4511 919 4596 rubrorum
943 4516 1208 4602 deviationem
1237 4520 1575 4636 &impulsionem
1600 4523 1744 4606 sortem
1769 4523 1811 4604 in
1838 4441 1927 4604 ioca

498 4618 653 4726 aliena,
680 4623 956 4739 underegi‘edi
973 4629 1109 4716 nefas.
1144 4632 1189 4715 Is·
1205 4659 1293 4716 utut
1311 4632 1613 4746 simplicissimus
1641 4633 1926 4720 mechanifiniis

502 4762 577 4850 pto
595 4736 775 4845 mysterio
791 4741 865 4838 cst;
882 4742 991 4852 quod
1010 4769 1141 4832 tamen
1156 4744 1324 4836 viderim
1341 4746 1506 4842 narrasse
1519 4745 1653 4838 liceat.
1675 4749 1747 4838 Vir
1767 4745 1924 4864 quidam

536 4877 599 4972 ia>
628 4885 825 4976 lab-utu·
848 4899 906 4974 ιθ»
930 4915 1050 4988 utu
1151 4935 1157 4950 ·
