4696 5894
604 413 688 509 476
1044 398 1151 484 DE
1223 393 1586 484 MORBIS

608 559 906 674 abdominisqire
928 555 1158 674 glandulas3
1179 563 1263 644 imb
1287 570 1327 644 ὃ(
1351 589 1596 676 gangrenam
1615 553 1637 638 ὲ
1654 555 1770 640 nimis
1791 553 1915 640 subita
1928 553 2051 640 einez

607 677 896 790 repercullron'e
924 700 1050 757 ortam
1079 700 1273 756 memorat
1297 673 1512 757 Turnerus.

602 825 614 842 ··
668 786 927 870 Resolventia
951 789 1069 900 igitur
1098 793 1138 868 ὅ(
1168 783 1479 891 ·deters1va,illal
1508 783 1740 900 operatione
1766 780 1917 895 peraElb
1930 845 1946 890 ,
1973 783 2062 886 hic

610 899 831 984 adhibenda
851 901 965 1002 sunt,
990 897 1056 982 sed
1072 897 1220 982 diversa
1239 896 1329 1004 illa,
1351 926 1423 1011 pro
1445 897 1662 981 diversrtate
1686 921 1827 979 natura
1845 904 1887 978 δι
1907 891 2046 976 morbi

604 1021 654 1096 bt
666 1016 905 1123 agrotantis.
926 1011 968 1092 Si
996 1038 1097 1124 aeger
1121 1009 1320 1114 robustus,
1338 1006 1414 1112 jam
1434 1007 1615 1115 adultus,
1631 1013 1743 1091 'tinea
1764 1011 1863 1092 verb
1881 1011 2045 1116 antiqua

607 1135 653 1208 a&
676 1121 858 1228 rebellis,
882 1123 1047 1206 fortiora
1067 1123 1254 1206 detersrva
1277 1125 1394 1206 etiam
1416 1120 1604 1232 vialiqual
1625 1119 1870 1204 cathareticb
1896 1119 2047 1202 donata

607 1236 844 1352 apponenda
871 1235 971 1318 sunt.
1004 1234 1106 1318 Tale
1130 1239 1182 1319 est
1209 1260 1455 1348 unguentum
1479 1231 1620 1318 illudit
1644 1234 1775 1316 Pataeo
1803 1233 1926 1315 descri
1957 1259 2045 1314 turn

611 1345 755 1457 quoda
770 1347 960 1432 Guidone
972 1346 1224 1432 deCauliaco
1242 1375 1438 1430 mutuatus
1451 1375 1553 1452 erat,
1572 1345 1709 1430 Guido
1728 1371 1859 1429 autem
1880 1263 2042 1428 adelfo

611 1468 653 1544 bt
677 1458 902 1566 veteribus,
930 1458 952 1542 ὲ
977 1459 1090 1543 malis
1120 1459 1297 1572 analogia
1328 1459 1376 1543 ad
1402 1463 1547 1543 tineam
1579 1459 1792 1543 detortum.
1817 1457 1863 1538 Id
1891 1461 2044 1540 constat

609 1601 661 1656 ,ex
685 1570 895 1656 helleboro
922 1599 1119 1683 utroque,
1149 1575 1465 1686 auripigmenm,
1497 1572 1753 1684 lithargyrio,
1782 1567 1896 1654 calce
1923 1571 2041 1678 vival,

610 1683 772 1768 vitriolo
783 1747 796 1790 ,
818 1683 990 1769 alumine
1012 1717 1023 1786 5
1047 1713 1131 1768 tum
1152 1685 1300 1769 addunt
1320 1715 1464 1769 nucem
1486 1683 1676 1798 gallarum
1696 1692 1737 1768 bt
1761 1686 1937 1765 cinerum
1959 1681 2044 1766 cla-

611 1795 927 1884 vellatomm‘ii
962 1803 1120 1881 unciam
1156 1797 1383 1903 semissem,
1421 1800 1604 1881 mercurii
1641 1800 1682 1878 in
1722 1793 1835 1910 adipe
1880 1798 2043 1880 extineli

567 1981 573 1990 ,
611 1912 746 1992 uncias
769 1937 867 2015 tres,
895 1913 1072 2022 eruginis
1096 1911 1299 1994 drachmas
1322 1910 1446 2015 duas,
1469 1913 1510 1990 in
1533 1907 1666 2019 quand
1691 1905 1796 1990 librae
1824 1935 1933 2022 parte
1952 1908 2043 1992 suc-

608 2050 754 2104 corum
780 2017 1023 2134 borraginis,
1048 2021 1216 2104 fumaria
1230 2080 1244 2128 ,
1261 2019 1460 2126 scabiosa,
1478 2020 1623 2136 lapathi
1639 2024 1764 2125 acuti,
1781 2019 1921 2102 eidem
1940 2024 2041 2104 aceti

610 2132 805 2216 fortissimi
821 2132 925 2238 dost,
947 2139 988 2216 ὅ(
1010 2131 1108 2216 libri
1126 2131 1356 2217 univeteris
1379 2133 1481 2241 olei,
1507 2143 1595 2244 quae'
1613 2131 1680 2216 ubi
1703 2133 1751 2216 ad
1770 2133 2041 2244 consumptio-

610 2273 703 2328 nem
732 2245 943 2329 succorum
973 2249 1086 2328 coela
1115 2246 1287 2351 fuerint,
1320 2250 1471 2330 cineres
1506 2244 1736 2348 clavellatoa
1766 2243 1912 2350 addes,
1942 2249 2039 2358 picis

612 2355 872 2468 Burgundicae
894 2361 1053 2441 unciam
1078 2357 1174 2440 serni
1201 2368 1243 2442 δι
1265 2387 1361 2442 cerae
1383 2363 1571 2468 quantum
1593 2357 1680 2440 satis
1701 2357 1818 2439 fuerit
1841 2383 1885 2439 ut
1909 2359 2041 2442 omnia

611 2471 652 2551 in
674 2473 865 2580 unguenti
888 2472 1173 2555 consrstentiam
1198 2470 1445 2554 reducantur.
1802 2503 1805 2514 ¹

528 2597 533 2604 '
611 2593 618 2635 ⁷
669 2581 716 2663 In
737 2579 811 2666 haic
830 2581 1046 2666 monstrosi
1067 2587 1365 2697 praeparatione,
1386 2581 1519 2694 quales
1537 2582 1622 2664 sunt
1636 2580 1791 2692 reliqua
1806 2548 2044 2687 feffiomnes

611 2721 663 2778 ex
685 2691 882 2778 veteribus
906 2695 1148 2802 adulteratae,
1172 2723 1239 2780 aut
1255 2723 1424 2809 accepta
1442 2694 1490 2777 ab
1509 2693 1897 2778 Arabo-Graecomm
1917 2695 2043 2778 Phar-

611 2805 812 3000 macoppeb
834 2807 876 2888 id
897 2811 1023 2890 notari
1044 2807 1190 2912 velim,
1216 2837 1299 2890 non
1317 2811 1520 2890 minimam
1539 2808 1723 2900 efficaciae
1738 2834 1886 2923 partem
1906 2805 2043 2890 deberi

480 2933 485 2944 '
610 2921 737 3002 cineri
768 2951 811 3002 us
844 2917 1060 3004 clavellatis
1093 2925 1169 3030 qui·
1187 2924 1227 3004 vi
1267 2917 1383 3002 alcali
1421 2923 1489 3004 fixi
1527 2922 1764 3034 precipitem
1803 2947 1852 3003 ex
1891 2922 2044 3004 unione

611 3055 736 3142 agunt
763 3059 905 3114 terram
931 3030 1205 3116 absorbentem
1233 3030 1471 3138 animalem,
1504 3032 1683 3142 adeoque
1709 3033 1850 3114 crustas
1873 3031 2043 3114 decom-

612 3169 799 3252 ponunt;
828 3143 932 3226 unde
957 3143 1054 3250 loco
1079 3172 1142 3228 tot
1166 3148 1365 3228 variorum
1389 3143 1681 3259 emplastromm
1705 3174 1787 3252 quae
1821 3173 1896 3257 pro
1929 3147 2044 3228 tinea

614 3252 750 3336 natura
771 3258 812 3338 in
834 3259 965 3360 mitia,
982 3255 1047 3339 vel
1067 3255 1195 3360 valida
1210 3257 1297 3340 vult
1318 3257 1496 3371 distingui
1511 3257 1686 3341 Zacutus
1707 3256 1914 3341 Lusrtanus
1927 3263 1978 3362 (α)
1993 3257 2046 3340 de

613 3367 696 3449 hoc
725 3365 869 3449 morbo
893 3396 1042 3480 agens,
1070 3362 1247 3452 lixivium
1282 3369 1558 3483 apponendum
1591 3400 1696 3452 nunc
1732 3367 1872 3452 fortius
1886 3433 1901 3474 ,
1934 3399 2047 3456 nunc

613 3477 739 3562 lenius
757 3476 1041 3587 judicaverim,
1067 3511 1171 3564 nunc
1195 3480 1297 3593 pluri
1322 3479 1420 3592 aqud
1445 3487 1688 3586 remixtum,
1709 3511 1814 3563 nunc
1841 3485 2043 3594 paucioti;

613 3595 667 3675 ita
694 3617 738 3673 ut
757 3620 830 3674 nec
853 3594 1110 3676 inflammatio
1131 3595 1317 3677 inferatur
1340 3593 1511 3705 partibus
1532 3594 1734 3678 denudatis
1746 3653 1760 3696 ,
1780 3621 1855 3675 nec
1874 3596 2049 3678 finamue

615 3703 779 3814 segnitie
804 3712 845 3788 ὃ(
867 3703 1004 3788 inertial
1026 3705 1272 3790 renascentes
1299 3711 1485 3819 occupari
1511 3710 1646 3790 acinos
1671 3733 1873 3788 curaneos.
1905 3707 2051 3815 Quem

616 3815 665 3898 ad
685 3813 794 3898 usum
817 3820 935 3900 etiam
952 3818 1109 3930 poliunt
1128 3808 1356 3902 conducere
1377 3815 1497 3902 calcis
1523 3845 1727 3934 preparata
1751 3820 1909 3923 omnia,
1943 3849 2051 3928 aqua

618 3924 737 4010 calcis
765 3959 872 4013 nunc
901 3931 1061 4034 mitior,
1090 3961 1196 4012 nunc
1224 3933 1394 4037 sortior,
1418 3962 1502 4040 quae
1529 3934 1662 4014 omnia
1689 3931 1920 4042 eruginem,
1942 3935 2052 4014 auri-

616 4042 888 4150 pigmentum,
914 4041 982 4124 sus
1002 4045 1084 4124 edla
1110 4039 1193 4148 jure
1220 4043 1416 4148 remedia,
1448 4043 1604 4156 poliunt
1629 4043 1892 4155 compensare.

672 4152 763 4233 Nec
785 4155 910 4238 minus
930 4071 1155 4238 Alexander
1176 4154 1373 4236 Mallarias
1393 4154 1453 4258 (b)
1480 4181 1634 4238 acetum
1657 4153 1902 4236 fortiffimurn
1924 4181 2055 4238 com-

499 4359 502 4364 ,
617 4263 796 4369 mendar,
813 4293 944 4374 eoque
956 4296 1029 4378 pro
1043 4263 1398 4378 universaliropico
1417 4270 1538 4350 utitur
1549 4330 1563 4373 ,
1585 4267 1692 4376 quod
1712 4265 1819 4348 certe
1838 4263 1885 4347 ad
1901 4269 2059 4352 crustas

616 4371 964 4487 decomponendas
991 4377 1204 4490 plurimum
1232 4377 1368 4482 valet,
1393 4377 1466 4473 ¹sed
1495 4377 1673 4462 carnibus
1703 4375 1912 4461 mollitiem
1942 4377 2060 4462 bene

616 4489 854 4598 experienti&
876 4495 1078 4602 cognitam
1098 4492 1233 4576 indere
1253 4491 1430 4602 videon,
1458 4500 1500 4575 ὅ(
1525 4494 1565 4578 in
1590 4493 1728 4574 offiunr
1749 4491 1894 4576 vicinia
1921 4517 2061 4606 pene·-

654 4665 708 4733 (a)
730 4659 819 4722 Prae.
837 4663 882 4724 liv.
907 4685 944 4735 1,
963 4687 1023 4750 cap.
1043 4692 1070 4732 a.

657 4739 711 4818 (b)
728 4739 790 4800 Lib.
811 4761 919 4826 r,cap.
936 4763 961 4818 ς.

929 4851 937 4887 t
