4226 5916
497 419 618 548 ,470'
899 395 1067 512 'on
1130 423 1502 513 uonnrs

397 603 398 606 ‘
499 591 592 678 alias
618 591 839 676 sanniones
871 585 1072 703 impulsus.
1090 617 1094 625 ·
1110 588 1230 676 Tunc
1263 594 1370 677 enim
1396 591 1580 706 segnities
1609 589 1660 674 ad
1687 619 1824 676 curam
1851 621 1936 681 non

498 703 704 796 toleranda
728 703 844 788 foret.
1857 719 1860 724 '

557 822 678 904 Loco
695 843 803 900 venae
820 813 1020 922 sessionis,
1039 840 1105 900 aut
1119 818 1204 931 post
1211 845 1298 901 eam
1313 815 1529 902 adhibitam
1540 817 1769 901 Eustachius
1777 817 1936 905 Rudius

498 933 726 1018 hirudinum
751 926 1058 1124 applicationem
1083 929 1245 1037 suadet,
1271 960 1355 1014 non
1374 956 1420 1014 ut
1438 929 1461 1014 *a
1481 934 1609 1045 eapite
1629 929 1848 1038 revellam,
1868 931 1935 1017 sed

501 1051 594 1130 cum
617 1049 763 1128 tineam
784 1073 805 1125 a
853 1043 1022 1126 humore
1044 1041 1341 1128 melancholico
1368 1069 1496 1128 ortam
1517 1067 1653 1160 putet,
1676 1038 1837 1152 ejusque
1853 1069 1937 1128 erne

500 1161 612 1274 potia
631 1156 741 1240 locet
762 1182 828 1239 aut
851 1157 891 1236 in
916 1153 1082 1266 hepate,
1104 1183 1171 1240 aut
1188 1159 1229 1239 in
1254 1154 1380 1262 liene,
1403 1156 1548 1241 diresle
1572 1151 1689 1239 abiis
1710 1156 1838 1240 credit
1857 1159 1935 1242 elle

499 1271 682 1356 fomitem
709 1266 1006 1374 deducendum,
1031 1269 1141 1378 quod
1164 1269 1325 1380 quidem
1351 1269 1540 1354 auxilium
1562 1271 1604 1352 in
1632 1267 1758 1351 nostrl
1781 1270 1938 1355 theorid

499 1382 659 1466 levioris
683 1379 937 1466 videturesse
961 1382 1157 1494 ponderis.
1191 1381 1281 1465 Post
1304 1385 1430 1497 prima
1453 1385 1535 1466 haec
1559 1379 1727 1496 praelidia
1748 1383 1936 1467 humores

500 1493 670 1614 hcapite
691 1492 885 1579 revellunt
910 1493 1065 1578 Medici
1090 1494 1213 1577 modo
1234 1498 1342 1598 citati
1354 1557 1368 1599 ,
1392 1497 1703 1610 &purgationes
1720 1491 1933 1602 adhibent,

498 1609 750 1722 hydragogas
763 1607 870 1711 illas,
888 1633 1005 1716 atque
1023 1607 1285 1722 potentissime
1303 1605 1500 1691 solventes
1513 1605 1655 1718 quibus
1667 1607 1935 1696 intermiscent

500 1719 690 1806 diluentia
715 1748 763 1803 ex
788 1719 974 1832 lapath0‚
1006 1723 1218 1824 cichorio,
1249 1745 1433 1804 taraxaco
1445 1782 1460 1828 ,
1486 1717 1696 1833 borragine
1709 1780 1723 1824 ,
1753 1717 1934 1826 melissi,

500 1833 671 1950 lupulis,
688 1831 886 1937 scabiosi,
904 1831 1069 1916 furnarii
1080 1847 1103 1938 ,'
1116 1831 1277 1944 aliisque
1293 1830 1529 1939 hujusmodi.
1547 1833 1789 1944 Quanquam
1804 1859 1933 1917 autem

501 1949 660 2033 Rudius
688 1945 812 2027 modo
839 1947 980 2027 citatus
1006 1949 1183 2029 enuntiet
1207 1947 1401 2030 credintm
1428 1947 1540 2033 fuisse
1565 1943 1614 2028 ab
1639 1947 1808 2055 antiquis
1839 1943 1935 2028 nihil

502 2059 645 2145 melius
663 2087 837 2168 unquam
857 2055 967 2140 fuill'e
983 2083 1137 2141 veratro
1155 2059 1203 2142 ad
1217 2061 1395 2144 humoris
1409 2058 1810 2160 illistsvacuationem
1825 2055 1934 2140 simul

501 2199 620 2283 atque
634 2172 913 2276 mutationem,
932 2171 1084 2284 praefert
1097 2196 1228 2256 tamen
1245 2169 1313 2254 illa
1330 2170 1637 2275 medicamenta,
1655 2169 1851 2284 praecipub
1864 2169 1929 2254 sub

503 2289 819 2400 catapotionrm‚
842 2284 909 2366 seu
924 2279 1133 2395 pilularum
1150 2283 1279 2368 forms
1293 2314 1376 2396 qua
1392 2287 1579 2369 humores
1594 2282 1788 2366 solvendo
1804 2280 1937 2364 alvum

501 2396 767 2512 potentissime
788 2393 1015 2480 subvertunt
1037 2427 1049 2496 ;
1071 2392 1168 2480 tales
1187 2398 1276 2480 sunt
1296 2394 1425 2512 pilula
1445 2400 1596 2482 cochiae
1611 2425 1704 2480 curn
1726 2391 1931 2478 helleboro

502 2517 618 2626 nigro
634 2534 873 2626 preparata,
891 2537 967 2593 nec
982 2537 1064 2600 non
1079 2510 1187 2593 hiera
1205 2540 1298 2593 cum
1314 2507 1536 2595 helleboro
1562 2508 1626 2594 Ad
1646 2507 1779 2592 ulcera
1800 2509 1933 2618 capitis

500 2653 586 2736 qua:
606 2629 717 2709 tineae
738 2621 904 2736 analoga
921 2619 998 2708 esse
1018 2621 1197 2737 poliunt,
1217 2623 1513 2708 commendavit
1527 2620 1705 2706 Galenus
1720 2629 1780 2726 (a)
1799 2617 1932 2734 pilulas

502 2766 553 2824 ex
583 2738 673 2824 alo&
686 2801 700 2844 ‚
726 2735 930 2846 diacrydio
956 2744 999 2819 dt
1023 2736 1231 2820 trochiscis
1251 2733 1433 2820 alhandal
1462 2735 1690 2842 consessas,
1724 2735 1752 2816 sr
1775 2733 1933 2846 pulvere

501 2856 701 2950 corticum
717 2850 857 2933 radicis
872 2846 1069 2932 hellebori
1085 2849 1185 2962 nigri
1199 2848 1463 2932 involvantur.
1485 2849 1550 2932 Ad
1569 2845 1736 2932 similem
1754 2845 1931 2928 affedurn

502 2963 709 3050 laudantur
733 2965 851 3045 etiam
876 2959 1005 3075 pilulae
1030 2959 1080 3044 de
1107 2960 1236 3078 lapide
1256 2959 1375 3045 lazuli
1401 2969 1442 3044 ὅ(
1466 2957 1597 3075 lapide
1619 2987 1795 3044 armeno·

559 3077 637 3160 His
671 3073 875 3160 exantlatis
908 3100 1018 3158 nares
1050 3075 1169 3158 etiarn
1204 3075 1480 3158 sternutatoriis
1515 3082 1557 3158 bt
1594 3099 1714 3190 caput
1745 3095 1862 3180 atque
1889 3097 1933 3151 os

504 3187 728 3274 collurotiis
745 3195 787 3271 ὃ(
803 3190 1001 3300 ptarmicis
1022 3216 1095 3299 pur
1124 3214 1212 3296 ant,
1235 3215 1310 3269 nec
1326 3187 1395 3269 nist
1413 3190 1473 3270 his
1487 3184 1564 3292 jam
1578 3184 1600 3268 ὲ
1614 3185 1740 3300 longo
1758 3209 1933 3298 tempore

503 3303 666 3419 peraetis
680 3361 693 3407 ‚
721 3301 856 3413 topica
886 3323 1049 3382 tentant.
1081 3218 1240 3408 {uibus
1265 3298 1360 3383 ditm
1387 3297 1501 3384 suam.
1522 3297 1819 3384 concredebant
1846 3323 1937 3412 ope-

501 3417 719 3519 rationem,
744 3407 1000 3525 purgantibus
1020 3415 1205 3517 remotis,
1228 3411 1356 3495 serum
1381 3411 1491 3497 labiis
1513 3415 1662 3530 caprini
1686 3407 1937 3496 suntaris'aut

502 3529 589 3613 aliis
612 3522 797 3610 stmilibus
822 3525 1027 3607 intinetum
1053 3522 1244 3608 suadent
1921 3547 1926 3586 ³

560 3641 755 3728 Miramur
777 3639 897 3752 porrb
924 3636 1032 3748 qubd
1059 3641 1150 3720 cbm
1175 3637 1224 3721 de
1246 3635 1478 3721 morborum
1500 3663 1756 3722 cutaneorum
1787 3627 1937 3716 intemb

501 3749 709 3841 curatione
726 3750 819 3834 sere
841 3779 979 3834 omnes
1006 3749 1216 3834 Medicina
1234 3753 1431 3866 principes
1460 3747 1633 3836 siluerint
1640 3814 1653 3857 ,
1678 3746 1780 3831 adeo
1802 3747 1939 3830 attenti

502 3871 648 3954 suerint
674 3870 715 3949 in
738 3868 851 3978 tinea
879 3863 971 3946 curs
997 3861 1209 3949 enarrandd
1233 3867 1464 3977 posteriores
1490 3863 1659 3948 Medici.
1687 3859 1798 3943 Tium
1819 3863 1939 3943 eriam

503 3978 729 4067 notabimus
760 4005 895 4060 curam
920 3974 1028 4057 illam
1054 4003 1187 4061 acrem
1214 3984 1257 4060 dt
1278 3977 1478 4084 vividam,
1510 4006 1592 4060 non
1618 3970 1804 4058 omnibus
1832 3969 1940 4080 cqub

506 4097 722 4179 convenire
758 4086 992 4206 corporibus
1006 4147 1021 4194 ,
1046 4096 1095 4172 ¹&
1133 4091 1175 4172 in
1207 4117 1259 4172 eo
1293 4117 1461 4202 peccare
1493 4087 1602 4197 qubd
1635 4092 1727 4170 clun
1760 4083 1869 4168 nulla
1897 4083 1943 4164 in

501 4206 608 4290 tineh
621 4207 844 4290 affesiarum
864 4201 1111 4286 funsiionum
1131 4203 1235 4313 signa
1254 4228 1389 4285 extent
1400 4265 1414 4306 ,
1436 4199 1653 4316 periculum
1676 4199 1720 4282 srt
1743 4227 1794 4284 ne
1813 4197 1836 4282 t
1854 4225 1942 4280 ran-

503 4321 556 4404 tis
581 4319 763 4402 remediis
787 4311 1073 4399 immedicabili
1097 4313 1221 4396 modo
1246 4317 1429 4398 machina
1454 4317 1717 4398 concutiatur.

562 4435 627 4514 An
660 4461 742 4512 non
774 4430 910 4521 eadem
940 4427 1082 4512 leniori
1106 4427 1300 4511 methodo
1328 4426 1499 4512 obtineri
1527 4425 1687 4541 possunt
1700 4489 1714 4530 ,
1744 4431 1788 4510 ὰ
1812 4447 1945 4536 partes

506 4542 677 4628 resinosa
692 4541 928 4626 resolvendo
942 4569 1063 4624 muco
1080 4566 1174 4653 apta
1189 4536 1277 4646 ejus
1296 4567 1347 4624 ue
1361 4543 1489 4625 tenori
1504 4539 1751 4624 immutando
1763 4536 1919 4620 idonee
1927 4597 1942 4638 ,

504 4657 632 4743 lenius
661 4655 885 4759 introduci,
911 4659 1001 4736 clun
1029 4653 1237 4766 prasertim
1263 4569 1318 4736 ibi
1328 4651 1447 4736 nulla
1467 4652 1551 4766 spes
1577 4649 1807 4739 revulsionis
1820 4711 1836 4756 ‚
1863 4673 1944 4731 nec

543 4821 601 4898 (a)
622 4813 727 4876 Galen.
743 4817 776 4875 de
795 4815 894 4900 Contp.
915 4816 967 4877 sec.
987 4815 1044 4874 loc.
1063 4813 1109 4875 lib.
1132 4834 1164 4892 5,
1181 4837 1239 4900 cap.
1261 4815 1367 4874 ultimo.
