4186 5908
640 357 1173 451 CUTANEPS'
1476 359 1619 470 'ow

173 525 404 644 'e'ryfipelata
424 523 585 639 quidem
604 527 654 611 ad
672 553 805 611 cutem
824 557 907 612 non
930 531 1163 635 concitans,
1184 527 1256 614 sed·
1268 523 1473 612 interiores
1494 529 1616 614 advo-

177 672 272 728 cans
302 638 507 726 tumultiis.
544 640 593 723 ln
623 637 849 754 erysipelate
879 641 990 750 quod
1024 639 1179 725 nullum
1221 645 1380 726 interius
1413 671 1614 726 venenum

177 783 251 871 pro
265 753 384 838 causi
395 749 516 836 habet
526 810 539 858 ,
556 756 760 866 postquam
774 753 1003 837 erethismus
1020 751 1285 838 leniorfadus
1303 759 1378 860 est,
1396 754 1507 838 utilia
1525 754 1632 840 sunt

180 865 407 975 hujusmodi
432 868 593 978 topica,
619 870 661 948 in
683 864 767 950 aliis
791 865 947 950 casibus
961 869 1120 950 nociva.
1153 867 1212 949 Ita
1238 866 1447 978 aliquando
1471 897 1613 978 aquam

179 979 365 1093 frigidam
379 1005 430 1064 ex
441 978 714 1091 Hippocrate,
733 976 945 1088 aliquando
958 981 1153 1092 rigentem
1197 975 1617 1094 laciemapplicavsre.'

178 1093 240 1176 Ita
267 1090 401 1206 soepiiis
429 1116 590 1176 utuntur
619 1118 841 1202 oxycrato,
878 1117 947 1176 aut
970 1089 1122 1176 famosi
1151 1009 1221 1174 iis
1246 1089 1397 1204 plumbi
1425 1095 1465 1173 in
1496 1119 1612 1177 aceto

179 1203 401 1309 solutione,
426 1233 543 1312 quam
556 1231 696 1314 aquam
714 1201 1107 1316 vegeto-mineralem
1120 1230 1268 1287 vocant
1287 1212 1328 1286 br
1349 1206 1415 1288 cui
1429 1207 1614 1291 virtutem

180 1317 325 1404 eximie
349 1316 611 1402 resolventem
639 1342 770 1400 amarit
790 1313 990 1411 tribuere,
1019 1319 1196 1426 quamvis
1220 1323 1354 1400 revera
1379 1315 1614 1430 adstringens
1745 1333 1754 1343 “

181 1433 228 1515 sit
254 1439 296 1514 &t
319 1427 540 1628 repulgipne
564 1431 732 1517 materia
758 1427 949 1538 resolvat,
978 1426 1084 1518 unde
1110 1426 1209 1516 falso
1236 1431 1317 1516 hoc
1341 1427 1468 1515 titulo
1482 1430 1624 1545 sapius

161 1569 396 1660 ¹peccatum
418 1571 440 1628 e
471 1607 481 1627 .
1403 1577 1407 1585 ’

239 1658 509 1766 Quantumvis
537 1685 640 1772 ergo
672 1657 846 1768 Celsus,
885 1656 1117 1766 Oribasius,
1157 1658 1240 1770 imb
1275 1659 1617 1745 &recentiorum

182 1769 442 1854 Medicorum
467 1768 623 1885 plurimi
650 1773 771 1858 fidem
792 1778 994 1886 ingentem
1020 1775 1165 1886 topicis
1181 1773 1385 1857 videantur
1409 1769 1620 1878 adhibere,

185 1881 353 1968 meliora
368 1883 550 1968 suadente
568 1886 688 1968 Aetio
707 1893 770 1991 (u)
791 1889 858 1996 qui
881 1884 1031 1998 frigidis
1054 1888 1109 1968 ait
1128 1883 1351 1998 erysipelata
1370 1883 1616 1998 nigrescere,

183 2001 271 2101 vix,
294 1998 323 2078 si
342 1995 500 2110 securus
521 1999 615 2080 stare
633 1995 752 2104 velis,
772 1998 822 2082 ad
840 1994 1003 2081 illorum
1022 1995 1135 2080 usum
1153 1993 1236 2080 ulla
1254 1998 1295 2082 se
1317 1995 1425 2082 dabit
1444 1996 1618 2082 occasio.

235 2110 332 2192 Nec
358 2135 490 2193 tamen
512 2112 540 2192 ii
565 2109 696 2193 sumus
723 2113 791 2221 qui
816 2112 859 2192 in
885 2111 1079 2224 principio
1103 2108 1373 2222 erysipelatum
1399 2104 1621 2191 adhibenda

185 2219 460 2328 emollienda,
484 2222 677 2332 aquasque
699 2221 976 2329 emollientes,
996 2249 1039 2305 ut
1055 2221 1143 2304 sunt
1160 2220 1325 2305 decom
1349 2220 1506 2325 altheae,
1534 2217 1621 2302 lac-

187 2361 312 2440 tucae,
344 2333 442 2418 beta
471 2333 718 2445 aliorumque
747 2333 863 2418 simili
893 2337 1038 2417 virtute
1071 2331 1323 2449 praeditorum
1352 2335 1623 2447 vegetandum

187 2475 267 2558 non
299 2445 534 2553 laudemus,
554 2449 623 2529 ita
657 2471 790 2532 tamen
819 2475 871 2532 ne
900 2444 1135 2530 flaccescunt
1159 2445 1279 2552 vasa,
1308 2455 1362 2530 &¹
1380 2449 1422 2528 in
1447 2447 1622 2527 atoniam

188 2557 327 2642 abeant
366 2591 381 2658 3
417 2562 511 2642 hinc
546 2559 665 2641 flores
700 2555 911 2664 sambuci,
951 2555 1235 2663 chamaemeli‚
1275 2555 1443 2642 meliloti
1482 2555 1623 2640 leviter

188 2672 428 2756 aromaticos
495 2667 754 2776 retollimus,
796 2697 864 2753 aut
901 2673 1022 2754 etiam
1057 2669 1223 2754 decoela
1265 2669 1433 2753 secalina
1448 2730 1462 2772 ,
1505 2667 1623 2750 orobi

190 2783 435 2893 aliarumque
459 2700 672 2864 linearum*
690 2813 775 2894 quae
802 2779 915 2866 simul
940 2790 981 2866 δι
1006 2779 1278 2886 emollientes,
1305 2791 1345 2864 ὅ(
1373 2783 1514 2882 tonico
1541 2809 1623 2890 quo

188 2897 386 2980 donantur
406 2893 485 2980 levi
507 2898 701 3010 priricipio
726 2892 966 2980 resolventes
988 2894 1184 2978 dicuntur.
1215 2891 1372 3002 Quibus
1396 2892 1558 3003 quidem
1581 2896 1624 2975 iii

188 3007 420 3092 adhibendis
451 3005 748 3092 medicamentis
780 3004 880 3090 illud
913 3003 1003 3090 ante
1038 3004 1113 3089 alia
1145 3003 1331 3090 volumus
1365 3013 1623 3111 annotatum,

189 3119 351 3228 levioris
381 3119 460 3204 elie
491 3145 690 3204 armature
720 3121 823 3202 istius
846 3122 999 3232 generis
1024 3117 1214 3232 praesidia,
1232 3137 1310 3202 'nec
1336 3149 1428 3204 cum
1452 3121 1625 3203 inremo-

191 3263 277 3319 rum
304 3233 688 3319 medicamentorum
717 3229 960 3315 adminiculo
990 3232 1099 3344 posse
1124 3232 1311 3316 conferri.

245 3345 332 3432 Alii
362 3345 449 3429 sunt
467 3370 643 3430 tumores
667 3370 690 3429 e
736 3341 926 3458 sipelatosi
944 3347 1011 3454 qui
1037 3372 1120 3427 non
1143 3371 1210 3450 ie,
1237 3342 1305 3426 sed
1326 3347 1490 3427 nomine
1509 3341 1626 3425 diffe-

194 3455 282 3546 runt
316 3457 466 3542 laveris
494 3373 799 3572 erysipelatibus.
833 3453 908 3540 llla
936 3455 1117 3541 eamdem
1145 3459 1302 3569 prorslis
1330 3453 1401 3538 sibi
1432 3452 1627 3568 poli-ulaiap

191 3576 465 3678 curationem,
486 3571 556 3652 nisi
572 3568 682 3679 quod
701 3573 792 3678 ciam
837 3566 1051 3653 eculiarem
1070 3568 1294 3654 adoriantur
1311 3594 1485 3683 partem,
1501 3563 1626 3678 vulgb

193 3685 325 3780 multo
350 3681 437 3800 plus
464 3680 777 3796 phlysloenarum
804 3599 937 3764 siecum
961 3683 1126 3768 trahant.
1445 3749 1452 3759 .
1575 3743 1596 3774 χ.

251 3799 322 3888 Sic
349 3801 451 3910 ignis
476 3795 582 3882 sacer
610 3794 715 3910 apud
739 3794 1031 3908 Hippocratem
1053 3792 1151 3880 nihil
1174 3793 1280 3880 aliud
1304 3797 1356 3880 est
1380 3818 1515 3908 prater
1539 3821 1629 3902 erya⁸

194 3909 440 4026 sipelaslb),
461 3909 572 4018 quod
590 3912 711 3993 etiam
728 3911 770 3990 iii
787 3934 901 3989 utero
927 3912 1142 3994 annotavit.
1178 3909 1246 3992 Sic
1266 3912 1383 3992 etiam
1401 3911 1510 4018 ignes
1530 3904 1628 3988 sacri

195 4053 250 4140 po
279 4022 648 4134 ularitervagantes
681 4024 723 4104 in
756 4022 1035 4106 constitutione
1070 4024 1260 4136 pestilenti
1287 4017 1343 4102 nil
1373 4015 1479 4101 aliud
1506 4020 1629 4101 menti

196 4165 227 4221 o
258 4161 374 4222 erunt
399 4159 536 4330 prater
562 4131 766 4246 erysipelas
797 4131 1154 4249 symptomaticum.
1190 4131 1319 4242 Quod
1352 4131 1470 4214 etiam
1496 4113 1629 4216 morbi

228 4277 323 4334 enus
355 4247 395 4331 su
449 4248 612 4330 nomine
648 4247 758 4346 [nisos
784 4243 891 4348 asylis
921 4253 983 4352 (c)
1010 4243 1218 4358 descripsit.
1253 4241 1364 4326 Hinc
1390 4239 1486 4360 sape
1502 4243 1628 4349 „imo

193 4280 283 4450 iere
301 4359 471 4494 'semper
509 4354 712 4492 erysipelas
733 4375 818 4468 ‘pro
852 4356 1113 4552 symptomate
1149 4354 1285 4440 habuit
1319 4355 1368 4439 ad
1403 4355 1630 4472 prognosim
1734 4417 1770 4432 ..

194 4472 392 4579 relativo,
413 4496 458 4555 ut
477 4472 561 4562 siin
577 4467 716 4588 augins
735 4466 783 4550 ad
801 4491 910 4553 extra
949 4494 1077 4554 eratur
1095 4463 1321 4584 erysipelas,
1341 4466 1514 4579 bonum,
1540 4465 1631 4552 siad

240 4681 304 4756 (a)
331 4679 486 4742 Tetiabibl.
504 4699 541 4752 4,
559 4680 609 4740 lib.
629 4703 656 4752 4.

238 4759 301 4836 (l)
323 4760 371 4821 De
390 4759 483 4823 Moib.
540 4781 566 4839 p.
580 4760 613 4821 de
631 4762 726 4825 Moib.
745 4759 819 4828 Mul.
841 4779 897 4838 1¹4,
916 4759 996 4846 Epid.
1013 4783 1047 4843 3,
1063 4759 1139 4828 Sella
1158 4779 1187 4842 3·

238 4845 301 4927 (β)
324 4838 480 4912 Gdemdt
533 4841 627 4903 ocibus
646 4843 732 4934 Hipp.
800 4845 807 4856 '

1322 4917 1411 5010 Dd
