4246 5900
576 451 1292 550 rnrnonucrro.
1572 434 1654 558 ιι

204 619 379 710 tormina
402 623 425 708 i
451 621 540 710 viro
565 621 776 708 fortissimo
808 623 851 705 in
877 619 985 734 spem
1012 623 1226 718 curationis
1250 619 1443 733 tolerata,
1468 623 1522 714 ita
1542 627 1644 720 basis
1783 625 1813 738 J

205 740 309 824 cutis
334 736 356 820 b
380 733 599 848 liquoribus
630 737 705 822 istis
735 737 864 821 fuerat
890 731 1151 851 consumpta,
1179 761 1224 821 ur
1250 740 1351 822 cutis
1377 742 1476 826 natis
1496 741 1640 832 dextra:

204 848 393 938 insensilis
446 855 579 936 torsias
599 847 794 954 e'vasrllet,
826 873 904 932 nec
924 842 1003 952 jam
1027 847 1188 934 referret
1204 851 1377 966 speciem
1401 883 1448 940 ae
1468 855 1641 946 formam

206 966 313 1048 cutis
334 999 343 1047 :
364 881 445 1050 sal
457 964 597 1050 seriem
632 959 844 1048 exhibebat
867 960 1081 1070 vasorum,
1118 986 1185 1046 aut
1210 963 1441 1079 papillarum
1467 972 1568 1056 inter
1597 972 1640 1058 se

202 1075 484 1190 parallelarum
506 1075 764 1182 albidarum,
803 1105 887 1185 quc
910 1103 1031 1156 manu
1062 1079 1228 1162 tradate
1262 1081 1303 1160 in
1337 1081 1439 1166 hanc
1476 1081 1638 1172 illamve

201 1216 361 1304 partem
382 1187 528 1276 leniter
549 1186 814 1302 ducebantur,
843 1193 885 1269 dr
905 1183 1147 1296 aliquatenus
1170 1187 1487 1302 decumbebant,
1519 1203 1638 1312 panni

201 1303 324 1386 instar
349 1301 456 1386 illius
482 1301 594 1394 serici
610 1297 736 1385 villosa
762 1327 881 1412 quem
898 1302 1084 1386 nostrates
1104 1300 1256 1387 vtlours
1278 1303 1426 1390 dicunt.
1449 1306 1639 1396 Albesce·

200 1413 308 1521 bat,
324 1417 408 1500 imb
427 1420 467 1496 ὃ(
479 1411 706 1528 splendebat
717 1443 806 1528 pars
820 1410 901 1498 illa.
922 1411 1037 1497 Unde
1057 1444 1150 1501 curn
1169 1414 1410 1529 epidermide
1428 1420 1641 1512 reticulum
1692 1407 1697 1420 ⁵

197 1527 529 1643 Malpighianum
541 1588 556 1634 ,
585 1535 627 1612 dc
649 1555 795 1614 nervos
815 1525 1076 1641 consumptos
1100 1527 1212 1612 fuisse
1240 1527 1447 1644 probabile
1469 1538 1522 1620 est
1532 1597 1548 1646 ,
1580 1541 1640 1626 in-

197 1645 315 1730 ratiis
337 1639 486 1726 interes
509 1639 732 1749 durioribus
753 1641 935 1726 vasorum
954 1667 1019 1724 aut
1037 1640 1269 1756 papillarum
1292 1646 1448 1733 tunicis.

261 1753 327 1836 Ex
351 1751 428 1838 hac
451 1752 627 1870 exposui
646 1760 748 1840 cutis
762 1751 945 1840 strusiuri
965 1751 1066 1836 nihil
1083 1759 1136 1839 est
1158 1753 1263 1840 unde
1281 1757 1323 1840 in
1337 1755 1405 1842 illi
1429 1761 1639 1851 universali

203 1866 524 1951 consrderatione
549 1867 751 1964 tendineas
764 1930 779 1975 ,
807 1895 873 1954 aut
905 1867 1144 1956 musculosas
1166 1897 1380 1982 quaeramus
1403 1871 1518 1958 libras
1542 1905 1638 1988 quas

201 1981 244 2066 in
275 1977 419 2062 mobili
440 1978 667 2064 animalium
690 2008 783 2066 cute
810 1984 1005 2096 reperias,
1045 2011 1127 2091 quat
1156 1986 1263 2070 enim
1284 1980 1424 2097 plica,
1446 2016 1535 2097 quae
1552 1991 1637 2073 vin·

203 2089 298 2177 cula
319 2097 361 2176 in
386 2097 502 2178 variis
527 2099 629 2179 cutis
661 2092 831 2206 partibus
864 2097 1145 2210 reperiuntur,
1183 2125 1230 2181 ea
1257 2101 1391 2180 omnia
1416 2097 1464 2181 ab
1496 2103 1637 2190 stilari
1733 2187 1738 2197 ,

205 2201 442 2290 cellularum
462 2206 592 2292 sormi
639 2208 814 2294 endenr:
843 2211 901 2297 hae
922 2209 1015 2294 ideo
1035 2206 1261 2315 albescunt,
1291 2209 1400 2320 quod
1416 2239 1550 2297 natura
1574 2215 1636 2298 sa·

208 2319 379 2436 pientior
398 2319 508 2405 hisce
524 2325 565 2404 in
588 2239 702 2434 plicis
724 2323 814 2406 vasa
822 2323 1036 2435 sanguinea
1053 2349 1139 2408 non
1151 2325 1281 2410 fiverir
1295 2323 1454 2411 extendi
1465 2389 1481 2434 ,
1511 2327 1636 2414 adeb-

207 2457 286 2546 que
308 2457 436 2546 partes
457 2433 588 2519 nativi
607 2435 780 2549 gaudent
804 2431 997 2522 albedine.

563 2657 1325 2752 ARTICULU3111.=

446 2891 448 2900 '
600 2944 604 2956 =
638 2885 706 2972 De
727 2887 847 2974 variis
880 2887 990 2971 Cutis
1016 2883 1202 3000 partibus.
1312 2899 1319 2912 '

282 3109 394 3196 Cutis
416 3137 545 3226 partes
571 3109 652 3198 alia
679 3111 838 3205 suntad
861 3111 942 3221 ejus
965 3109 1274 3200 constituendam
1295 3109 1484 3198 fabricam
1507 3117 1636 3202 ellen-

205 3217 317 3308 tiales
330 3286 346 3330 ,
374 3255 461 3336 quar
487 3224 639 3311 scilicet
669 3226 883 3339 semper&
912 3225 1058 3338 ubique
1079 3255 1121 3312 re
1149 3230 1346 3326 criuntur3
1369 3224 1451 3311 aliae
1483 3230 1523 3310 in
1551 3230 1634 3342 ipsi

203 3340 485 3458 tantummodi)
511 3339 747 3444 nascuntur,
767 3339 1001 3453 polluatque
1024 3257 1254 3445 aurabelse,
1276 3365 1343 3423 aut
1356 3339 1501 3446 adesse,
1517 3338 1634 3426 illaest

205 3471 288 3554 equs
318 3450 490 3559 fabrici,
513 3460 552 3535 dr
577 3483 660 3537 non
684 3451 838 3561 discissi
862 3453 943 3562 ejus
960 3457 1195 3567 integritare.
1214 3451 1346 3536 Partes
1368 3454 1417 3536 ad
1434 3453 1633 3538 essentiam

207 3569 308 3652 cutis
327 3565 544 3652 neceffariae
568 3565 691 3657 tribus
710 3571 962 3654 continentur
984 3564 1200 3652 involucris
1220 3565 1270 3651 de
1286 3563 1426 3675 quibus
1448 3564 1526 3674 jam
1546 3569 1633 3678 egi-

151 3743 156 3754 .
208 3704 323 3780 mus;
348 3706 460 3764 textu
480 3677 692 3786 cellulari,
719 3679 889 3766 reticulo
910 3680 1186 3794 Malpighiano
1198 3741 1212 3786 ,
1242 3679 1504 3794 epidermide;
1523 3681 1632 3761 acci-
1658 3711 1662 3724 ’

209 3786 413 3899 dentales,
438 3791 549 3904 pilis,
567 3791 785 3904 unguibus,
807 3803 848 3876 ὅ(
869 3791 1059 3882 folliculis
1077 3796 1373 3876 constituuntur.
1505 3847 1517 3862 ·

275 3905 345 3988 Dc
370 3904 458 4018 pilis
483 3907 586 4016 verb
603 3935 728 4020 pauca
749 3905 964 3991 admodum
989 3906 1177 3992 habemus
1197 3905 1397 4011 addenda,
1422 3905 1471 3987 ad
1486 3928 1632 3988 metam

209 4043 253 4213 pr

238 4131 278 4210 la
299 4135 487 4244 pighius,
512 4139 553 4216 dt
586 4127 666 4238 ejus
700 4132 782 4216 fere
812 4135 1028 4248 exscriptor
1056 4133 1276 4216 Chiracius.
1308 4131 1452 4214 Latere
1480 4127 1632 4215 scilicet

208 4239 374 4328 bulbum
390 4246 558 4352 durum,
579 4275 701 4330 muco
717 4245 878 4359 plenum
904 4250 1005 4332 inter
1027 4243 1183 4332 reticuli
1204 4239 1465 4356 Malpighiani
1489 4242 1631 4350 latera,

210 4361 293 4442 imo
320 4357 415 4488 sape
437 4357 548 4444 altius
569 4361 612 4445 in
635 4384 725 4448 cute
744 4361 915 4466 intrusa,
946 4355 1158 4472 aliquando
1183 4358 1301 4440 etiam
1318 4358 1360 4437 in
1379 4383 1489 4440 textu
1508 4353 1633 4440 cellu-

212 4468 280 4557 lari
293 4471 466 4579 subredo
482 4471 703 4588 implantari
720 4471 888 4558 bulbum
905 4476 1007 4556 inter
1026 4469 1123 4584 ipsas
1148 4468 1338 4576 cellulas,
1359 4467 1493 4580 ibique
1517 4467 1635 4554 molli

214 4589 365 4696 origine
393 4592 434 4668 dr
455 4592 611 4700 prorsus
639 4585 805 4670 mucosa
826 4587 920 4670 oriri
941 4581 1042 4698 pilos
1065 4587 1194 4694 quiin
1221 4586 1305 4699 ipso
1328 4585 1435 4674 exitu
1460 4582 1550 4688 suo,
1570 4585 1635 4663 in-

210 4697 398 4787 'durentur
420 4725 538 4810 atque
571 4703 799 4814 figurentur.
824 4698 935 4782 Tum
953 4695 1091 4783 verbi
1119 4696 1244 4781 bulbo
1279 4697 1385 4780 nasci
1410 4700 1533 4778 unico
1559 4694 1635 4778 ali*

212 4813 371 4925 quando
390 4807 515 4930 pilum
532 4815 721 4921 unicum,
740 4811 950 4928 aliquando
970 4811 1100 4926 plures
1110 4876 1124 4917 ,
1135 4813 1302 4934 stipitum
1322 4811 1344 4894 ὲ
1361 4807 1491 4892 bulbis
1507 4835 1631 5004 vepe-

213 4923 395 5026 rabilibus
421 4931 650 5022 exeuntium
671 4931 806 5044 uastat,
824 4929 908 5018 uno
922 4925 1019 5046 sape
1039 4925 1088 5013 ad
1103 4925 1227 5044 ipsum
1242 4926 1355 5126 [φφ
1372 4924 1552 5010 exitumi
1584 4943 1630 5004 os

872 5059 876 5073 .
1165 5117 1169 5124 ι
1322 5067 1347 5147 η

256 4019 449 4212 oposrtam
464 4047 742 4133 properantes,
760 4022 816 4105 eis
834 4051 917 4131 quat
940 4023 1045 4104 circa
1061 4018 1152 4104 illos
1171 4019 1372 4104 advertere
1400 4017 1596 4099 Tardinus
1613 4077 1630 4122 ,
