4226 5916
479 431 566 526 its
921 401 1029 498 DE
1094 398 1459 500 MORBIS

432 651 437 656 ,
479 579 660 692 egimus,
694 601 814 688 quam
842 576 963 659 notlu
995 575 1278 685 inquietantem
1311 575 1438 692 pinxit
1467 569 1616 658 Plinius
1649 573 1727 680 (α).
1762 569 1919 662 Verb‘m

319 764 333 794 ,
479 691 562 802 sym
591 714 703 771 roma
716 686 816 770 illud
832 689 1032 770 nocturnis
1054 687 1273 772 redivivum
1292 688 1401 770 horis
1412 748 1425 791 ,
1451 711 1495 770 ut
1515 683 1661 799 pluries
1679 683 1757 792 jam
1779 691 1918 806 prose-

481 721 593 886 rendi
612 798 693 884 sese
710 796 856 883 obtulit
871 799 1028 881 occasio
1036 859 1050 902 ,
1066 796 1251 884 omnibus
1293 795 1475 882 ruritibus
1489 826 1704 884 commune
1717 803 1781 885 est.
1799 801 1918 886 Unde

481 912 592 998 nulla
611 917 664 997 est
684 917 785 997 ratio
807 942 878 996 cur
899 911 1008 1022 effere
1029 910 1232 1016 Arabum,
1255 827 1336 994 bia
1357 914 1547 994 nodurna
1565 913 1808 1019 Avicennae,
1838 917 1920 1000 stre

481 1028 591 1142 effere
610 1028 725 1110 noxis
737 1088 751 1129 ,
773 1025 876 1138 apud
890 1023 1015 1137 ipsum
1034 1023 1098 1128 (b)
1123 1020 1256 1107 frustra
1277 1053 1368 1106 cum
1393 1023 1613 1136 epinyllide
1636 1025 1917 1114 confundatur.

483 1141 566 1225 Sed
592 1138 721 1222 multo
754 1142 878 1251 magis
912 1134 1104 1248 analogia
1138 1165 1231 1219 cum
1268 1135 1490 1252 epinyeiide
1522 1138 1757 1221 Graecorum
1791 1139 1922 1226 servat

313 1324 315 1332 .
480 1279 616 1338 tumor
645 1250 715 1335 illc
738 1281 856 1364 quem
880 1248 950 1333 sub
982 1253 1146 1332 nomine
1175 1245 1314 1363 plantae
1345 1251 1542 1332 nocturnae
1570 1249 1676 1334 idem
1704 1251 1920 1368 descripssr.

479 1367 528 1452 In
545 1369 627 1450 hoc
643 1392 776 1450 tamen
793 1363 841 1448 ab
860 1362 1080 1478 epinyslide
1095 1363 1329 1446 Graecorum
1351 1360 1482 1480 planta
1497 1365 1687 1447 nocturna
1703 1367 1920 1450 Avicennae

483 1488 527 1565 bt
546 1477 568 1566 ‘a
590 1482 737 1563 caeteris
760 1475 981 1564 tumoribus
1003 1475 1157 1580 differt,
1178 1475 1286 1586 quod
1301 1477 1525 1560 Avicennas
1541 1479 1580 1558 in
1595 1475 1750 1562 fervido
1764 1477 1920 1562 Arabiae

411 1609 420 1629 ·
483 1590 594 1676 coelo
619 1601 662 1676 ἃ
685 1593 787 1705 apud
807 1593 1000 1674 Asiaticos
1022 1590 1171 1675 diretto
1220 1589 1366 1672 erustos
1389 1587 1719 1673 soleobservator
1771 1590 1920 1676 lautam

483 1710 716 1791 nocturnam
729 1706 832 1814 quast
850 1703 1059 1791 solitariam
1073 1617 1262 1814 pustusaim
1276 1700 1543 1816 descripserit,
1561 1622 1802 1817 epinyctides
1813 1705 1920 1790 Grat-

485 1847 628 1904 corum
650 1815 746 1932 saepe
769 1816 900 1932 plures
926 1814 1038 1900 simul
1062 1840 1189 1932 partes
1215 1813 1434 1898 invaserint.

542 1932 652 2015 Hinc
682 1958 780 2042 ergo
811 1927 911 2010 illud
939 1928 1055 2012 nobis
1083 1929 1308 2038 impositum
1338 1929 1491 2040 negotii
1520 1927 1756 2015 credidimus
1785 1955 1832 2014 ut
1861 1959 1923 2017 rea

485 2045 536 2130 ad
558 2071 701 2128 naturae
727 2071 933 2147 normam,
960 2042 1133 2173 sepositis
1156 2037 1290 2146 libris,
1318 2041 1630 2166 expenderemus
1645 2073 1658 2141 3
1675 2039 1772 2129 licet
1818 2043 1920 2129 lutea

486 2074 1917 2376 iniirprfoesinoerg‘luoepnimpfffnslffi'gieffittinssd'iissmssfsci'

486 2297 1002 2494 {illssfllllld‘lssl
1017 2295 1193 2489 aina}
1209 2296 1365 2462 iuria
1386 2297 1456 2483 (b)
1480 2295 1672 2495 discisa
1688 2299 1920 2468 dilus

323 2601 325 2608 y
484 2496 557 2584 sub
573 2498 735 2581 nomine
751 2495 896 2608 Scyre,
919 2492 1091 2609 Affizplta
1100 2553 1115 2600 ,
1137 2492 1304 2576 diversas
1320 2488 1493 2598 ejusdem
1509 2490 1602 2577 mali
1614 2494 1764 2608 species
1778 2499 1921 2581 consii-

486 2639 600 2697 tuere
612 2670 626 2716 ‚
647 2634 765 2722 atque
785 2607 834 2692 ad
853 2609 1088 2692 Graecorum
1110 2605 1349 2738 epinytlides
1367 2605 1527 2689 referri:
1549 2635 1623 2696 nor
1647 2605 1794 2692 diversa
1818 2607 1922 2695 mala
2088 2631 2089 2674 r

486 2722 580 2808 verb
610 2731 652 2807 bt
686 2750 735 2807 ex
767 2720 1041 2806 observatione
1065 2717 1262 2804 credimus
1285 2717 1362 2803 else
1385 2719 1648 2832 epinytlidem
1673 2719 1723 2804 de
1745 2719 1824 2833 qud
1846 2720 1920 2826 jam

487 2840 619 2922 astum
641 2838 719 2941 eil,
744 2835 853 2954 effere
867 2834 977 2944 quod
994 2829 1224 2947 papuiosum
1249 2834 1302 2916 est
1317 2829 1487 2938 malum,
1509 2840 1552 2916 dt
1567 2831 1738 2948 plantam
1762 2839 1920 2919 nodut-

488 2979 609 3056 num,
635 2977 721 3060 quar
740 2949 942 3144 phpmads
966 2946 1114 3060 species
1136 2947 1189 3028 est
1210 2944 1536 3068 symptomatibus
1559 2972 1672 3029 atrox
1685 3010 1699 3053 ,
1725 2945 1920 3054 lividum,

489 3065 610 3147 noun
624 3089 737 3152 rectu
766 3086 901 3146 ecens
911 3121 926 3165 ‚
944 3057 1155 3169 aliquandb
1170 3056 1399 3173 multiplex,
1420 3058 1553 3174 raptos
1570 3057 1817 3168 solitarium,
1838 3063 1921 3146 raro

489 3173 595 3290 apud
609 3203 683 3257 nos
698 3171 879 3279 faviens,
898 3169 1110 3283 aliquando
1125 3198 1257 3256 tamen
1273 3168 1536 3258 observatum.

548 3285 654 3370 Cium
680 3287 777 3371 verb
807 3289 930 3370 rarior
966 3287 1012 3368 stt
1042 3289 1133 3369 hac«
1165 3283 1313 3404 pullula
1337 3285 1452 3372 ferox
1482 3283 1601 3372 &ab
1631 3287 1717 3401 ipso
1747 3288 1922 3374 Arabum

489 3403 669 3518 principe
680 3430 764 3484 non
779 3398 972 3514 descripta
985 3397 1094 3506 satis,
1115 3396 1265 3481 malum
1284 3396 1306 3481 i
1326 3427 1392 3484 me
1412 3397 1662 3483 observatum
1679 3398 1822 3486 licebit
1837 3401 1923 3486 ante

491 3514 636 3600 oculos
666 3539 920 3619 memorare,
957 3511 1067 3624 quod
1095 3520 1137 3596 ὅ(
1172 3509 1327 3595 sedulus
1357 3515 1398 3595 in
1422 3539 1536 3598 notas
1559 3512 1724 3619 reduxi,
1756 3523 1799 3599 ὅ(
1821 3540 1926 3598 ante-

491 3657 611 3742 quam
633 3629 881 3713 Avicennam
902 3625 1068 3750 legerim
1094 3623 1235 3709 nullibi
1259 3621 1352 3711 alibi
1376 3651 1556 3710 notatum
1581 3629 1726 3711 inveni.

489 3737 491 3742 ’
547 3743 619 3827 Vir
631 3740 764 3855 septua
793 3742 945 3824 enarius
953 3737 1151 3846 ‚sobrius,
1163 3737 1213 3822 de
1229 3738 1488 3824 mensurando
1498 3741 1631 3826 tritico
1642 3737 1794 3826 Parisiis
1807 3739 1924 3847 judex

493 3863 536 3940 δι
555 3885 679 3971 parvae
692 3771 831 3972 opeslae
850 3854 1028 3968 gnaviter
1047 3849 1309 3956 incumbens,
1329 3849 1519 3966 religiosa
1536 3851 1683 3964 aliquid
1702 3853 1928 3938 melancho-

489 3966 553 4054 lia
586 3971 746 4084 pedore
780 3964 1033 4052 reconditum
1066 3968 1244 4078 gestans,
1278 3969 1427 4078 pruritu
1461 3963 1542 4050 levi
1576 3965 1626 4051 ad
1656 3993 1793 4052 cutem
1826 3967 1929 4052 dorsi

494 4085 736 4195 corripitur,
762 4083 882 4164 noelu
912 4078 1105 4163 redivivo
1139 4077 1243 4162 Mox
1269 4075 1392 4164 rubor
1414 4076 1513 4164 levis
1539 4106 1646 4166 extra
1673 4085 1929 4216 prominens,
2086 4089 2087 4094 '

493 4192 646 4306 semper
660 4191 1073 4308 semperque'adauclo
1093 4193 1289 4277 nocturno
1304 4195 1476 4386 pruritu,
1497 4198 1661 4278 vertitur
1676 4223 1717 4278 tn
1737 4191 1931 4308 pustulam

494 4300 763 4413 albicantem,
795 4303 922 4388 limbo
963 4308 1154 4394 nitentem
1188 4299 1302 4387 subru
1333 4301 1428 4388 ello.
1466 4305 1547 4390 Sed
1577 4305 1732 4418 quoties
1764 4307 1931 4393 redivivi

497 4443 607 4512 etant
633 4416 822 4548 doloret,
848 4417 1074 4510 livescebat.
1111 4415 1450 4508 Recrudescentia
1477 4421 1560 4506 hac
1584 4417 1743 4538 singulis
1766 4417 1933 4536 quidem

537 4646 598 4718 (a)
617 4639 689 4706 Plio.
704 4643 753 4707 lib.
772 4664 829 4715 η,
847 4664 908 4728 tap.
927 4663 974 4719 ις.
995 4643 1074 4709 Paul.
1093 4647 1140 4710 lib.
1158 4665 1277 4732 map.
1293 4665 1325 4720 9.

537 4721 597 4800 (b)
620 4722 682 4786 Lib.
704 4749 740 4800 4,
761 4723 818 4802 fen,
840 4749 876 4798 a,
899 4743 934 4788 tt.
959 4747 969 4786 t
994 4733 1022 4786 δι
1042 4749 1070 4787 2.

537 4809 593 4884 (c)
614 4805 639 4868 E
658 4807 699 4868 ist.
723 4830 759 4878 ι,
779 4807 826 4870 lib.
846 4827 875 4877 7.

538 4887 596 4972 (d)
650 4889 696 4974 alp
712 4885 818 4954 nabas.
835 4887 883 4952 lib·
902 4908 952 4963 ro,
969 4905 1031 4974 cap·
1048 4904 1063 4965 5
1081 4893 1109 4950 et
1123 4891 1154 4960 8,
