4226 5916
653 413 1143 500 cuvnunrn
1535 399 1632 530 4„

190 599 276 657 non
290 571 439 766 potuit.
468 569 524 656 At
547 572 575 655 li
598 573 831 660 omnimode
856 580 897 660 dt
926 577 1029 684 quast
1058 572 1188 658 subito
1214 571 1470 690 disparuerint
1492 587 1632 670 omnia

189 687 286 772 srmu
329 682 553 790 ulcuscula,
572 712 667 772 tunc
686 687 768 772 ferd
787 687 837 772 de
850 687 1000 774 infante
1020 685 1315 774 conclamatum
1335 693 1399 776 est.
1425 692 1505 790 Vel
1523 698 1632 780 enim

189 796 302 886 brevi
322 797 446 912 spatio
467 825 559 881 eum
574 801 663 886 anti:
686 831 754 884 ora
770 827 972 916 parentum
994 801 1016 884 ὲ
1034 802 1167 885 medio
1187 799 1333 905 tollent
1352 804 1632 896 convulsroneo

189 913 460 1018 atrocillimae,
482 939 549 998 aut
570 917 714 999 refluus
745 919 785 998 in
812 917 962 1002 viscera
986 919 1131 999 humor
1157 945 1304 1029 organa
1333 918 1544 1006 secretoria
1572 927 1631 1023 in-

190 1025 371 1112 durando
407 1021 514 1110 lenti
548 1031 738 1114 conficiet
770 1027 871 1114 talne.
911 1025 1004 1112 Alia
1035 1026 1135 1114 intrd
1161 1057 1328 1138 quatuor
1359 1037 1630 1145 tempestatum

189 1139 357 1255 spatium
388 1143 642 1226 continentur
655 1205 670 1248 ,
701 1142 768 1226 sed
794 1146 877 1228 haec
903 1141 926 1224 ὲ
950 1169 1098 1254 genere
1119 1139 1317 1228 leviorum
1345 1143 1457 1250 sunt,
1483 1151 1630 1257 vixque

188 1251 337 1338 limbos
354 1251 534 1341 ulcerum
553 1282 731 1348 extantes
749 1256 920 1342 habent:
948 1254 1024 1340 alia
1045 1255 1227 1363 demum,
1250 1255 1314 1342 vel
1335 1257 1385 1355 ad
1407 1258 1628 1373 usquesep·

173 1371 331 1474 ¹timum
355 1367 376 1451 d
397 1369 574 1456 secundo
592 1368 830 1462 innativitate
846 1401 951 1470 antro
973 1373 1141 1461 orientia
1160 1371 1450 1477 extenduntur,
1466 1375 1629 1483 hecquo

190 1481 363 1568 maxime
386 1489 615 1570 communia
635 1485 735 1569 sunt.
1128 1552 1130 1560 ,

113 1609 115 1620 ’
245 1595 383 1710 Vulgo
413 1625 508 1686 vere
541 1607 583 1684 dt
615 1626 806 1683 autumno
842 1597 1001 1683 saviunr
1040 1601 1190 1710 magis,
1223 1599 1366 1707 hyeme
1403 1595 1604 1686 abundant
1613 1653 1633 1708 „

188 1737 260 1823 per
276 1713 465 1817 aestatem,
479 1741 560 1821 quo
582 1739 763 1826 tempore
778 1715 888 1824 viget
903 1711 1155 1824 palpitatio,
1171 1737 1237 1794 aut
1258 1710 1339 1804 fere
1358 1713 1543 1818 evanida,
1563 1741 1630 1802 aut

189 1827 414 1908 humanata
441 1831 593 1908 tantiam
618 1857 632 1922 ;
657 1828 741 1908 imo
771 1822 886 1908 multi
913 1824 1000 1908 sunt
1025 1822 1048 1906 ὲ
1076 1825 1204 1937 pueris
1231 1821 1437 1933 inquibus
1462 1830 1629 1912 omnino

191 1936 386 2051 disparent
415 1938 465 2021 ad
496 1942 645 2053 primos
669 1941 779 2021 verni
810 1935 955 2030 caloris
984 1940 1154 2049 impetus
1185 1940 1350 2020 achotes
1378 1962 1495 2048 atque
1525 1940 1630 2047 favi,

182 2051 330 2134 sensim
354 2050 403 2136 ad
430 2079 661 2138 autunurum
686 2051 864 2147 redivivi.
903 2049 1017 2138 Patet
1042 2051 1130 2139 setis
1156 2077 1208 2146 ex
1235 2052 1294 2134 his
1320 2053 1485 2142 achotes
1512 2079 1629 2144 veroa

191 2166 269 2257 elle
285 2191 461 2252 tumores
478 2166 665 2254 mucosor
675 2229 690 2273 ,
713 2162 871 2253 *amuco
890 2164 1096 2252 acescente
1114 2172 1155 2247 lit
1176 2163 1383 2264 rancidulo
1399 2166 1628 2278 pendentes.

193 2277 357 2390 Quanti
370 2283 477 2364 enim
492 2279 681 2366 facilitate
697 2279 855 2364 acidum
872 2277 1062 2388 quodvis,
1076 2274 1142 2361 vol
1159 2280 1279 2363 etiam
1291 2279 1493 2362 acetosum
1504 2279 1629 2366 ntulrit

190 2391 291 2503 aquai
320 2392 489 2476 dilutum
518 2421 539 2474 a
569 2420 608 2478 at
630 2391 817 2504 cogendo
841 2417 961 2500 arque
983 2389 1265 2476 condensando
1301 2387 1450 2484 molem
1482 2423 1629 2480 muco·
1683 2447 1706 2486 e

188 2506 295 2610 sam,
317 2501 435 2586 facile
454 2424 649 2616 irrtelir‘get
662 2506 905 2614 quicumque
922 2506 964 2586 in
985 2503 1025 2590 se
1045 2500 1225 2590 laborem
1243 2503 1490 2616 insumpserit
1509 2532 1629 2620 expe·

189 2621 359 2704 rimenta
375 2614 549 2700 tentandi
568 2617 609 2701 in
625 2615 787 2700 mucum
802 2641 1004 2700 recentem
1018 2645 1113 2700 cum
1133 2612 1297 2705 acidulio
1313 2613 1627 2728 quibuscumque

189 2726 437 2839 liquoribusa
458 2732 499 2812 in
514 2728 655 2839 quibus
672 2729 713 2815 id
724 2727 880 2824 notabit
889 2757 982 2812 cum
995 2728 1277 2836 admiratione,
1298 2728 1446 2822 diversa
1461 2735 1630 2817 omnino

191 2843 278 2942 ¹elle
300 2845 569 2957 phoenomena
600 2843 806 2930 acidorum
845 2844 959 2956 vapiae
996 2869 1170 2948 natura,
1212 2844 1360 2928 etiamsi
1394 2843 1443 2934 ad
1477 2871 1628 2957 gratam

190 2956 445 3062 aciditatem,
472 2955 596 3044 multi
613 2955 743 3046 additi
760 2951 886 3068 aqui,
905 2951 1072 3062 cujusvis
1092 2960 1246 3070 generis
1265 2955 1424 3041 acidum
1444 2956 1628 3048 debilita-
1649 2989 1653 3002 ·

190 3099 279 3157 tum
311 3071 456 3176 fuerit,
492 3072 652 3182 dequo
685 3071 894 3156 numerosa
921 3069 1104 3183 exempla
1131 3068 1328 3184 pollemus
1358 3067 1541 3184 allegare.
1579 3073 1627 3158 In

192 3189 253 3270 his
269 3188 374 3272 enirn
393 3184 905 3276 tentaminibuaconversun
924 3213 1063 3268 mucus
1084 3213 1156 3295 pro
1180 3183 1283 3268 acidi
1302 3187 1488 3273 varietate
1505 3213 1627 3274 mnte-

185 3301 291 3384 -riem
317 3327 400 3382 non
427 3298 648 3386 diisrmilem
673 3294 886 3386 othonibus
911 3296 1093 3386 exhibuit
1106 3360 1119 3405 ,
1141 3296 1207 3380 sed
1229 3297 1420 3383 diversam
1437 3301 1538 3382 inter
1559 3300 1625 3405 se,

194 3443 287 3498 cum
318 3412 452 3526 spiriru
484 3416 574 3502 nitri
602 3416 774 3520 flavam,
800 3439 893 3494 cum
923 3411 1056 3526 spiritu
1085 3408 1240 3496 vitrioli
1272 3408 1400 3497 albam
1414 3475 1427 3517 ,
1458 3411 1627 3518 duram,

192 3525 461 3644 pellucidam,
489 3557 583 3614 cum
607 3527 740 3642 spiritu
761 3523 848 3614 salis
875 3522 1004 3610 albam
1027 3523 1318 3612 sordescentom
1332 3587 1348 3631 ,
1374 3552 1449 3612 nee
1474 3524 1628 3616 durant.

192 3645 365 3734 Acetum
383 3641 539 3728 floccos
552 3644 769 3753 ingenerat.
791 3637 915 3726 sedo
936 3636 1038 3728 acidi
1057 3634 1117 3726 illi
1131 3635 1283 3750 spiritus
1298 3641 1382 3752 puri
1400 3637 1547 3724 fuerint
1566 3665 1624 3723 re·

192 3758 330 3859 mixti,
347 3755 511 3840 vertitur
526 3785 599 3868 pus
616 3757 657 3838 in
674 3753 828 3842 molem
847 3747 1088 3864 granulatam
1109 3779 1192 3842 nou
1214 3749 1332 3838 dubia
1347 3747 1622 3864 praecidentis

193 3864 452 3960 demonstrarit
484 3889 753 3954 ramentorum
787 3861 1019 3954 solidorum.
1059 3863 1117 3948 Ea
1149 3863 1312 3974 quidem
1346 3865 1499 3948 theoria
1531 3867 1626 3950 cunt

192 3979 276 4071 sere
302 3980 351 4067 ad
376 4008 516 4066 ornnes
536 3977 647 4090 nque
726 3974 1077 4068 erorummorbos
1108 3981 1331 4091 pertineat,
1361 3971 1453 4066 inde
1480 3974 1626 4067 fanum

193 4098 247 4187 cst
264 4123 310 4186 ut
334 4093 384 4184 ad
401 4092 496 4183 illos
520 4098 657 4182 univer
673 4124 727 4183 rrn
756 4089 971 4198 sanandos,
1003 4098 1044 4176 dt
1073 4090 1249 4205 'singulos
1275 4085 1510 4176 methodice·
1537 4087 1623 4172 des·-

193 4209 382 4300 rruendos
393 4211 480 4314 ,vir
494 4208 600 4324 apud
612 4207 768 4324 Anglot
779 4204 1013 4297 succelsrbus
1030 4212 1071 4290 8(
1087 4231 1169 4286 arte
1184 4201 1329 4286 nobilis
1349 4201 1402 4284 G.
1419 4199 1556 4284 Hatris
1572 4207 1622 4306 (a)

192 4323 414 4414 andacida
426 4385 440 4429 ,
470 4321 638 4410 murm
651 4356 664 4428 ‚·
694 4322 760 4409 sed
781 4321 974 4436 precipue
997 4315 1244 4403 absorbentia
1268 4312 1623 4402 commendaverit.

193 4437 248 4534 Et
277 4436 407 4540 certe,
432 4435 530 4527 lieet
554 4434 684 4522 forsan
703 4435 833 4543 aliqua
852 4438 919 4518 hic
935 4426 1368 4519 nstriuioaduibenda
1394 4429 1440 4516 stt
1451 4489 1465 4533 ,
1478 4431 1546 4511 ita
1575 4425 1625 4519 ad
1678 4457 1693 4494 ⁸

193 4551 352 4641 acidum
379 4550 542 4639 inclinat
565 4547 727 4636 mucosa
750 4545 956 4636 infantium
984 4541 1206 4648 colluvies,
1231 4571 1276 4628 ut
1305 4543 1355 4632 de
1381 4539 1426 4626 ei
1455 4539 1623 4654 suspicio

191 4669 317 4752 statim
350 4662 559 4770 injicienda
583 4666 649 4769 srt,
673 4667 752 4745 'nec
774 4663 815 4744 in
839 4656 1051 4750 achoribus
1076 4657 1252 4746 utendus
1274 4655 1351 4744 aliu
1372 4654 1470 4770 sep&
1493 4652 1623 4742 oeulis

194 4789 239 4868 dt
260 4781 383 4866 menti
405 4777 486 4862 sese
507 4775 668 4883 obiiciat
690 4776 901 4863 indicatio.

233 4920 290 4995 (a)
313 4913 352 4979 G.
374 4913 472 4978 Hatris
492 4915 527 4977 de
547 4913 653 4975 Morbis
672 4905 826 4976 insacrum.
