4292 5904
658 430 983 534 ἘἹῙΤΑΝ
1001 433 1044 524 E
1070 435 1097 524 I
1121 433 1168 526 Sa
1556 439 1648 564 352

203 593 376 711 iuniores
386 599 551 690 Lucina
563 597 720 692 labores
735 631 903 721 experta
915 606 1017 712 sunt,
1031 599 1225 688 sensrmad
1241 591 1438 718 pristinum
1454 603 1646 696 decorem

206 720 307 804 cutis
332 717 459 822 redit,
485 718 555 802 nisi
577 714 709 828 aliqua
733 717 993 834 complicatio
1015 719 1244 822 affectum,
1270 741 1314 800 ut
1336 718 1524 836 hydropis
1551 753 1646 807 cunt

146 839 156 886 ῑ
205 831 439 943 graviditate
448 893 461 939 ,
481 857 547 915 aut
563 831 653 916 situs
669 831 828 916 infantis
841 832 1065 946 perversus,
1082 834 1244 914 nimiam
1261 833 1528 918 extensionem
1543 840 1647 920 cutis

205 942 411 1049 efficiens,
435 943 626 1029 obstiterit
641 970 783 1028 natura
800 947 991 1062 operanti.
1013 942 1135 1028 Certe
1146 945 1205 1050 ,fi
1228 943 1405 1028 dehisce
1426 950 1531 1060 rugis
1550 949 1646 1036 verb

205 1059 428 1144 meretricia
450 1087 544 1142 cura
564 1055 743 1142 habenda
765 1059 836 1167 sit,
862 1059 972 1168 quod
993 1085 1038 1144 ut
1085 1057 1241 1143 udicam
1263 1079 1506 1163 matronam,
1528 1062 1582 1146 sic
1603 1071 1647 1146 ὅτ

204 1171 412 1254 honestum
437 1170 648 1256 Medicum
676 1169 871 1279 dedecet,
904 1175 959 1256 ita
988 1171 1036 1256 ab
1067 1200 1187 1256 omen
1219 1171 1462 1256 trasiandum
1489 1175 1542 1257 est
1554 1235 1568 1280 ,
1601 1199 1647 1260 ut

204 1282 479 1399 adstringentia
505 1282 686 1391 leniora,
712 1284 941 1398 spirituosa,
968 1284 1109 1372 leviter
1133 1287 1269 1370 tonica
1291 1285 1360 1398 ipsi
1386 1315 1405 1366 a
1434 1311 1648 1399 ponantur.

206 1395 337 1506 Quod
364 1399 579 1514 nuperrimi
604 1400 787 1484 homines
817 1399 999 1484 efficiunt
1024 1400 1207 1514 appositis
1236 1396 1367 1482 linteis
1399 1315 1532 1512 lpiritu
1563 1403 1648 1486 vini

204 1513 415 1596 mitificato
436 1509 611 1596 imbutis.
637 1511 786 1622 Quod,
809 1511 1014 1623 quousque
1031 1511 1148 1628 possit
1165 1511 1342 1596 successu
1361 1511 1472 1596 felici
1488 1518 1645 1631 excipi,

204 1620 383 1729 judicent
405 1629 473 1737 qui
498 1651 646 1710 norunt
665 1621 783 1734 quiin
804 1629 920 1711 certis
943 1634 986 1710 dt
1010 1625 1127 1710 lentis
1152 1623 1336 1740 gradibus
1366 1655 1500 1710 natura
1527 1655 1646 1742 agat,

204 1743 248 1936 ξ(
274 1765 421 1822 metam
444 1741 636 1852 attingat,
663 1745 706 1833 bc
734 1737 852 1850 quinti
877 1735 1146 1854 periculosum
1169 1740 1215 1823 sit
1243 1740 1313 1855 ipsi
1336 1767 1529 1856 pracepta
1554 1742 1648 1827 scri-

233 1877 312 1934 ere.
1505 1873 1507 1878 ’

262 1965 413 2049 Verium
435 1968 529 2048 clim
551 1964 729 2050 dilatatio
749 1967 815 2048 ista
834 1970 877 2050 dt
895 1993 999 2079 rugat
1016 1966 1088 2048 istac
1107 1965 1253 2079 possint
1270 1968 1390 2048 etiam
1407 1965 1554 2050 miseris
1573 1971 1648 2051 im-

204 2075 399 2188 pendere,
413 2082 498 2192 post
509 2105 693 2163 vacuatas
707 2105 825 2190 aquas
833 2138 849 2183 ,
865 2077 1118 2191 hydropicis,
1136 2078 1335 2186 nimiaque
1353 2080 1453 2161 cutis
1470 2083 1656 2166 extenfio-

203 2189 323 2300 poffit
342 2193 522 2275 inertiam
543 2189 757 2276 visceribus
778 2187 994 2295 inducere,
1013 2192 1055 2272 in
1075 2191 1135 2272 his
1156 2187 1305 2272 casibus
1329 2193 1429 2280 cutis
1454 2194 1507 2275 ita
1527 2195 1647 2277 cons·
1732 2271 1745 2296 ,

203 2301 412 2414 tringenda
435 2305 509 2409 est,
532 2329 578 2386 ut
596 2306 796 2414 pristinum
820 2300 960 2382 locum
980 2323 1177 2411 occupet,
1200 2306 1241 2382 dt
1258 2297 1411 2382 cellula
1424 2305 1465 2383 in
1489 2303 1528 2386 se
1546 2335 1647 2387 con·

204 2413 340 2498 cidant
352 2473 367 2519 ,
398 2440 480 2521 quo
495 2417 537 2495 in
565 2412 656 2495 casu
682 2409 787 2527 lem'a
815 2410 1086 2524 adstringentis
1110 2409 1343 2494 roborandis
1369 2414 1500 2526 potitis
1526 2414 1646 2526 quim

205 2524 436 2639 stringendis
468 2523 640 2641 partibus
664 2521 870 2630 efficacia,
908 2523 1037 2633 qualia
1061 2522 1150 2607 sunt
1182 2521 1279 2606 folia
1312 2521 1462 2633 salvia,
1490 2529 1645 2640 thymi,

203 2640 304 2722 roris
332 2640 471 2722 marini
486 2701 500 2746 ,
530 2635 753 2751 absynthii,
780 2634 831 2719 bu
889 2633 960 2743 lae,
988 2634 1168 2721 sanicula
1200 2638 1295 2722 vino
1320 2639 1478 2721 incosia
1493 2703 1506 2745 ,
1530 2642 1645 2726 usum

204 2749 314 2838 certe
346 2749 589 2837 utilissimum
623 2753 807 2867 praestant.
834 2665 951 2833 llam
977 2752 1006 2832 si
1030 2779 1114 2862 qua:
1139 2747 1349 2836 aluminata
1370 2752 1531 2864 styptica
1558 2754 1648 2842 sunt

200 2866 247 2950 in
265 2866 373 2948 hunc
394 2863 507 2949 usum
526 2864 836 2969 advocarentur,
863 2861 1085 2978 periculum
1108 2861 1237 2970 foret,
1262 2890 1312 2946 ne
1331 2865 1435 2974 quasi
1454 2867 1495 2947 in
1519 2871 1647 2950 coria·

204 3005 323 3062 ceam
349 2977 533 3064 duritiem
554 2981 654 3063 cutis
680 2977 872 3082 adducta,
892 2975 1164 3092 perspirationi
1188 2975 1331 3061 cedere
1354 2978 1570 3084 recusaret,
1601 2987 1645 3065 dt

199 3090 306 3175 adeb
333 3088 474 3178 locuni
500 3092 635 3198 daret,
652 3093 792 3195 novis,
821 3116 888 3174 aut
907 3088 929 3174 ὲ
947 3087 1141 3174 scirrhosi
1167 3089 1336 3197 duritie,
1357 3114 1424 3173 aut
1450 3087 1471 3173 i
1491 3094 1645 3176 refluxu

200 3203 494 3319 perspirationis
527 3205 703 3290 oriundis
734 3202 965 3311 affectibus,
1000 3206 1093 3288 clim
1124 3200 1282 3287 aliunde
1313 3229 1447 3288 natura
1471 3203 1547 3288 suis
1574 3203 1646 3292 sibi

200 3315 353 3402 viribus
378 3317 505 3432 vulgb
528 3317 618 3403 satis
642 3316 806 3435 polleat.
1696 3318 1702 3332 '

260 3430 316 3513 Ut
343 3433 463 3516 etiaim
492 3461 566 3548 pro
596 3435 652 3516 ria
681 3426 959 3548 &peculiaris
991 3428 1158 3513 secretio
1193 3430 1370 3512 humoris
1401 3427 1646 3540 saponaceo-

200 3539 332 3626 oleosi
351 3545 397 3628 fit
422 3544 471 3628 ad
498 3462 659 3653 axillas,
686 3573 857 3660 penem,
882 3541 1085 3643 scrotum,
1111 3541 1271 3650 inguina
1297 3547 1339 3622 ὁ(
1362 3537 1487 3624 vulva
1509 3540 1644 3651 labia,

199 3659 259 3740 ita
281 3656 399 3738 etiarn
424 3661 581 3768 propria
608 3653 885 3768 &peculiaria
910 3653 992 3733 cuti
1012 3652 1107 3734 vitia
1131 3654 1190 3734 his
1222 3652 1263 3735 in
1322 3649 1468 3736 artibus
1498 3661 1645 3742 exoriri

202 3766 365 3884 poliunt
384 3801 393 3850 :
422 3764 621 3852 fiscilicet
649 3793 716 3850 aut
737 3763 968 3868 foetiditate,
987 3789 1054 3846 aut
1076 3762 1311 3848 abundantia
1335 3793 1478 3879 peccet
1498 3769 1647 3854 humor

203 3885 296 3988 iste,
310 3905 378 3965 aut
391 3877 552 3965 demum
567 3877 777 3994 singulares
794 3874 985 3960 acredinis
998 3903 1112 3961 notas
1131 3907 1205 3990 prae
1223 3876 1262 3961 se
1278 3879 1388 3960 ferat.
1401 3879 1644 3968 Acredineni
1747 3877 1752 3888 ⁶

203 3993 343 4101 illam,
362 4023 446 4105 quae
461 4020 528 4080 aut
540 3998 757 4109 pruritum,
781 4016 848 4076 aut
868 3991 986 4075 etiam
1000 3988 1203 4108 erysipelas
1219 3991 1359 4074 inferat
1377 3989 1426 4073 ad
1442 3994 1646 4104 generales

205 4107 436 4197 acredinum
464 4107 629 4213 causas,
662 4111 704 4190 dt
733 4129 959 4190 annotatam
980 4101 1074 4188 alibi
1105 4131 1245 4189 eorum
1276 4105 1469 4216 originem
1499 4108 1646 4196 referre

205 4247 436 4338 promptum
467 4223 533 4307 est.
572 4218 641 4304 Sic
670 4221 698 4302 fi
724 4221 870 4302 humor
899 4214 1125 4327 herpetibus
1151 4215 1421 4412 producendis
1448 4242 1570 4331 aptus·
1585 4221 1643 4308 ibi

210 4334 456 4450 deponatur,
499 4333 584 4421 uod
597 4333 648 4416 eb
664 4334 787 4464 magis
800 4330 920 4415 facile
936 4333 989 4415 est
1006 4329 1116 4439 qubd
1135 4333 1148 4412 i
1177 4334 1191 4412 i
1208 4326 1459 4414 excemicula
1473 4337 1645 4420 maxima

207 4473 394 4564 pateant,
423 4366 574 4533 nullam
595 4445 654 4530 illi
673 4443 743 4528 sibi
769 4441 1011 4559 peculiarem
1028 4445 1287 4526 attentionem
1318 4440 1541 4551 vindicant,
1572 4450 1644 4533 nili

209 4560 320 4670 qubd
341 4559 473 4643 forsan
498 4560 554 4645 ibi
583 4557 837 4672 maligniores
860 4581 1096 4671 appareant,
1122 4553 1176 4637 ob
1196 4558 1368 4639 nativam
1388 4557 1564 4644 humoris
1585 4559 1643 4645 ibi

206 4671 349 4758 secreti
374 4679 416 4758 dt
443 4676 548 4783 quasi
575 4671 598 4758 a
624 4673 903 4757 constitutione
927 4666 1165 4782 pendentem
1188 4667 1427 4752 acredinem.

251 4783 359 4869 Illud
372 4813 470 4900 ergo
485 4784 601 4870 nobis
611 4781 893 4870 tantummodi>
906 4780 1087 4896 superest,
1097 4806 1141 4864 ut
1152 4779 1355 4866 videamus
1368 4809 1416 4864 an
1428 4785 1558 4896 possit,
1574 4806 1645 4868 aut

211 4901 412 5014 extingui,
432 4924 499 4984 aut
514 4900 681 4985 cicurari
694 4893 995 5012 pratermoditni
1005 4891 1338 5009 aliquandoautta
1350 4893 1651 4983 hisceinsecer-
