4188 5916
478 409 569 514 ,eu
731 505 736 510 ,
918 395 1058 484 un.
1090 393 1460 484 morture

481 563 695 655 &oleum
706 593 720 670 ,⁸
734 559 921 674 quaerre
929 556 1924 678 premnthmcae,'eimorium‚ururacum,bor

479 676 873 795 ragomugloffim,
898 678 1069 760 tirchusa
1081 725 1095 785 ,=
1122 681 1202 766 bre.
1228 676 1458 798 aliaeplures
1474 673 1643 782 suniles,
1663 672 1807 786 quibus
1824 674 1924 790 sape

481 791 997 897 ademuu,s1.arteaumdt
1004 789 1203 900 viamajor
1219 795 1450 904 requiritur,
1468 789 1578 886 auisr
1589 787 1825 874 scorbuticae
1845 787 1921 878 luir

481 906 613 1017 aliqua
629 907 779 1019 ingruit
792 904 982 1018 suspicio,
995 903 1623 1021 plantarumantiscorbuticarum
1640 904 1772 1008 succi,
1786 901 1921 1012 qualee

467 1013 656 1137 ,prebent
669 1013 895 1104 nasturtium
902 1021 924 1124 ,Γ
935 1018 1194 1125 curdanride,
1204 1017 1439 1133 becuburrga
1446 1079 1460 1126 ,
1487 1013 1825 1132 oxytriphyllum,
1843 1045 1922 1099 co·

483 1133 675 1240 eblearia,
693 1141 816 1247 ra'pa,
834 1135 1032 1246 rapistrum
1042 1195 1055 1239 ,
1075 1131 1244 1239 alliaria,
1260 1131 1415 1244 aliaque
1429 1131 1562 1217 similis
1575 1157 1679 1216 nota
1693 1133 1921 1244 vegetanda

481 1251 597 1332 nimir
612 1243 908 1360 cognitaquim
922 1248 1275 1332 utiisinsdlarnus..

510 1399 513 1405 ¹
537 1355 613 1444 His
630 1361 735 1444 intiu
747 1357 952 1466 adhibitis,
971 1362 1012 1444 bt
1025 1387 1096 1475 per
1115 1357 1208 1468 justa
1219 1364 1414 1476 temporis
1434 1357 1638 1446 intervalla
1654 1361 1707 1442 ita
1724 1356 1918 1474 reperitis,

481 1497 526 1558 ut
545 1475 659 1584 quast
680 1471 951 1588 uegetabilem
980 1475 1188 1558 tinduram
1215 1477 1343 1590 princi
1371 1477 1418 1559 iis
1443 1475 1523 1559 suit
1550 1472 1714 1558 misceat
1739 1473 1918 1586 sanguis,

479 1591 740 1710 vincaturque
761 1611 831 1702 per
852 1588 1064 1702 repetitum
1088 1585 1267 1674 habitum
1290 1501 1486 1674 intibmita
1506 1585 1575 1671 illa
1599 1588 1817 1670 acrimonia
1836 1613 1921 1696 qua

480 1698 631 1815 lepram
650 1703 951 1788 aur‘tumitatur
961 1762 976 1807 ,
996 1714 1065 1788 a'ut
1081 1702 1232 1810 efficit,
1254 1701 1574 1820 interrumpenda
1595 1698 1815 1786 identidem
1832 1698 1922 1781 sunt

480 1815 654 1926 remedia
680 1817 763 1898 hart
790 1809 1118 1922 alterantia'justo
1148 1814 1267 1901 titulo
1293 1816 1417 1923 dieta,
1448 1823 1489 1899 bt
1517 1814 1920 1930 percatharticorurn

481 1931 767 2042 attenuandum
781 1923 900 2038 atqie
914 1925 1190 2014 revellendum
1204 1931 1317 2014 usum
1331 1923 1380 2014 ad
1422 1933 1607 2014 rimarum
1621 1925 1774 2012 uiarum
1792 1923 1920 2012 secer-

359 2091 364 2106 ·
481 2039 616 2123 nicola
635 2039 796 2124 serenda
813 2039 901 2125 sunt
920 2047 1097 2129 materiei
1118 1959 1434 2158 imperspirabiiis
1455 2043 1679 2158 strigmenta
1699 2074 1708 2123 ε
1734 2041 1922 2151 coquitur

482 2150 608 2238 silicet
622 2155 1094 2272 attenuationeperperub
1111 2152 1159 2240 ab
1177 2157 1285 2242 hisce
1299 2153 1528 2241 salutaribus
1547 2155 1676 2240 succis
1692 2179 1921 2238 excremen-

480 2267 567 2348 titia
596 2271 811 2374 materies,
843 2266 1015 2386 ¹augetur
1046 2270 1268 2355 solidorum
1291 2267 1523 2376 oscillatio,
1554 2271 1678 2378 sitque
1709 2264 1853 2351 habilis
1875 2269 1921 2348 'dt

482 2377 666 2574 prompta
690 2371 917 2466 aderitum
947 2381 1027 2468 illa.
1057 2383 1157 2500 Quo
1180 2388 1222 2467 in
1246 2391 1367 2500 'opere
1382 2381 1639 2500 'perficiendo
1666 2384 1813 2494 prasiat
1838 2377 1921 2464 aliie

482 2497 594 2574 omni
624 2494 871 2602 us'remediis
893 2519 1073 2580 veterum
1101 2493 1404 2584 helleborismus
1428 2501 1494 2582 cui
1518 2494 1773 2580 commodius
1799 2501 1844 2578 dt
1864 2492 1921 2576 le·

483 2609 570 2690 nibt
584 2602 767 2721 supplent
784 2609 913 2692 resmrt
935 2607 1013 2693 illae
1033 2631 1243 2726 purgantes
1255 2610 1305 2694 ab
1320 2611 1516 2695 Arabibus
1531 2613 1572 2692 in
1590 2635 1713 2692 artem
1733 2609 1919 2714 mveeae,

482 2717 770 2805 scammonium
785 2784 799 2829 ,
831 2720 921 2806 aloe
936 2788 949 2830 ,
976 2721 1203 2840 turpethuni
1218 2747 1232 2835 ,'
1262 2723 1423 2837 aliaque
1449 2721 1581 2808 multa
1614 2717 1778 2826 surriser,
1809 2723 1921 2804 circa

538 2849 649 2916 arum
679 2835 792 2918 usum
807 2835 1163 2922 consulendisunt
1183 2842 1364 2924 ‘rudiores
1394 2843 1462 2949 qui
1490 2838 1541 2922 de
1568 2837 1727 2918 materie
1760 2829 1925 2918 medies

481 2943 635 3058 penius
658 2945 885 3048 &uberius
911 2948 1109 3071 scripsere.
1139 2949 1334 3037 Tumultu
1362 2979 1480 3064 quem
1508 2951 1683 3034 excitare
1707 2971 1803 3031 nata
1832 2943 1924 3030 sunt

481 3056 642 3165 sedato,
656 3063 907 3171 'vacuamque
927 3065 1069 3180 magni·
1086 3060 1254 3149 materia
1273 3063 1380 3149 illiba
1402 3095 1486 3177 quae
1509 3061 1702 3180 peccabat
1721 3058 1920 3145 uberrimi

481 3194 592 3283 parre
602 3233 616 3276 ‚
632 3177 760 3256 rursus
774 3175 818 3256 in
835 3174 972 3261 iisdem
986 3173 1284 3265 medicamentis
1298 3179 1513 3296 praesidium
1532 3175 1698 3260 alterans
1714 3175 1918 3286 quaritur,

482 3281 667 3408 novique
694 3282 927 3373 alteratione
952 3291 1054 3401 ,fatre
1069 3355 1084 3400 ,
1101 3293 1320 3408 segregata
1339 3289 1419 3376 'illa
1449 3300 1491 3376 dt
1520 3289 1542 3374 ὲ
1572 3287 1783 3402 sanguinei
1811 3285 1921 3406 mole

480 3395 652 3500 serenda
678 3397 873 3487 elementa
894 3421 1111 3490 vacuantur
1136 3409 1308 3515 iterum,
1345 3406 1476 3491 donec
1500 3403 1756 3489 ¹eradicatum
1784 3400 1917 3508 virus,

480 3509 662 3620 mobile,
686 3541 733 3596 ac
762 3543 859 3598 mox
888 3517 1101 3632 fugitivum
1127 3519 1320 3606 videatur:
1352 3520 1451 3604 Hoc
1481 3515 1792 3624 roborantibur,
1827 3531 1922 3602 cot*

478 3625 688 3736 tionesque
716 3625 985 3744 adjuvantibus
1015 3634 1318 3720 medicamentis
1349 3635 1371 3719 a
1400 3657 1520 3748 tergo
1549 3631 1732 3746 persequi
1755 3654 1921 3746 tempus

481 3741 568 3822 erit.
604 3737 703 3849 Quo
722 3744 775 3824 ³in
804 3761 926 3856 opere
954 3749 1202 3858 persiciendo
1233 3751 1406 3864 pt'aestant
1436 3744 1625 3830 martialia
1652 3771 1737 3827 non
1768 3745 1920 3830 imbuta

480 3850 579 3960 sale,
595 3851 660 3937 sed
675 3852 889 3968 phlogisto,
903 3857 968 3940 seu
978 3921 993 3966 ,
1008 3887 1052 3944 ut
1066 3865 1193 3970 aiunt,
1205 3862 1390 3977 sulphure
1405 3859 1570 3974 turgida.
1587 3857 1707 3941 Tunc
1726 3847 1920 3976 &topica

481 3967 695 4052 admovere
715 3986 876 4084 tempus
900 3973 997 4080 erit,
1026 3979 1108 4085 quo
1131 3979 1171 4057 in
1190 3996 1315 4089 opere
1336 3997 1418 4057 non
1431 3999 1490 4057 ‘ea
1510 3975 1584 4056 erit
1606 3975 1732 4056 nostra
1755 3973 1920 4057 audatia

480 4105 525 4160 ut
550 4081 733 4190 antiquos
759 4079 999 4168 aemulemur.
1038 4087 1120 4170 Sed
1142 4087 1359 4172 lenioribus
1385 4087 1529 4170 diutibs
1554 4088 1792 4191 insistemus,
1829 4085 1923 4171 talia

482 4191 571 4274 sunt
590 4221 790 4306 unguenta
811 4191 1018 4310 sulphurea
1031 4217 1121 4309 'qua
1145 4200 1562 4286 mucum'nrbrbosum
1583 4200 1678 4283 ditm
1695 4203 1921 4305 exsecant,

481 4301 503 4385 ὲ
525 4302 645 4388 massi
666 4305 860 4420 suppofiti
880 4318 921 4394 dr
940 4310 1029 4396 vivi
1050 4317 1312 4421 exsiccatum,
1337 4343 1412 4400 nec
1433 4307 1511 4423 jam
1529 4317 1797 4397 coherentem
1821 4315 1861 4398 se
1891 4345 1926 4396 a·

481 4431 588 4537 rant,
614 4445 815 4535 unguenta
837 4425 1084 4516 mercurialia'
1105 4459 1189 4542 qnae
1211 4427 1361 4514 molem
1380 4437 1698 4543 &aggregatum
1719 4433 1830 4511 muci
1850 4347 1928 4511 riis-

482 4555 693 4724 rumpunt,
715 4521 916 4648 un'guerita
933 4537 1100 4624 alcalina
1115 4527 1200 4653 quae'
1217 4545 1337 4680 ipsam
1354 4545 1463 4627 muci
1481 4540 1724 4624 substantiam
1746 4539 1926 4632 solvunt.

481 4639 533 4724 Pr
591 4647 664 4726 erit
677 4650 796 4730 etiam
813 4647 1025 4774 aliquando
1042 4658 1087 4766 in,
1103 4659 1216 4742 nimls
1235 4657 1351 4740 inerti
1372 4651 1725 4742 natura-uinulum
1745 4656 1925 4766 addere,

481 4781 550 4838 aut
574 4762 833 4842 aromatltum
857 4761 1190 4881 balsamicumque
1202 4832 1216 4877 ,
1237 4795 1307 4854 aut
1327 4771 1618 4854 cathatreticum
1641 4770 1848 4856 exsiccans
1874 4801 1927 4858 ex

482 4869 680 4984 arugine,
707 4899 772 4958 aut
787 4876 899 4962 terris
915 4875 1132 4996 calcareis,
1160 4883 1325 4970 sednon
1336 4907 1381 4968 ut
1394 4881 1578 4972 videntur
1589 4881 1723 4970 secisse
1741 4889 1927 5002 antiqui,
