4228 5898
412 489 414 496 =
469 483 549 560 ιη
705 407 841 541 ‘ou
881 441 1177 552 uoaurs
1211 381 1712 534 cornum*
1835 503 1842 556 3

336 694 339 698 ·
465 647 1902 730 w

859 829 1280 930 'CAPUT
1370 833 1486 933 IV.

467 1031 543 1143 De
578 1029 817 1173 Therapeirs
851 1015 1042 1132 turones
1050 1099 1069 1150 ,
1093 1029 1176 1168 seu
1199 1032 1250 1132 de
1276 1031 1622 1134 inductionibus
1655 1035 1900 1138 morborum

909 1202 1188 1269 cotoneorum
1218 1205 1465 1275 curatorzu.

468 1314 555 1496 IN
566 1388 800 1480 difficillima
812 1386 1046 1473 morborum
1058 1385 1902 1506 cutaneorumcuraoone‘altiosindaganda,

467 1530 576 1622 patet
593 1504 674 1590 duo
690 1506 884 1620 praecipua
903 1501 1135 1584 medicantis
1155 1501 1453 1586 meditationem
1468 1502 1711 1616 expostulare
1731 1535 1743 1603 ;
1768 1503 1904 1594 delen-

467 1619 567 1702 dum
600 1617 753 1704 scilicet
783 1615 872 1699 antb
903 1617 1037 1698 omnia
1072 1610 1266 1727 postulant
1290 1639 1522 1726 aegrotantes
1556 1616 1667 1724 quod
1699 1616 1749 1700 ad
1774 1622 1905 1702 cutim

469 1728 582 1818 foeds
608 1727 757 1815 eminet
784 1735 826 1812 dt
861 1723 1043 1842 percellit
1067 1725 1211 1810 oculos
1223 1787 1238 1832 ,
1262 1723 1363 1809 bens
1390 1724 1525 1807 secum
1543 1729 1607 1838 agi
1624 1755 1668 1811 ut
1687 1726 1905 1843 plurimlam

470 1840 761 1949 credentes,ss
796 1838 905 1950 quod
931 1836 1105 1952 ipsorum
1137 1841 1261 1922 cutim
1295 1839 1455 1950 intingit
1480 1834 1719 1945 destruatur,
1753 1841 1904 1954 ipsaque

470 1958 648 2072 pristinus
672 1957 885 2039 restituatur
909 1978 1026 2034 nitor.
1049 1949 1199 2035 Verbm
1224 1950 1381 2036 Medici
1405 1976 1602 2063 operam,
1628 1978 1695 2036 aut
1713 1980 1874 2036 noxiam
1886 2015 1902 2062 ,

468 2094 539 2150 aut
558 2066 738 2152 inutilem
755 2065 957 2180 respuunt,
977 2065 1103 2147 srnon
1128 2062 1242 2148 srmul
1260 2061 1415 2146 latentis
1437 2059 1532 2144 mali
1548 2063 1703 2146 causam
1719 2066 1904 2178 aggredi,

468 2177 661 2289 altibsque
690 2177 905 2264 demersam
934 2177 1155 2289 patefacere
1176 2173 1306 2261 liceat.
1333 2173 1449 2260 Undb
1482 2172 1628 2289 duplex
1660 2177 1835 2290 exsurgit
1861 2182 1905 2264 in

468 2289 622 2375 morbis
645 2293 819 2375 cutaneis
839 2289 1126 2373 indicationum
1152 2289 1256 2373 fons.
1280 2285 1394 2374 Alter
1413 2284 1568 2371 scilicet
1592 2289 1741 2402 pendet
1760 2284 1782 2380 ὲ
1802 2294 1904 2376 eutis

470 2409 486 2500 i
514 2405 586 2486 fios
609 2407 752 2508 uitio,
782 2400 880 2486 alter
904 2399 1044 2484 contra
1078 2401 1358 2486 immensus&
1380 2395 1531 2483 summb
1558 2427 1691 2484 rerum
1716 2429 1903 2518 peragen-

471 2435 611 2608 tlbtum
640 2517 844 2600 varietate·
863 2511 1033 2599 diversus
1073 2514 1307 2629 repetendus
1340 2517 1393 2598 est
1423 2523 1446 2596 a
1475 2513 1597 2596 causis
1639 2543 1734 2624 quas
1769 2517 1902 2600 auimo

471 2629 707 2746 pervolvere
727 2655 845 2737 atque
869 2626 1065 2712 universas
1096 2626 1434 2743 comprehendere
1462 2620 1584 2710 debet
1605 2629 1675 2736 qui
1705 2624 1905 2714 medelam

471 2747 670 2830 horumce
699 2739 932 2824 morborum
964 2743 1006 2822 in
1037 2739 1079 2825 se
1104 2740 1274 2857 suscipit.

526 2855 645 2938 Varib
676 2854 898 2938 admodum
932 2853 1100 2937 diversas
1127 2853 1204 2938 elle
1239 2851 1523 2968 pertrablandas
1556 2850 1720 2956 causas,
1757 2847 1904 2960 easque

475 2965 653 3079 oppofitb
669 2969 826 3079 prorsus
849 2966 1002 3047 ratione
1030 2964 1174 3071 sanari,
1191 2969 1291 3048 ratio
1308 2965 1389 3080 ipsa
1409 2964 1643 3081 proclamat.
1666 2963 1775 3048 Cium
1800 2966 1903 3047 verb

470 3073 740 3190 ‚multiplicem
765 3073 966 3160 causatum
989 3072 1145 3157 illarum
1161 3075 1419 3191 complexum
1440 3081 1662 3188 intuemur,
1681 3104 1808 3162 novus
1823 3071 1906 3162 sese

476 3188 675 3274 divisionis
707 3187 809 3272 ordo
833 3185 951 3271 offert
978 3188 1019 3269 in
1045 3187 1244 3272 medendo
1268 3187 1511 3279 adhibenda.

532 3299 668 3384 Primb
685 3304 790 3384 enim
808 3361 822 3408 ,
839 3297 905 3384 vel
932 3302 1091 3384 criticus
1111 3303 1186 3407 est,
1207 3329 1274 3408 aut
1293 3306 1424 3418 potius
1452 3302 1723 3418 depuratorius
1740 3297 1906 3386 morbus

476 3416 615 3519 cutis,
650 3411 720 3496 vel
755 3417 893 3518 iners,
929 3419 971 3496 bt
1005 3409 1027 3494 *a
1062 3437 1245 3607 tuggentc
1278 3415 1540 3528 cacochymirl
1573 3413 1747 3528 pendens
1785 3439 1906 3525 atque

475 3552 704 3640 procreams
717 3588 730 3630 ,
753 3524 820 3608 vel
847 3525 1008 3609 dembm
1030 3521 1100 3606 loc
1140 3528 1172 3609 is
1195 3524 1429 3611 estmorbus
1450 3531 1554 3612 &in
1578 3527 1670 3610 sede
1692 3554 1811 3634 quam
1836 3555 1906 3610 oc-

477 3664 625 3753 cupat,
665 3663 754 3722 utut
782 3662 922 3741 natus,
961 3637 1015 3720 stc
1045 3636 1209 3722 defixus.
1244 3640 1470 3749 Quacum
1498 3665 1641 3723 nanrrae
1669 3635 1906 3724 morborum

475 3755 634 3866 prorsus
669 3754 770 3832 inter
805 3747 845 3831 se
883 3747 1100 3855 differant,
1134 3751 1301 3838 diversas
1338 3754 1457 3837 etiam
1491 3756 1647 3867 penitus
1682 3753 1907 3835 curationes

474 3865 659 3980 accipere
685 3861 838 3946 necesse
866 3863 932 3944 est.
962 3862 1009 3942 In
1037 3863 1145 3946 hisce
1181 3891 1278 3978 ergo
1307 3869 1590 3950 curatoriarum
1616 3863 1906 3948 indicationum

477 3973 682 4062 elementis
713 3976 792 4059 tres
817 3975 935 4058 etiam
958 3999 1088 4104 partes
1115 3975 1403 4089 distinguemus.

534 4089 581 4169 In
610 4087 734 4202 primb
767 4089 817 4173 de
841 4083 990 4170 morbrs
1021 4091 1122 4170 cutis
1146 4087 1404 4202 depuratoriis
1431 4087 1608 4172 sanandis
1638 4114 1830 4202 agemus,
1861 4093 1907 4175 in

479 4195 619 4304 quibus
650 4199 798 4284 casibus
827 4196 989 4284 morbus
1018 4197 1190 4284 salutaris
1214 4205 1267 4285 est
1299 4209 1340 4285 bt
1367 4201 1417 4286 ad
1438 4228 1572 4286 cutem
1592 4201 1906 4316 promovendus.

475 4305 525 4386 In
558 4307 727 4392 secundi
758 4313 808 4394 de
838 4315 1043 4398 curatione
1063 4309 1311 4398 morborum
1350 4323 1372 4400 a
1406 4343 1564 4400 veneno
1598 4313 1909 4427 praedominante

478 4417 734 4530 pendentium
769 4423 1019 4528 traslabitur3
1058 4428 1100 4509 in
1139 4429 1198 4512 his
1233 4425 1454 4533 exuberat,
1495 4427 1699 4534 exundat,
1747 4433 1789 4508 dt
1821 4424 1908 4536 jure

478 4531 646 4613 civitatis
682 4535 842 4645 potitur
863 4561 1064 4622 venenata
1092 4538 1190 4626 lues.
1220 4541 1371 4626 Inertes
1401 4549 1445 4625 bt
1475 4544 1634 4654 topicos
1674 4545 1717 4624 dr
1753 4539 1795 4620 in
1827 4539 1909 4626 unb

477 4639 570 4726 sede
603 4643 706 4726 fixos
743 4649 856 4728 tertia
893 4647 1140 4756 exequetur3
1176 4683 1261 4766 quae
1296 4653 1457 4768 quidem
1492 4655 1606 4736 tertia
1642 4679 1692 4736 ex
1725 4645 1808 4766 ipsd
1849 4655 1909 4738 rei

475 4753 699 4840 necessitate
714 4757 1024 4870 comprehendet
1042 4762 1127 4848 illas
1151 4795 1245 4962 appas
1270 4769 1371 4852 cutis
1394 4768 1489 4850 vitia
1504 4763 1575 4850 srbi
1591 4762 1786 4881 postulant
1805 4765 1908 4854 indi-

472 4871 682 4976 cationes,
703 4877 894 4980 quatenlrs
912 4873 1013 4958 cutis
1037 4877 1118 4992 ipsa
1154 4907 1165 4960 r
1193 4881 1209 4963 i
1230 4881 1517 4968 medicamenta
1536 4875 1768 4994 expostulat.
