4228 5898
478 456 572 547 nos
758 452 856 544 DE
896 451 962 542 'M
982 445 1226 540 on'nls
1283 443 1688 546 CUTANEIS..

476 619 630 706 morbi
640 619 812 734 reliquie
825 623 867 703 in
884 607 1065 702 assedum
1079 642 1290 704 curaneum
1300 617 1621 732 depuratorium,
1635 645 1713 704 nec
1729 617 1810 704 sine
1828 620 1921 736 per-⁸

460 761 614 854 »petuo
635 737 781 819 timore
802 727 1069 847 profundioris
1084 731 1131 814 in·
1145 735 1300 816 interna
1321 730 1471 816 viscera
1490 728 1709 817 decubinis.
1730 731 1921 820 Praeteret

477 847 632 932 -danrur
653 845 784 930 morbi
805 844 961 928 cutanei
987 869 1056 956 per
1079 842 1121 928 se
1142 845 1360 958 contagiosi
1379 905 1391 948 ‚
1411 871 1457 928 ut
1482 839 1660 950 scabies,
1681 845 1796 960 psora
1811 875 1921 945 vete-

477 989 605 1066 rum,
634 957 687 1044 ob
720 956 970 1043 celerrimum
998 959 1229 1069 contagium
1253 954 1275 1039 d
1298 955 1519 1040 Valisnerio
1545 953 1707 1067 aliisque
1722 955 1770 1042 ab
1794 961 1920 1047 insee-

481 1098 627 1156 ‚rorum
652 1071 782 1156 morsu
802 1067 859 1150 ibi
884 1095 962 1151 ova
987 1065 1272 1180 deponentium
1290 1067 1462 1182 pendere
1484 1067 1646 1153 credita.

548 1180 815 1270 Prurientibus
831 1178 1193 1290 quibuscumquein
1213 1177 1413 1264 affefflbus
1432 1184 1683 1294 contagionis
1697 1177 1920 1296 periculum

492 1299 567 1405 cst,
581 1295 1001 1412 plurimbmverbiniis
1017 1294 1084 1403 qui
1098 1291 1293 1397 foeditate,
1303 1318 1369 1377 aut
1380 1292 1595 1399 fracedine,
1608 1319 1674 1379 aut
1685 1295 1811 1382 odore
1821 1327 1918 1408 quo·

482 1435 666 1518 ›cumque
683 1408 851 1520 insignes
872 1402 1115 1491 volatilitatis
1139 1407 1245 1519 stgna
1267 1405 1361 1489 dant
1384 1435 1468 1489 non
1480 1404 1709 1492 indubitata.
1734 1407 1811 1494 His
1830 1413 1920 1496 rarb

480 1519 660 1635 periculi
674 1545 770 1604 nota
791 1517 970 1624 additur,
990 1517 1059 1600 nisr
1075 1543 1208 1602 tamen
1221 1549 1297 1634 pra
1316 1521 1492 1603 materiei
1508 1517 1625 1633 copiti
1646 1545 1713 1604 aut
1734 1522 1921 1609 acredine

492 1637 663 1748 pruritus
684 1659 867 1719 enormes
885 1628 1029 1715 febrim
1049 1630 1267 1716 accendant
1289 1637 1333 1715 ὅ(
1353 1629 1626 1716 convulsiones
1645 1631 1871 1743 accersant,
1898 1635 1923 1720 ὲ

493 1744 636 1857 quibus
661 1776 755 1832 cum
775 1744 1028 1860 praepediatur
1052 1746 1239 1828 circuitus
1261 1743 1479 1858 sanguinis,
1494 1747 1570 1828 irre
1625 1742 1712 1828 laris
1731 1749 1850 1830 eriam
1875 1749 1924 1834 fit

493 1858 544 1943 ad
562 1884 697 1943 cutem
713 1859 881 1941 materia
903 1852 1136 1963 decubirus,
1155 1860 1466 1966 interiorumque
1481 1854 1568 1941 deb'
1590 1859 1685 1940 'tato
1702 1881 1830 1966 tono,
1858 1887 1922 1945 re-

485 1969 640 2085 gressus
661 1971 710 2055 ad
734 1972 921 2054 interiora
946 1966 1093 2052 viscera
1121 1969 1273 2084 sempe
1294 1972 1416 2053 instat.
1444 1970 1491 2052 In
1512 1997 1657 2083 genere
1675 1971 1773 2054 verb
1796 1999 1921 2060 mate·

385 2177 388 2183 ,
481 2088 558 2168 Διίεε
578 2111 647 2198 per
666 2109 801 2169 cutem
820 2079 1037 2166 exhalantis
1057 2085 1178 2165 autin
1197 2111 1285 2166 earn
1307 2078 1578 2167 decumbentis
1599 2076 1683 2167 dira
1699 2080 1921 2172 discrimina

493 2198 541 2280 iis
569 2198 735 2280 omnini)
762 2191 1004 2280 conferenda
1036 2192 1124 2276 sunt
1148 2223 1231 2305 φιτ
1260 2191 1495 2309 isuppressi
1571 2194 1800 2310 rspiratione
1851 2227 1922 2284 en-

481 2307 605 2393 dem.
626 2309 742 2394 Unde
759 2337 830 2393 eos
852 2303 931 2415 jam
946 2306 1069 2390 affore
1095 2305 1192 2421 sape
1206 2306 1437 2391 denuntiant
1455 2306 1510 2391 do
1528 2335 1615 2392 ores
1630 2307 1678 2390 ad
1701 2310 1773 2392 arti
1845 2339 1919 2422 os,

494 2421 792 2529 suffocationes,
808 2418 1062 2527 lassitudines,
1077 2448 1161 2532 quae
1174 2421 1221 2506 iis
1235 2418 1387 2534 integre
1397 2418 1619 2534 vigentibus
1634 2420 1779 2506 cessant
1793 2423 1923 2542 symps

491 2561 657 2620 tomara.

536 2648 772 2735 Tenacitate
783 2645 909 2762 vulgo
926 2647 1091 2734 infames
1106 2645 1194 2733 sunt
1206 2655 1248 2733 δι
1262 2647 1470 2734 duratione
1481 2646 1682 2734 metuendi
1700 2648 1765 2758 qni
1779 2645 1919 2738 sensrm

496 2762 715 2848 crescentes
741 2758 901 2868 morbi,
931 2759 1001 2844 sub
1028 2759 1111 2879 ipsi
1140 2758 1337 2847 medicini
1393 2789 1436 2846 er
1458 2761 1603 2875 gradus
1630 2759 1849 2845 increscunt
1876 2759 1922 2850 dt

493 2873 760 2980 invalescunt,
776 2875 908 2984 sicque
925 2899 1058 2958 totum
1083 2905 1227 2989 corpus
1250 2792 1509 2988 depaduntur
1521 2932 1536 2981 ,
1567 2899 1633 2957 aut
1656 2898 1780 2986 partes
1802 2865 1922 2963 simul

496 2990 620 3092 cutis,
634 3013 701 3071 aut
713 2982 842 3069 ufibus
850 3046 864 3090 ,
882 2984 1232 3070 autlocomaxime
1244 2985 1386 3070 dissitas
1403 3013 1614 3100 occupant.
1629 2985 1699 3068 Sic
1713 2984 1849 3098 lepra,
1861 2992 1934 3073 vi>-

494 3095 555 3182 tili
583 3100 667 3182 ines
693 3159 708 3205 ,
734 3095 1034 3210 elephantiasis,
1061 3105 1141 3182 &c
1166 3100 1273 3183 varia
1300 3101 1384 3182 haec
1442 3126 1559 3182 enera
1584 3095 1819 3182 morborum
1841 3101 1922 3184 foe÷

495 3211 538 3296 di
584 3239 740 3296 morum
771 3210 1001 3322 contagium
1033 3239 1116 3294 non
1149 3210 1319 3324 spirant,
1361 3127 1456 3294 licit
1483 3209 1643 3294 incaute
1674 3209 1771 3296 tales
1796 3241 1922 3328 aegros

495 3321 745 3439 tangentibus
778 3351 862 3406 non
893 3324 982 3405 rarb
1015 3325 1184 3436 pruritus
1218 3324 1466 3408 orianturad
1494 3351 1730 3439 partesque
1755 3327 1922 3440 tetigere

393 3489 400 3502 ·
484 3437 587 3524 -labe
604 3436 792 3544 infestos,
814 3438 842 3526 st
861 3433 1055 3550 precipue
1074 3463 1124 3520 ex
1143 3463 1288 3548 genere
1305 3439 1547 3522 teneriorum
1561 3466 1608 3521 ac
1624 3435 1923 3524 delicanslarum

484 3553 569 3636 ·s1nt
594 3549 683 3636 illae.
711 3550 864 3664 Spurca
886 3546 975 3631 sunt
986 3609 1001 3655 ,
1018 3575 1094 3632 nec
1119 3551 1207 3632 rarb
1260 3547 1477 3660 hlyiioenas
1499 3549 1549 3632 ad
1572 3546 1675 3634 labia
1696 3549 1924 3665 producunt

490 3662 632 3749 'oscula
653 3695 738 3776 qua
763 3663 863 3746 caris
882 3663 1018 3746 amicis
1032 3659 1101 3745 tali
1122 3658 1212 3746 labe
1228 3579 1495 3746 bborantibus
1510 3661 1666 3746 incaute
1689 3663 1921 3754 inseruntur.

488 3779 551 3862 ·At
569 3774 837 3892 elephantiafis
853 3777 1146 3858 communicata
1162 3804 1364 3886 nunquam
1377 3773 1452 3858 suit
1460 3835 1477 3882 ,
1503 3778 1663 3860 testante
1674 3773 1922 3864 solertissimo

492 3895 537 3976 in
558 3889 672 4000 hujus
693 3884 827 3972 morbi
852 3883 987 3970 naturi
1011 3885 1247 4000 exponendi
1269 3885 1525 3999 Raymundo.
1540 3885 1701 4002 Legalis
1717 3889 1793 3973 fuir
1808 3898 1849 3974 δι
1868 3889 1926 3982 ob

493 4003 785 4090 immunditiem
796 4002 984 4112 imperata
1002 3997 1248 4110 leprosorum
1260 3998 1283 4085 b
1297 3999 1405 4087 civili
1422 4005 1669 4085 commercio
1688 3999 1728 4086 se
1774 4005 1923 4116 egatio.

374 4211 377 4216 Δ
494 4115 607 4200 Rarb
622 4121 740 4202 etiam
751 4111 882 4199 morbi
895 4112 950 4194 isti
958 4111 1107 4225 peffimi
1119 4137 1290 4198 mortem
1302 4112 1545 4219 intulerunt,
1570 4115 1729 4198 nifiseni
1757 4121 1854 4198 us&
1878 4119 1925 4202 in

492 4226 648 4312 summo
662 4227 791 4312 morbi
814 4223 936 4340 gradu
959 4224 1225 4358 supervenerit
1243 4253 1477 4340 gangrena,
1501 4223 1570 4310 vel
1587 4223 1750 4312 occlusi
1767 4229 1922 4342 penitius

494 4363 588 4420 cate
610 4339 784 4450 hydrops
811 4343 1041 4423 intumuerit
1051 4401 1067 4446 ,
1090 4336 1158 4423 vel
1177 4338 1337 4424 demum
1359 4338 1543 4453 perversis
1570 4340 1736 4424 omnino
1754 4341 1923 4426 nutritiis

491 4447 620 4533 succis
640 4447 848 4534 marasmus
867 4449 979 4536 malis
996 4453 1118 4537 finem
1132 4454 1322 4566 imponat.
1767 4451 1800 4500 ’·

550 4561 701 4646 Verum
723 4563 765 4645 in
795 4557 979 4644 omnibus
1004 4564 1153 4650 morbis
1188 4567 1361 4652 cutaneis
1394 4564 1566 4650 summus
1586 4562 1671 4671 jure
1700 4564 1924 4676 meritoque

491 4697 620 4758 metus
639 4677 691 4758 est
710 4669 1030 4789 retropulfionis‚
1055 4706 1138 4786 quae
1153 4678 1297 4764 dicitur
1311 4680 1397 4764 fieri
1422 4682 1578 4788 quoties
1603 4677 1751 4763 maium
1776 4675 1826 4760 ab
1849 4706 1922 4762 ex-

491 4784 701 4872 terioribus
724 4785 773 4882 ad
793 4785 979 4870 interiora
1002 4791 1428 4902 verritur3quodci1m
1478 4795 1565 4875 raeci
1593 4821 1689 4876 uum
1702 4851 1717 4898 ,
1732 4791 1816 4873 imb
1839 4789 1926 4877 sere

488 4901 653 4988 unicum
673 4900 721 4986 srt
744 4893 894 4985 morbis
921 4901 1096 4990 curantis
1126 4901 1177 4990 ad
1201 4929 1374 4992 mortem
1401 4905 1410 4922 '
1458 4823 1644 4991 erendum
1668 4899 1922 5020 periculum,
