<?xml version="1.0" encoding="UTF-8"?>
<!DOCTYPE html PUBLIC "-//W3C//DTD XHTML 1.0 Transitional//EN"
    "http://www.w3.org/TR/xhtml1/DTD/xhtml1-transitional.dtd">
<html xmlns="http://www.w3.org/1999/xhtml" xml:lang="en" lang="en">
 <head>
  <title>
</title>
<meta http-equiv="Content-Type" content="text/html;charset=utf-8" />
  <meta name='ocr-system' content='tesseract 3.04.00' />
  <meta name='ocr-capabilities' content='ocr_page ocr_carea ocr_par ocr_line ocrx_word'/>
</head>
<body>
  <div class='ocr_page' id='page_1' title='image "./tractatusdemorb00cavegoog_0490.png"; bbox 0 0 4226 5916; ppageno 0'>
   <div class='ocr_carea' id='block_1_1' title="bbox 691 423 1652 532">
    <p class='ocr_par' dir='ltr' id='par_1_1' title="bbox 691 423 1652 532">
     <span class='ocr_line' id='line_1_1' title="bbox 691 423 1652 532; baseline 0.001 -20"><span class='ocrx_word' id='word_1_1' title='bbox 691 423 1189 532; x_wconf 75' lang='lat' dir='ltr'>cuTANEIa</span> <span class='ocrx_word' id='word_1_2' title='bbox 1557 439 1652 532; x_wconf 75' lang='lat' dir='ltr'>&#39;46q</span> 
     </span>
    </p>
   </div>
   <div class='ocr_carea' id='block_1_2' title="bbox 213 581 1653 1239">
    <p class='ocr_par' dir='ltr' id='par_1_2' title="bbox 213 581 1653 1239">
     <span class='ocr_line' id='line_1_2' title="bbox 215 581 1653 704; baseline -0.001 -28"><span class='ocrx_word' id='word_1_3' title='bbox 215 613 361 676; x_wconf 85' lang='lat' dir='ltr'>tennrr.</span> <span class='ocrx_word' id='word_1_4' title='bbox 385 583 544 698; x_wconf 81' lang='lat' dir='ltr'><strong>Quibus</strong></span> <span class='ocrx_word' id='word_1_5' title='bbox 559 586 703 675; x_wconf 78' lang='lat' dir='ltr'>tardius</span> <span class='ocrx_word' id='word_1_6' title='bbox 717 586 890 704; x_wconf 86' lang='lat' dir='ltr'>exsurgit</span> <span class='ocrx_word' id='word_1_7' title='bbox 905 593 947 673; x_wconf 78' lang='lat' dir='ltr'>dt</span> <span class='ocrx_word' id='word_1_8' title='bbox 961 589 1045 702; x_wconf 89' lang='lat' dir='ltr'>post</span> <span class='ocrx_word' id='word_1_9' title='bbox 1059 581 1323 702; x_wconf 82' lang='lat' dir='ltr'>pubertatem,</span> <span class='ocrx_word' id='word_1_10' title='bbox 1337 587 1472 671; x_wconf 79' lang='lat' dir='ltr'>versus</span> <span class='ocrx_word' id='word_1_11' title='bbox 1486 613 1653 674; x_wconf 87' lang='lat' dir='ltr'>mutatas</span> 
     </span>
     <span class='ocr_line' id='line_1_3' title="bbox 213 697 1653 813; baseline -0.001 -25"><span class='ocrx_word' id='word_1_12' title='bbox 213 709 257 788; x_wconf 92' lang='lat' dir='ltr'>in</span> <span class='ocrx_word' id='word_1_13' title='bbox 280 701 384 787; x_wconf 90' lang='lat' dir='ltr'>virili</span> <span class='ocrx_word' id='word_1_14' title='bbox 410 727 520 784; x_wconf 79' lang='lat' dir='ltr'>atate</span> <span class='ocrx_word' id='word_1_15' title='bbox 545 703 633 794; x_wconf 77' lang='lat' dir='ltr'>vita</span> <span class='ocrx_word' id='word_1_16' title='bbox 663 703 941 808; x_wconf 87' lang='lat' dir='ltr'>conditiones,</span> <span class='ocrx_word' id='word_1_17' title='bbox 969 701 1036 786; x_wconf 91' lang='lat' dir='ltr'>sed</span> <span class='ocrx_word' id='word_1_18' title='bbox 1095 697 1274 785; x_wconf 78' lang='lat' dir='ltr'>rasertim</span> <span class='ocrx_word' id='word_1_19' title='bbox 1304 697 1437 808; x_wconf 89' lang='lat' dir='ltr'>aliquo</span> <span class='ocrx_word' id='word_1_20' title='bbox 1467 698 1653 813; x_wconf 88' lang='lat' dir='ltr'>superve-</span> 
     </span>
     <span class='ocr_line' id='line_1_4' title="bbox 216 809 1653 926; baseline -0.001 -26"><span class='ocrx_word' id='word_1_21' title='bbox 216 820 348 900; x_wconf 86' lang='lat' dir='ltr'>niente</span> <span class='ocrx_word' id='word_1_22' title='bbox 368 812 476 898; x_wconf 87' lang='lat' dir='ltr'>malo</span> <span class='ocrx_word' id='word_1_23' title='bbox 488 872 502 918; x_wconf 86' lang='lat'><strong>,</strong></span> <span class='ocrx_word' id='word_1_24' title='bbox 526 812 717 898; x_wconf 87' lang='lat' dir='ltr'>sanantur.</span> <span class='ocrx_word' id='word_1_25' title='bbox 742 816 1038 918; x_wconf 73' lang='lat' dir='ltr'>Schenkiussa)</span> <span class='ocrx_word' id='word_1_26' title='bbox 1065 843 1087 896; x_wconf 88' lang='lat' dir='ltr'>a</span> <span class='ocrx_word' id='word_1_27' title='bbox 1108 809 1326 924; x_wconf 73' lang='lat' dir='ltr'>retropulsi</span> <span class='ocrx_word' id='word_1_28' title='bbox 1349 809 1451 894; x_wconf 76' lang='lat' dir='ltr'>rinei</span> <span class='ocrx_word' id='word_1_29' title='bbox 1467 811 1653 926; x_wconf 84' lang='lat' dir='ltr'>suppura-</span> 
     </span>
     <span class='ocr_line' id='line_1_5' title="bbox 214 923 1653 1037; baseline 0.001 -28"><span class='ocrx_word' id='word_1_30' title='bbox 214 955 302 1014; x_wconf 87' lang='lat' dir='ltr'>tum</span> <span class='ocrx_word' id='word_1_31' title='bbox 319 930 483 1017; x_wconf 87' lang='lat' dir='ltr'>unicum</span> <span class='ocrx_word' id='word_1_32' title='bbox 501 925 655 1011; x_wconf 85' lang='lat' dir='ltr'>cerebri</span> <span class='ocrx_word' id='word_1_33' title='bbox 670 925 811 1010; x_wconf 91' lang='lat' dir='ltr'>lobum</span> <span class='ocrx_word' id='word_1_34' title='bbox 831 926 1003 1037; x_wconf 78' lang='lat' dir='ltr'>indeque</span> <span class='ocrx_word' id='word_1_35' title='bbox 1023 950 1195 1012; x_wconf 90' lang='lat' dir='ltr'>mortem</span> <span class='ocrx_word' id='word_1_36' title='bbox 1214 923 1324 1007; x_wconf 89' lang='lat' dir='ltr'>vidit.</span> <span class='ocrx_word' id='word_1_37' title='bbox 1345 923 1439 1032; x_wconf 76' lang='lat' dir='ltr'>Vidi</span> <span class='ocrx_word' id='word_1_38' title='bbox 1461 925 1653 1011; x_wconf 76' lang='lat' dir='ltr'>tineosum</span> 
     </span>
     <span class='ocr_line' id='line_1_6' title="bbox 217 1035 1652 1239; baseline -0.001 -113"><span class='ocrx_word' id='word_1_39' title='bbox 217 1042 411 1239; x_wconf 45' lang='lat' dir='ltr'>virginem</span> <span class='ocrx_word' id='word_1_40' title='bbox 429 1038 477 1124; x_wconf 90' lang='lat' dir='ltr'>ab</span> <span class='ocrx_word' id='word_1_41' title='bbox 502 1037 591 1174; x_wconf 38' lang='lat' dir='ltr'>ipsi·</span> <span class='ocrx_word' id='word_1_42' title='bbox 606 1045 763 1154; x_wconf 76' lang='lat' dir='ltr'>prorsus</span> <span class='ocrx_word' id='word_1_43' title='bbox 784 1040 926 1124; x_wconf 46' lang='lat' dir='ltr'>sanarit</span> <span class='ocrx_word' id='word_1_44' title='bbox 949 1039 1142 1122; x_wconf 73' lang='lat' dir='ltr'>Successit</span> <span class='ocrx_word' id='word_1_45' title='bbox 1166 1035 1311 1120; x_wconf 87' lang='lat' dir='ltr'>insania</span> <span class='ocrx_word' id='word_1_46' title='bbox 1336 1036 1652 1124; x_wconf 82' lang='lat' dir='ltr'>immedicabilis.</span> 
     </span>
    </p>
   </div>
   <div class='ocr_carea' id='block_1_3' title="bbox 144 1150 1775 4866">
    <p class='ocr_par' dir='ltr' id='par_1_3' title="bbox 144 1150 1775 4866">
     <span class='ocr_line' id='line_1_7' title="bbox 306 1150 1654 1268; baseline 0 -32"><span class='ocrx_word' id='word_1_47' title='bbox 306 1151 419 1236; x_wconf 87' lang='lat' dir='ltr'>ebres</span> <span class='ocrx_word' id='word_1_48' title='bbox 436 1155 739 1238; x_wconf 87' lang='lat' dir='ltr'>intermrttentes</span> <span class='ocrx_word' id='word_1_49' title='bbox 753 1152 904 1268; x_wconf 77' lang='lat' dir='ltr'>longae,</span> <span class='ocrx_word' id='word_1_50' title='bbox 923 1151 1112 1235; x_wconf 90' lang='lat' dir='ltr'>diuturno</span> <span class='ocrx_word' id='word_1_51' title='bbox 1129 1175 1316 1234; x_wconf 78' lang='lat' dir='ltr'>vexantes</span> <span class='ocrx_word' id='word_1_52' title='bbox 1336 1174 1536 1261; x_wconf 88' lang='lat' dir='ltr'>tempore,</span> <span class='ocrx_word' id='word_1_53' title='bbox 1559 1150 1654 1236; x_wconf 82' lang='lat' dir='ltr'>dum</span> 
     </span>
     <span class='ocr_line' id='line_1_8' title="bbox 213 1261 1651 1377; baseline 0.001 -31"><span class='ocrx_word' id='word_1_54' title='bbox 213 1262 296 1377; x_wconf 87' lang='lat' dir='ltr'>lym</span> <span class='ocrx_word' id='word_1_55' title='bbox 325 1268 382 1348; x_wconf 85' lang='lat' dir='ltr'>lrae</span> <span class='ocrx_word' id='word_1_56' title='bbox 398 1291 551 1350; x_wconf 90' lang='lat' dir='ltr'>mutant</span> <span class='ocrx_word' id='word_1_57' title='bbox 564 1291 740 1374; x_wconf 73' lang='lat' dir='ltr'>rexnam,</span> <span class='ocrx_word' id='word_1_58' title='bbox 760 1267 886 1352; x_wconf 84' lang='lat' dir='ltr'>dirmr</span> <span class='ocrx_word' id='word_1_59' title='bbox 938 1267 1145 1349; x_wconf 84' lang='lat' dir='ltr'>imenvitae</span> <span class='ocrx_word' id='word_1_60' title='bbox 1161 1261 1376 1377; x_wconf 88' lang='lat' dir='ltr'>postulant,</span> <span class='ocrx_word' id='word_1_61' title='bbox 1397 1264 1491 1344; x_wconf 91' lang='lat' dir='ltr'>huic</span> <span class='ocrx_word' id='word_1_62' title='bbox 1506 1261 1651 1348; x_wconf 87' lang='lat' dir='ltr'>morbo</span> 
     </span>
     <span class='ocr_line' id='line_1_9' title="bbox 215 1372 1654 1486; baseline 0 -26"><span class='ocrx_word' id='word_1_63' title='bbox 215 1405 281 1462; x_wconf 90' lang='lat' dir='ltr'>me</span> <span class='ocrx_word' id='word_1_64' title='bbox 310 1377 413 1462; x_wconf 88' lang='lat' dir='ltr'>elam</span> <span class='ocrx_word' id='word_1_65' title='bbox 442 1377 618 1464; x_wconf 70' lang='lat' dir='ltr'>attulere.</span> <span class='ocrx_word' id='word_1_66' title='bbox 646 1377 760 1464; x_wconf 83' lang='lat' dir='ltr'>Idem</span> <span class='ocrx_word' id='word_1_67' title='bbox 789 1377 884 1462; x_wconf 74' lang='lat' dir='ltr'>siti</span> <span class='ocrx_word' id='word_1_68' title='bbox 926 1374 1084 1462; x_wconf 86' lang='lat' dir='ltr'>ebribus</span> <span class='ocrx_word' id='word_1_69' title='bbox 1112 1373 1189 1458; x_wconf 90' lang='lat' dir='ltr'>illis</span> <span class='ocrx_word' id='word_1_70' title='bbox 1216 1377 1370 1486; x_wconf 84' lang='lat' dir='ltr'>magnis</span> <span class='ocrx_word' id='word_1_71' title='bbox 1396 1372 1654 1486; x_wconf 88' lang='lat' dir='ltr'>depuratoriis</span> 
     </span>
     <span class='ocr_line' id='line_1_10' title="bbox 215 1486 1655 1604; baseline -0.002 -30"><span class='ocrx_word' id='word_1_72' title='bbox 215 1518 300 1600; x_wconf 85' lang='lat' dir='ltr'>quae</span> <span class='ocrx_word' id='word_1_73' title='bbox 319 1486 441 1574; x_wconf 76' lang='lat' dir='ltr'>torisia</span> <span class='ocrx_word' id='word_1_74' title='bbox 457 1492 636 1604; x_wconf 86' lang='lat' dir='ltr'>corporis</span> <span class='ocrx_word' id='word_1_75' title='bbox 652 1495 973 1576; x_wconf 87' lang='lat' dir='ltr'>constitutionem</span> <span class='ocrx_word' id='word_1_76' title='bbox 990 1489 1231 1574; x_wconf 88' lang='lat' dir='ltr'>subvertunt.</span> <span class='ocrx_word' id='word_1_77' title='bbox 1254 1488 1405 1572; x_wconf 79' lang='lat' dir='ltr'>Verum</span> <span class='ocrx_word' id='word_1_78' title='bbox 1425 1515 1509 1594; x_wconf 83' lang='lat' dir='ltr'>quae</span> <span class='ocrx_word' id='word_1_79' title='bbox 1529 1489 1655 1599; x_wconf 86' lang='lat' dir='ltr'>magis</span> 
     </span>
     <span class='ocr_line' id='line_1_11' title="bbox 144 1596 1655 1715; baseline -0.001 -30"><span class='ocrx_word' id='word_1_80' title='bbox 144 1657 146 1660; x_wconf 94' lang='lat'>-</span> <span class='ocrx_word' id='word_1_81' title='bbox 211 1606 441 1687; x_wconf 87' lang='lat' dir='ltr'>communis</span> <span class='ocrx_word' id='word_1_82' title='bbox 458 1605 510 1686; x_wconf 89' lang='lat' dir='ltr'>est</span> <span class='ocrx_word' id='word_1_83' title='bbox 524 1607 635 1688; x_wconf 85' lang='lat' dir='ltr'>tineae</span> <span class='ocrx_word' id='word_1_84' title='bbox 655 1603 833 1715; x_wconf 84' lang='lat' dir='ltr'>sequela,</span> <span class='ocrx_word' id='word_1_85' title='bbox 855 1605 989 1688; x_wconf 89' lang='lat' dir='ltr'>eaest:</span> <span class='ocrx_word' id='word_1_86' title='bbox 1010 1597 1275 1686; x_wconf 88' lang='lat' dir='ltr'>intumescunt</span> <span class='ocrx_word' id='word_1_87' title='bbox 1292 1597 1507 1714; x_wconf 83' lang='lat' dir='ltr'>glandulae,</span> <span class='ocrx_word' id='word_1_88' title='bbox 1529 1596 1655 1684; x_wconf 85' lang='lat' dir='ltr'>secre-</span> 
     </span>
     <span class='ocr_line' id='line_1_12' title="bbox 212 1709 1653 1831; baseline -0.003 -33"><span class='ocrx_word' id='word_1_89' title='bbox 212 1719 327 1800; x_wconf 85' lang='lat' dir='ltr'>tione</span> <span class='ocrx_word' id='word_1_90' title='bbox 345 1719 545 1830; x_wconf 70' lang='lat' dir='ltr'>privantur</span> <span class='ocrx_word' id='word_1_91' title='bbox 566 1750 579 1816; x_wconf 87' lang='lat'>;</span> <span class='ocrx_word' id='word_1_92' title='bbox 607 1717 657 1801; x_wconf 91' lang='lat' dir='ltr'>ad</span> <span class='ocrx_word' id='word_1_93' title='bbox 680 1739 798 1831; x_wconf 87' lang='lat' dir='ltr'>caput</span> <span class='ocrx_word' id='word_1_94' title='bbox 815 1713 894 1821; x_wconf 86' lang='lat' dir='ltr'>jam</span> <span class='ocrx_word' id='word_1_95' title='bbox 913 1713 1045 1799; x_wconf 89' lang='lat' dir='ltr'>nullus</span> <span class='ocrx_word' id='word_1_96' title='bbox 1065 1713 1276 1829; x_wconf 87' lang='lat' dir='ltr'>deponitur</span> <span class='ocrx_word' id='word_1_97' title='bbox 1296 1715 1441 1795; x_wconf 89' lang='lat' dir='ltr'>humor</span> <span class='ocrx_word' id='word_1_98' title='bbox 1459 1743 1471 1811; x_wconf 74' lang='grc' dir='ltr'><strong>ς</strong></span> <span class='ocrx_word' id='word_1_99' title='bbox 1496 1709 1653 1795; x_wconf 85' lang='lat' dir='ltr'>articuli</span> 
     </span>
     <span class='ocr_line' id='line_1_13' title="bbox 214 1819 1775 1939; baseline -0.002 -28"><span class='ocrx_word' id='word_1_100' title='bbox 214 1828 451 1913; x_wconf 71' lang='lat' dir='ltr'>crassescunt</span> <span class='ocrx_word' id='word_1_101' title='bbox 480 1836 522 1911; x_wconf 75' lang='lat' dir='ltr'>bc</span> <span class='ocrx_word' id='word_1_102' title='bbox 551 1828 574 1911; x_wconf 94' lang='lat' dir='ltr'>s</span> <span class='ocrx_word' id='word_1_103' title='bbox 594 1833 657 1912; x_wconf 85' lang='lat' dir='ltr'>ina</span> <span class='ocrx_word' id='word_1_104' title='bbox 684 1828 847 1914; x_wconf 89' lang='lat' dir='ltr'>ventosa</span> <span class='ocrx_word' id='word_1_105' title='bbox 876 1832 1022 1912; x_wconf 86' lang='lat' dir='ltr'>tineam</span> <span class='ocrx_word' id='word_1_106' title='bbox 1049 1829 1209 1939; x_wconf 88' lang='lat' dir='ltr'>excipit.</span> <span class='ocrx_word' id='word_1_107' title='bbox 1240 1825 1312 1908; x_wconf 90' lang='lat' dir='ltr'>Sin</span> <span class='ocrx_word' id='word_1_108' title='bbox 1338 1827 1465 1912; x_wconf 82' lang='lat' dir='ltr'>nrinirs</span> <span class='ocrx_word' id='word_1_109' title='bbox 1477 1885 1491 1928; x_wconf 92' lang='lat'><strong><em>,</em></strong></span> <span class='ocrx_word' id='word_1_110' title='bbox 1519 1821 1587 1907; x_wconf 89' lang='lat' dir='ltr'>vel</span> <span class='ocrx_word' id='word_1_111' title='bbox 1606 1825 1652 1908; x_wconf 86' lang='lat' dir='ltr'>fit</span> <span class='ocrx_word' id='word_1_112' title='bbox 1772 1819 1775 1826; x_wconf 66' lang='grc'><strong><em>’</em></strong></span> 
     </span>
     <span class='ocr_line' id='line_1_14' title="bbox 242 1861 1654 2057; baseline -0.002 -34"><span class='ocrx_word' id='word_1_113' title='bbox 242 1943 389 2026; x_wconf 82' lang='lat' dir='ltr'>hthisrs</span> <span class='ocrx_word' id='word_1_114' title='bbox 404 1861 614 2048; x_wconf 45' lang='lat' dir='ltr'>strumosa),</span> <span class='ocrx_word' id='word_1_115' title='bbox 644 1950 685 2025; x_wconf 78' lang='lat' dir='ltr'>dr</span> <span class='ocrx_word' id='word_1_116' title='bbox 708 1939 963 2057; x_wconf 83' lang='lat' dir='ltr'>pulmonibus</span> <span class='ocrx_word' id='word_1_117' title='bbox 990 1943 1030 2022; x_wconf 91' lang='lat' dir='ltr'>in</span> <span class='ocrx_word' id='word_1_118' title='bbox 1050 1943 1253 2022; x_wconf 85' lang='lat' dir='ltr'>materiem</span> <span class='ocrx_word' id='word_1_119' title='bbox 1276 1937 1437 2042; x_wconf 89' lang='lat' dir='ltr'>duram,</span> <span class='ocrx_word' id='word_1_120' title='bbox 1464 1934 1654 2049; x_wconf 86' lang='lat' dir='ltr'>granulo-</span> 
     </span>
     <span class='ocr_line' id='line_1_15' title="bbox 213 1969 1669 2165; baseline -0.004 -29"><span class='ocrx_word' id='word_1_121' title='bbox 213 1969 326 2161; x_wconf 73' lang='lat' dir='ltr'>iam,</span> <span class='ocrx_word' id='word_1_122' title='bbox 352 2053 457 2165; x_wconf 83' lang='lat' dir='ltr'>quast</span> <span class='ocrx_word' id='word_1_123' title='bbox 481 2080 702 2138; x_wconf 81' lang='lat' dir='ltr'>cretaceam</span> <span class='ocrx_word' id='word_1_124' title='bbox 727 2055 923 2139; x_wconf 77' lang='lat' dir='ltr'>conversas</span> <span class='ocrx_word' id='word_1_125' title='bbox 934 2118 947 2158; x_wconf 91' lang='lat'><em>,</em></span> <span class='ocrx_word' id='word_1_126' title='bbox 966 2081 1082 2162; x_wconf 89' lang='lat' dir='ltr'>quam</span> <span class='ocrx_word' id='word_1_127' title='bbox 1106 2049 1173 2135; x_wconf 90' lang='lat' dir='ltr'>vel</span> <span class='ocrx_word' id='word_1_128' title='bbox 1193 2053 1207 2134; x_wconf 94' lang='lat' dir='ltr'>i</span> <span class='ocrx_word' id='word_1_129' title='bbox 1235 2049 1273 2130; x_wconf 88' lang='lat' dir='ltr'>sa</span> <span class='ocrx_word' id='word_1_130' title='bbox 1294 2049 1519 2163; x_wconf 89' lang='lat' dir='ltr'>suppuratio</span> <span class='ocrx_word' id='word_1_131' title='bbox 1538 2046 1669 2132; x_wconf 63' lang='lat' dir='ltr'>absus&#39;</span> 
     </span>
     <span class='ocr_line' id='line_1_16' title="bbox 214 2081 1654 2279; baseline -0.001 -33"><span class='ocrx_word' id='word_1_132' title='bbox 214 2189 327 2250; x_wconf 89' lang='lat' dir='ltr'>mere</span> <span class='ocrx_word' id='word_1_133' title='bbox 348 2195 430 2250; x_wconf 92' lang='lat' dir='ltr'>non</span> <span class='ocrx_word' id='word_1_134' title='bbox 447 2169 599 2278; x_wconf 88' lang='lat' dir='ltr'>potest,</span> <span class='ocrx_word' id='word_1_135' title='bbox 647 2169 703 2249; x_wconf 89' lang='lat' dir='ltr'>ost</span> <span class='ocrx_word' id='word_1_136' title='bbox 721 2165 868 2279; x_wconf 84' lang='lat' dir='ltr'>longos</span> <span class='ocrx_word' id='word_1_137' title='bbox 887 2164 1005 2250; x_wconf 86' lang='lat' dir='ltr'>febris</span> <span class='ocrx_word' id='word_1_138' title='bbox 1026 2167 1186 2248; x_wconf 68' lang='lat' dir='ltr'>heslicae</span> <span class='ocrx_word' id='word_1_139' title='bbox 1201 2081 1410 2275; x_wconf 75' lang='lat' dir='ltr'>linguores</span> <span class='ocrx_word' id='word_1_140' title='bbox 1424 2161 1539 2244; x_wconf 89' lang='lat' dir='ltr'>miser</span> <span class='ocrx_word' id='word_1_141' title='bbox 1554 2189 1654 2274; x_wconf 81' lang='lat' dir='ltr'>ager</span> 
     </span>
     <span class='ocr_line' id='line_1_17' title="bbox 211 2197 1652 2392; baseline -0.003 -31"><span class='ocrx_word' id='word_1_142' title='bbox 211 2279 307 2362; x_wconf 76' lang='lat' dir='ltr'>ansb</span> <span class='ocrx_word' id='word_1_143' title='bbox 327 2278 433 2364; x_wconf 93' lang='lat' dir='ltr'>diem</span> <span class='ocrx_word' id='word_1_144' title='bbox 455 2275 542 2363; x_wconf 86' lang='lat' dir='ltr'>fatis</span> <span class='ocrx_word' id='word_1_145' title='bbox 564 2197 671 2389; x_wconf 77' lang='lat' dir='ltr'>cedit</span> <span class='ocrx_word' id='word_1_146' title='bbox 689 2311 701 2380; x_wconf 90' lang='lat'>;</span> <span class='ocrx_word' id='word_1_147' title='bbox 726 2276 792 2365; x_wconf 87' lang='lat' dir='ltr'>vel</span> <span class='ocrx_word' id='word_1_148' title='bbox 808 2276 967 2392; x_wconf 84' lang='lat' dir='ltr'>longius</span> <span class='ocrx_word' id='word_1_149' title='bbox 988 2277 1112 2360; x_wconf 90' lang='lat' dir='ltr'>satum</span> <span class='ocrx_word' id='word_1_150' title='bbox 1138 2278 1223 2390; x_wconf 89' lang='lat' dir='ltr'>post</span> <span class='ocrx_word' id='word_1_151' title='bbox 1242 2273 1452 2386; x_wconf 78' lang='lat' dir='ltr'>languores</span> <span class='ocrx_word' id='word_1_152' title='bbox 1468 2273 1652 2385; x_wconf 81' lang='lat' dir='ltr'>peffimos</span> 
     </span>
     <span class='ocr_line' id='line_1_18' title="bbox 211 2385 1664 2504; baseline -0.004 -30"><span class='ocrx_word' id='word_1_153' title='bbox 211 2419 290 2474; x_wconf 90' lang='lat' dir='ltr'>eos</span> <span class='ocrx_word' id='word_1_154' title='bbox 321 2417 454 2474; x_wconf 89' lang='lat' dir='ltr'>manet</span> <span class='ocrx_word' id='word_1_155' title='bbox 482 2389 644 2498; x_wconf 87' lang='lat' dir='ltr'>quibus,</span> <span class='ocrx_word' id='word_1_156' title='bbox 671 2391 849 2504; x_wconf 74' lang='lat' dir='ltr'>deposito</span> <span class='ocrx_word' id='word_1_157' title='bbox 874 2395 916 2502; x_wconf 79' lang='lat' dir='ltr'>in</span> <span class='ocrx_word' id='word_1_158' title='bbox 969 2385 1146 2472; x_wconf 86' lang='lat' dir='ltr'>landulas</span> <span class='ocrx_word' id='word_1_159' title='bbox 1179 2387 1405 2471; x_wconf 87' lang='lat' dir='ltr'>mesaraicas</span> <span class='ocrx_word' id='word_1_160' title='bbox 1433 2412 1664 2494; x_wconf 88' lang='lat' dir='ltr'>eorumque·</span> 
     </span>
     <span class='ocr_line' id='line_1_19' title="bbox 210 2421 1703 2607; baseline -0.005 -22"><span class='ocrx_word' id='word_1_161' title='bbox 210 2504 406 2585; x_wconf 87' lang='lat' dir='ltr'>viciniam</span> <span class='ocrx_word' id='word_1_162' title='bbox 426 2529 610 2606; x_wconf 89' lang='lat' dir='ltr'>veneno,</span> <span class='ocrx_word' id='word_1_163' title='bbox 639 2501 885 2584; x_wconf 89' lang='lat' dir='ltr'>obstruunmr</span> <span class='ocrx_word' id='word_1_164' title='bbox 909 2421 1014 2606; x_wconf 73' lang='lat' dir='ltr'>ilia,</span> <span class='ocrx_word' id='word_1_165' title='bbox 1041 2500 1297 2601; x_wconf 89' lang='lat' dir='ltr'>indurantur,</span> <span class='ocrx_word' id='word_1_166' title='bbox 1320 2500 1441 2607; x_wconf 87' lang='lat' dir='ltr'>fitque</span> <span class='ocrx_word' id='word_1_167' title='bbox 1466 2493 1514 2580; x_wconf 88' lang='lat' dir='ltr'>ab</span> <span class='ocrx_word' id='word_1_168' title='bbox 1537 2499 1654 2579; x_wconf 89' lang='lat' dir='ltr'>inter·</span> <span class='ocrx_word' id='word_1_169' title='bbox 1699 2533 1703 2542; x_wconf 89' lang='lat'><strong>·</strong></span> 
     </span>
     <span class='ocr_line' id='line_1_20' title="bbox 212 2605 1652 2727; baseline -0.004 -29"><span class='ocrx_word' id='word_1_170' title='bbox 212 2638 340 2727; x_wconf 89' lang='lat' dir='ltr'>cepto</span> <span class='ocrx_word' id='word_1_171' title='bbox 367 2615 571 2720; x_wconf 89' lang='lat' dir='ltr'>circuitu‚.</span> <span class='ocrx_word' id='word_1_172' title='bbox 590 2640 657 2698; x_wconf 89' lang='lat' dir='ltr'>aut</span> <span class='ocrx_word' id='word_1_173' title='bbox 687 2612 841 2697; x_wconf 86' lang='lat' dir='ltr'>lethalis</span> <span class='ocrx_word' id='word_1_174' title='bbox 869 2613 1085 2716; x_wconf 76' lang='lat' dir='ltr'>diarrhaea,</span> <span class='ocrx_word' id='word_1_175' title='bbox 1119 2638 1185 2694; x_wconf 90' lang='lat' dir='ltr'>aut</span> <span class='ocrx_word' id='word_1_176' title='bbox 1219 2607 1392 2722; x_wconf 88' lang='lat' dir='ltr'>hydrops</span> <span class='ocrx_word' id='word_1_177' title='bbox 1418 2605 1652 2692; x_wconf 87' lang='lat' dir='ltr'>insanabilis.</span> 
     </span>
     <span class='ocr_line' id='line_1_21' title="bbox 209 2720 1654 2840; baseline -0.008 -27"><span class='ocrx_word' id='word_1_178' title='bbox 209 2727 369 2813; x_wconf 76' lang='lat' dir='ltr'>Verum</span> <span class='ocrx_word' id='word_1_179' title='bbox 395 2726 530 2840; x_wconf 78' lang='lat' dir='ltr'>sapius</span> <span class='ocrx_word' id='word_1_180' title='bbox 557 2726 637 2840; x_wconf 86' lang='lat' dir='ltr'>ipsa</span> <span class='ocrx_word' id='word_1_181' title='bbox 665 2751 753 2810; x_wconf 86' lang='lat' dir='ltr'>aetas</span> <span class='ocrx_word' id='word_1_182' title='bbox 777 2727 871 2816; x_wconf 85' lang='lat' dir='ltr'>huic</span> <span class='ocrx_word' id='word_1_183' title='bbox 899 2722 1007 2807; x_wconf 90' lang='lat' dir='ltr'>malo</span> <span class='ocrx_word' id='word_1_184' title='bbox 1033 2721 1118 2806; x_wconf 91' lang='lat' dir='ltr'>sola</span> <span class='ocrx_word' id='word_1_185' title='bbox 1144 2723 1381 2806; x_wconf 79' lang='lat' dir='ltr'>medicinam</span> <span class='ocrx_word' id='word_1_186' title='bbox 1409 2720 1518 2804; x_wconf 89' lang='lat' dir='ltr'>fecit.</span> <span class='ocrx_word' id='word_1_187' title='bbox 1545 2722 1654 2803; x_wconf 89' lang='lat' dir='ltr'>Nam</span> 
     </span>
     <span class='ocr_line' id='line_1_22' title="bbox 210 2833 1654 2955; baseline -0.002 -34"><span class='ocrx_word' id='word_1_188' title='bbox 210 2836 348 2955; x_wconf 86' lang='lat' dir='ltr'>plures</span> <span class='ocrx_word' id='word_1_189' title='bbox 376 2839 545 2953; x_wconf 87' lang='lat' dir='ltr'>reperire</span> <span class='ocrx_word' id='word_1_190' title='bbox 578 2841 630 2922; x_wconf 89' lang='lat' dir='ltr'>est</span> <span class='ocrx_word' id='word_1_191' title='bbox 655 2837 813 2924; x_wconf 87' lang='lat' dir='ltr'>vetulos</span> <span class='ocrx_word' id='word_1_192' title='bbox 843 2865 944 2948; x_wconf 83' lang='lat' dir='ltr'>quor</span> <span class='ocrx_word' id='word_1_193' title='bbox 969 2841 1011 2920; x_wconf 91' lang='lat' dir='ltr'>in</span> <span class='ocrx_word' id='word_1_194' title='bbox 1034 2833 1197 2919; x_wconf 76' lang='lat' dir='ltr'>infamiis</span> <span class='ocrx_word' id='word_1_195' title='bbox 1224 2837 1328 2918; x_wconf 86' lang='lat' dir='ltr'>tinea</span> <span class='ocrx_word' id='word_1_196' title='bbox 1357 2833 1555 2916; x_wconf 88' lang='lat' dir='ltr'>divexavit</span> <span class='ocrx_word' id='word_1_197' title='bbox 1567 2894 1581 2937; x_wconf 92' lang='lat'><strong><em>,</em></strong></span> <span class='ocrx_word' id='word_1_198' title='bbox 1611 2841 1654 2918; x_wconf 75' lang='lat' dir='ltr'>br</span> 
     </span>
     <span class='ocr_line' id='line_1_23' title="bbox 211 2946 1653 3062; baseline -0.003 -27"><span class='ocrx_word' id='word_1_199' title='bbox 211 2948 374 3035; x_wconf 90' lang='lat' dir='ltr'>nullum</span> <span class='ocrx_word' id='word_1_200' title='bbox 396 2980 569 3062; x_wconf 86' lang='lat' dir='ltr'>unquam</span> <span class='ocrx_word' id='word_1_201' title='bbox 596 2949 811 3036; x_wconf 84' lang='lat' dir='ltr'>inclinante</span> <span class='ocrx_word' id='word_1_202' title='bbox 834 2975 944 3034; x_wconf 83' lang='lat' dir='ltr'>aetate</span> <span class='ocrx_word' id='word_1_203' title='bbox 966 2949 1163 3035; x_wconf 85' lang='lat' dir='ltr'>tineosum</span> <span class='ocrx_word' id='word_1_204' title='bbox 1185 2946 1322 3032; x_wconf 85' lang='lat' dir='ltr'>vidisse</span> <span class='ocrx_word' id='word_1_205' title='bbox 1348 2947 1445 3028; x_wconf 89' lang='lat' dir='ltr'>mihi</span> <span class='ocrx_word' id='word_1_206' title='bbox 1470 2947 1653 3058; x_wconf 76' lang='lat' dir='ltr'>contigit.</span> 
     </span>
     <span class='ocr_line' id='line_1_24' title="bbox 275 3054 1654 3178; baseline -0.004 -30"><span class='ocrx_word' id='word_1_207' title='bbox 275 3067 331 3148; x_wconf 89' lang='lat' dir='ltr'>At</span> <span class='ocrx_word' id='word_1_208' title='bbox 350 3061 544 3178; x_wconf 90' lang='lat' dir='ltr'>suscipere</span> <span class='ocrx_word' id='word_1_209' title='bbox 565 3063 678 3169; x_wconf 88' lang='lat' dir='ltr'>hujus</span> <span class='ocrx_word' id='word_1_210' title='bbox 701 3064 795 3148; x_wconf 88' lang='lat' dir='ltr'>mali</span> <span class='ocrx_word' id='word_1_211' title='bbox 815 3093 949 3148; x_wconf 89' lang='lat' dir='ltr'>curam</span> <span class='ocrx_word' id='word_1_212' title='bbox 970 3066 1012 3145; x_wconf 89' lang='lat' dir='ltr'>in</span> <span class='ocrx_word' id='word_1_213' title='bbox 1036 3063 1297 3174; x_wconf 85' lang='lat' dir='ltr'>immorigeris</span> <span class='ocrx_word' id='word_1_214' title='bbox 1324 3054 1562 3163; x_wconf 88' lang='lat' dir='ltr'>infantibus,</span> <span class='ocrx_word' id='word_1_215' title='bbox 1587 3083 1654 3142; x_wconf 91' lang='lat' dir='ltr'>aut</span> 
     </span>
     <span class='ocr_line' id='line_1_25' title="bbox 211 3167 1653 3291; baseline -0.003 -31"><span class='ocrx_word' id='word_1_216' title='bbox 211 3182 257 3260; x_wconf 91' lang='lat' dir='ltr'>in</span> <span class='ocrx_word' id='word_1_217' title='bbox 284 3206 357 3291; x_wconf 83' lang='lat' dir='ltr'>pau</span> <span class='ocrx_word' id='word_1_218' title='bbox 388 3180 525 3262; x_wconf 87' lang='lat' dir='ltr'>erioris</span> <span class='ocrx_word' id='word_1_219' title='bbox 549 3176 662 3262; x_wconf 89' lang='lat' dir='ltr'>sortis</span> <span class='ocrx_word' id='word_1_220' title='bbox 685 3175 912 3260; x_wconf 90' lang='lat' dir='ltr'>hominibus</span> <span class='ocrx_word' id='word_1_221' title='bbox 937 3169 1102 3258; x_wconf 91' lang='lat' dir='ltr'>arduum</span> <span class='ocrx_word' id='word_1_222' title='bbox 1126 3176 1179 3257; x_wconf 89' lang='lat' dir='ltr'>esl</span> <span class='ocrx_word' id='word_1_223' title='bbox 1202 3182 1243 3258; x_wconf 78' lang='lat' dir='ltr'>bc</span> <span class='ocrx_word' id='word_1_224' title='bbox 1266 3174 1320 3256; x_wconf 85' lang='lat' dir='ltr'>ita</span> <span class='ocrx_word' id='word_1_225' title='bbox 1343 3167 1508 3256; x_wconf 88' lang='lat' dir='ltr'>difficile</span> <span class='ocrx_word' id='word_1_226' title='bbox 1532 3199 1653 3284; x_wconf 87' lang='lat' dir='ltr'>opus,</span> 
     </span>
     <span class='ocr_line' id='line_1_26' title="bbox 209 3281 1758 3402; baseline -0.005 -29"><span class='ocrx_word' id='word_1_227' title='bbox 209 3313 264 3373; x_wconf 85' lang='lat' dir='ltr'>ut</span> <span class='ocrx_word' id='word_1_228' title='bbox 282 3297 324 3373; x_wconf 77' lang='grc' dir='ltr'>δι</span> <span class='ocrx_word' id='word_1_229' title='bbox 379 3289 476 3374; x_wconf 91' lang='lat' dir='ltr'>uido</span> <span class='ocrx_word' id='word_1_230' title='bbox 496 3289 546 3374; x_wconf 92' lang='lat' dir='ltr'>de</span> <span class='ocrx_word' id='word_1_231' title='bbox 559 3289 775 3395; x_wconf 87' lang='lat' dir='ltr'>Cauliaco,</span> <span class='ocrx_word' id='word_1_232' title='bbox 797 3289 1002 3374; x_wconf 82' lang='lat' dir='ltr'>&amp;Paratus</span> <span class='ocrx_word' id='word_1_233' title='bbox 1018 3281 1319 3402; x_wconf 90' lang='lat' dir='ltr'>ipseconsdium</span> <span class='ocrx_word' id='word_1_234' title='bbox 1336 3281 1429 3367; x_wconf 89' lang='lat' dir='ltr'>dent</span> <span class='ocrx_word' id='word_1_235' title='bbox 1447 3281 1654 3396; x_wconf 84' lang='lat' dir='ltr'>Chirurgis</span> <span class='ocrx_word' id='word_1_236' title='bbox 1754 3367 1758 3374; x_wconf 83' lang='grc'><em>,</em></span> 
     </span>
     <span class='ocr_line' id='line_1_27' title="bbox 213 3395 1654 3518; baseline -0.005 -33"><span class='ocrx_word' id='word_1_237' title='bbox 213 3400 395 3486; x_wconf 84' lang='lat' dir='ltr'>ncillam</span> <span class='ocrx_word' id='word_1_238' title='bbox 410 3404 452 3486; x_wconf 93' lang='lat' dir='ltr'>in</span> <span class='ocrx_word' id='word_1_239' title='bbox 466 3402 506 3486; x_wconf 90' lang='lat' dir='ltr'>se</span> <span class='ocrx_word' id='word_1_240' title='bbox 516 3402 737 3518; x_wconf 90' lang='lat' dir='ltr'>suscipiant.</span> <span class='ocrx_word' id='word_1_241' title='bbox 749 3399 1090 3512; x_wconf 74' lang='lat' dir='ltr'>Quodquousqub</span> <span class='ocrx_word' id='word_1_242' title='bbox 1103 3428 1172 3514; x_wconf 86' lang='lat' dir='ltr'>per</span> <span class='ocrx_word' id='word_1_243' title='bbox 1183 3401 1355 3482; x_wconf 88' lang='lat' dir='ltr'>ethicam</span> <span class='ocrx_word' id='word_1_244' title='bbox 1369 3395 1503 3498; x_wconf 90' lang='lat' dir='ltr'>liceat,</span> <span class='ocrx_word' id='word_1_245' title='bbox 1511 3396 1654 3480; x_wconf 88' lang='lat' dir='ltr'>viderit</span> 
     </span>
     <span class='ocr_line' id='line_1_28' title="bbox 212 3505 1654 3704; baseline -0.003 -108"><span class='ocrx_word' id='word_1_246' title='bbox 212 3514 393 3626; x_wconf 86' lang='lat' dir='ltr'>quisquis</span> <span class='ocrx_word' id='word_1_247' title='bbox 415 3543 591 3601; x_wconf 89' lang='lat' dir='ltr'>amorem</span> <span class='ocrx_word' id='word_1_248' title='bbox 613 3513 786 3632; x_wconf 73' lang='lat' dir='ltr'>proximi</span> <span class='ocrx_word' id='word_1_249' title='bbox 803 3544 875 3627; x_wconf 93' lang='lat' dir='ltr'>pro</span> <span class='ocrx_word' id='word_1_250' title='bbox 893 3513 1018 3600; x_wconf 89' lang='lat' dir='ltr'>altero</span> <span class='ocrx_word' id='word_1_251' title='bbox 1034 3513 1176 3596; x_wconf 83' lang='lat' dir='ltr'>Christi</span> <span class='ocrx_word' id='word_1_252' title='bbox 1193 3508 1390 3704; x_wconf 73' lang='lat' dir='ltr'>precepto</span> <span class='ocrx_word' id='word_1_253' title='bbox 1414 3505 1528 3593; x_wconf 91' lang='lat' dir='ltr'>colit.</span> <span class='ocrx_word' id='word_1_254' title='bbox 1553 3508 1654 3592; x_wconf 92' lang='lat' dir='ltr'>Non</span> 
     </span>
     <span class='ocr_line' id='line_1_29' title="bbox 213 3617 1656 3732; baseline -0.006 -22"><span class='ocrx_word' id='word_1_255' title='bbox 213 3627 350 3711; x_wconf 77' lang='lat' dir='ltr'>minus</span> <span class='ocrx_word' id='word_1_256' title='bbox 373 3653 505 3712; x_wconf 83' lang='lat' dir='ltr'>tamen</span> <span class='ocrx_word' id='word_1_257' title='bbox 524 3657 573 3712; x_wconf 86' lang='lat' dir='ltr'>ex</span> <span class='ocrx_word' id='word_1_258' title='bbox 597 3655 678 3714; x_wconf 88' lang='lat' dir='ltr'>arte</span> <span class='ocrx_word' id='word_1_259' title='bbox 696 3631 750 3712; x_wconf 87' lang='lat' dir='ltr'>est</span> <span class='ocrx_word' id='word_1_260' title='bbox 768 3624 849 3732; x_wconf 85' lang='lat' dir='ltr'>ejus</span> <span class='ocrx_word' id='word_1_261' title='bbox 869 3630 1114 3711; x_wconf 88' lang='lat' dir='ltr'>curationem</span> <span class='ocrx_word' id='word_1_262' title='bbox 1133 3621 1194 3708; x_wconf 90' lang='lat' dir='ltr'>fus</span> <span class='ocrx_word' id='word_1_263' title='bbox 1236 3622 1396 3731; x_wconf 87' lang='lat' dir='ltr'>exsequi</span> <span class='ocrx_word' id='word_1_264' title='bbox 1416 3650 1535 3731; x_wconf 90' lang='lat' dir='ltr'>quam</span> <span class='ocrx_word' id='word_1_265' title='bbox 1555 3617 1656 3702; x_wconf 83' lang='lat' dir='ltr'>diffi-</span> 
     </span>
     <span class='ocr_line' id='line_1_30' title="bbox 215 3728 1657 3850; baseline -0.006 -27"><span class='ocrx_word' id='word_1_266' title='bbox 215 3737 341 3823; x_wconf 80' lang='lat' dir='ltr'>cilem</span> <span class='ocrx_word' id='word_1_267' title='bbox 366 3739 443 3824; x_wconf 81' lang='lat' dir='ltr'>else</span> <span class='ocrx_word' id='word_1_268' title='bbox 466 3739 606 3824; x_wconf 90' lang='lat' dir='ltr'>sentiet</span> <span class='ocrx_word' id='word_1_269' title='bbox 630 3741 757 3850; x_wconf 92' lang='lat' dir='ltr'>quivis</span> <span class='ocrx_word' id='word_1_270' title='bbox 779 3741 848 3849; x_wconf 91' lang='lat' dir='ltr'>qui</span> <span class='ocrx_word' id='word_1_271' title='bbox 879 3741 969 3822; x_wconf 86' lang='lat' dir='ltr'>artis</span> <span class='ocrx_word' id='word_1_272' title='bbox 996 3765 1077 3820; x_wconf 89' lang='lat' dir='ltr'>non</span> <span class='ocrx_word' id='word_1_273' title='bbox 1109 3739 1264 3848; x_wconf 84' lang='lat' dir='ltr'>ignarus</span> <span class='ocrx_word' id='word_1_274' title='bbox 1275 3796 1288 3841; x_wconf 90' lang='lat'>,</span> <span class='ocrx_word' id='word_1_275' title='bbox 1314 3731 1563 3848; x_wconf 88' lang='lat' dir='ltr'>perpenderit</span> <span class='ocrx_word' id='word_1_276' title='bbox 1581 3728 1657 3815; x_wconf 88' lang='lat' dir='ltr'>srbi</span> 
     </span>
     <span class='ocr_line' id='line_1_31' title="bbox 215 3842 1657 3958; baseline -0.004 -24"><span class='ocrx_word' id='word_1_277' title='bbox 215 3881 316 3934; x_wconf 92' lang='lat' dir='ltr'>curn</span> <span class='ocrx_word' id='word_1_278' title='bbox 334 3855 449 3936; x_wconf 91' lang='lat' dir='ltr'>inerti</span> <span class='ocrx_word' id='word_1_279' title='bbox 469 3849 628 3935; x_wconf 71' lang='lat' dir='ltr'>materis</span> <span class='ocrx_word' id='word_1_280' title='bbox 648 3860 690 3934; x_wconf 68' lang='grc' dir='ltr'>ὅ(</span> <span class='ocrx_word' id='word_1_281' title='bbox 710 3849 732 3934; x_wconf 73' lang='lat' dir='ltr'>a</span> <span class='ocrx_word' id='word_1_282' title='bbox 751 3877 892 3935; x_wconf 89' lang='lat' dir='ltr'>centro</span> <span class='ocrx_word' id='word_1_283' title='bbox 914 3851 1076 3934; x_wconf 75' lang='lat' dir='ltr'>aetionis</span> <span class='ocrx_word' id='word_1_284' title='bbox 1100 3845 1224 3931; x_wconf 70' lang='lat' dir='ltr'>diffisa</span> <span class='ocrx_word' id='word_1_285' title='bbox 1247 3876 1330 3932; x_wconf 90' lang='lat' dir='ltr'>rem</span> <span class='ocrx_word' id='word_1_286' title='bbox 1353 3847 1430 3929; x_wconf 85' lang='lat' dir='ltr'>esse</span> <span class='ocrx_word' id='word_1_287' title='bbox 1449 3842 1657 3958; x_wconf 84' lang='lat' dir='ltr'>agendam.</span> 
     </span>
     <span class='ocr_line' id='line_1_32' title="bbox 213 3953 1657 4078; baseline -0.009 -31"><span class='ocrx_word' id='word_1_288' title='bbox 213 3963 369 4072; x_wconf 79' lang='lat' dir='ltr'>Ecqua</span> <span class='ocrx_word' id='word_1_289' title='bbox 396 3968 503 4050; x_wconf 91' lang='lat' dir='ltr'>enim</span> <span class='ocrx_word' id='word_1_290' title='bbox 528 3967 580 4048; x_wconf 89' lang='lat' dir='ltr'>est</span> <span class='ocrx_word' id='word_1_291' title='bbox 607 3964 721 4048; x_wconf 88' lang='lat' dir='ltr'>causa</span> <span class='ocrx_word' id='word_1_292' title='bbox 746 3965 859 4049; x_wconf 79' lang='lat' dir='ltr'>tinea</span> <span class='ocrx_word' id='word_1_293' title='bbox 884 3966 926 4048; x_wconf 89' lang='lat' dir='ltr'>in</span> <span class='ocrx_word' id='word_1_294' title='bbox 953 3991 1071 4074; x_wconf 90' lang='lat' dir='ltr'>quam</span> <span class='ocrx_word' id='word_1_295' title='bbox 1099 3963 1257 4078; x_wconf 83' lang='lat' dir='ltr'>nostras¹</span> <span class='ocrx_word' id='word_1_296' title='bbox 1271 3959 1532 4042; x_wconf 84' lang='lat' dir='ltr'>indicationes</span> <span class='ocrx_word' id='word_1_297' title='bbox 1562 3953 1657 4038; x_wconf 61' lang='lat' dir='ltr'>diris·</span> 
     </span>
     <span class='ocr_line' id='line_1_33' title="bbox 214 4073 1643 4191; baseline -0.006 -31"><span class='ocrx_word' id='word_1_298' title='bbox 214 4081 394 4191; x_wconf 77' lang='lat' dir='ltr'>gemus?</span> <span class='ocrx_word' id='word_1_299' title='bbox 1624 4073 1643 4109; x_wconf 74' lang='grc'>”·</span> 
     </span>
     <span class='ocr_line' id='line_1_34' title="bbox 279 4178 1657 4300; baseline -0.007 -29"><span class='ocrx_word' id='word_1_300' title='bbox 279 4190 444 4300; x_wconf 87' lang='lat' dir='ltr'>Antiqui</span> <span class='ocrx_word' id='word_1_301' title='bbox 470 4219 609 4276; x_wconf 83' lang='lat' dir='ltr'>omnes</span> <span class='ocrx_word' id='word_1_302' title='bbox 634 4186 717 4274; x_wconf 82' lang='lat' dir='ltr'>visai</span> <span class='ocrx_word' id='word_1_303' title='bbox 740 4186 822 4296; x_wconf 83' lang='lat' dir='ltr'>ejus</span> <span class='ocrx_word' id='word_1_304' title='bbox 848 4193 1058 4300; x_wconf 83' lang='lat' dir='ltr'>tenacitate</span> <span class='ocrx_word' id='word_1_305' title='bbox 1083 4217 1129 4271; x_wconf 88' lang='lat' dir='ltr'>ac</span> <span class='ocrx_word' id='word_1_306' title='bbox 1152 4178 1360 4270; x_wconf 75' lang='lat' dir='ltr'>vimlentii</span> <span class='ocrx_word' id='word_1_307' title='bbox 1382 4207 1469 4264; x_wconf 90' lang='lat' dir='ltr'>eam</span> <span class='ocrx_word' id='word_1_308' title='bbox 1497 4179 1657 4262; x_wconf 89' lang='lat' dir='ltr'>humori</span> 
     </span>
     <span class='ocr_line' id='line_1_35' title="bbox 216 4289 1658 4416; baseline -0.007 -32"><span class='ocrx_word' id='word_1_309' title='bbox 216 4300 518 4387; x_wconf 88' lang='lat' dir='ltr'>melancholico</span> <span class='ocrx_word' id='word_1_310' title='bbox 540 4329 746 4416; x_wconf 87' lang='lat' dir='ltr'>acceptam</span> <span class='ocrx_word' id='word_1_311' title='bbox 763 4303 965 4388; x_wconf 86' lang='lat' dir='ltr'>serendam</span> <span class='ocrx_word' id='word_1_312' title='bbox 982 4299 1214 4402; x_wconf 65' lang='lat' dir='ltr'>credidsre,</span> <span class='ocrx_word' id='word_1_313' title='bbox 1243 4295 1403 4378; x_wconf 89' lang='lat' dir='ltr'>humori</span> <span class='ocrx_word' id='word_1_314' title='bbox 1421 4289 1574 4378; x_wconf 86' lang='lat' dir='ltr'>scilicet</span> <span class='ocrx_word' id='word_1_315' title='bbox 1588 4291 1658 4402; x_wconf 92' lang='lat' dir='ltr'>qui</span> 
     </span>
     <span class='ocr_line' id='line_1_36' title="bbox 215 4401 1681 4528; baseline -0.008 -29"><span class='ocrx_word' id='word_1_316' title='bbox 215 4413 398 4499; x_wconf 80' lang='lat' dir='ltr'>validum</span> <span class='ocrx_word' id='word_1_317' title='bbox 417 4419 521 4502; x_wconf 85' lang='lat' dir='ltr'>virus</span> <span class='ocrx_word' id='word_1_318' title='bbox 546 4413 595 4498; x_wconf 89' lang='lat' dir='ltr'>ab</span> <span class='ocrx_word' id='word_1_319' title='bbox 622 4413 705 4528; x_wconf 71' lang='lat' dir='ltr'>ipsis</span> <span class='ocrx_word' id='word_1_320' title='bbox 729 4418 939 4498; x_wconf 88' lang='lat' dir='ltr'>tenacitate</span> <span class='ocrx_word' id='word_1_321' title='bbox 962 4432 1230 4516; x_wconf 85' lang='lat' dir='ltr'>mutuaretur,</span> <span class='ocrx_word' id='word_1_322' title='bbox 1251 4415 1294 4492; x_wconf 75' lang='lat' dir='ltr'>lit</span> <span class='ocrx_word' id='word_1_323' title='bbox 1319 4433 1439 4518; x_wconf 90' lang='lat' dir='ltr'>quern</span> <span class='ocrx_word' id='word_1_324' title='bbox 1463 4401 1681 4490; x_wconf 58' lang='lat' dir='ltr'>mobilem*</span> 
     </span>
     <span class='ocr_line' id='line_1_37' title="bbox 220 4514 1658 4642; baseline -0.006 -32"><span class='ocrx_word' id='word_1_325' title='bbox 220 4525 389 4612; x_wconf 84' lang='lat' dir='ltr'>reddere</span> <span class='ocrx_word' id='word_1_326' title='bbox 423 4525 651 4641; x_wconf 78' lang='lat' dir='ltr'>periculosa</span> <span class='ocrx_word' id='word_1_327' title='bbox 685 4525 847 4638; x_wconf 90' lang='lat' dir='ltr'>plenum</span> <span class='ocrx_word' id='word_1_328' title='bbox 880 4555 980 4642; x_wconf 90' lang='lat' dir='ltr'>opus</span> <span class='ocrx_word' id='word_1_329' title='bbox 1012 4523 1102 4610; x_wconf 87' lang='lat' dir='ltr'>aleae</span> <span class='ocrx_word' id='word_1_330' title='bbox 1135 4518 1430 4607; x_wconf 83' lang='lat' dir='ltr'>arbitrabantur.</span> <span class='ocrx_word' id='word_1_331' title='bbox 1466 4518 1519 4601; x_wconf 87' lang='lat' dir='ltr'>Et</span> <span class='ocrx_word' id='word_1_332' title='bbox 1549 4514 1658 4636; x_wconf 58' lang='lat' dir='ltr'>certi</span> 
     </span>
     <span class='ocr_line' id='line_1_38' title="bbox 216 4636 1657 4742; baseline -0.01 -19"><span class='ocrx_word' id='word_1_333' title='bbox 216 4640 412 4725; x_wconf 86' lang='lat' dir='ltr'>summam</span> <span class='ocrx_word' id='word_1_334' title='bbox 432 4639 508 4724; x_wconf 86' lang='lat' dir='ltr'>esse</span> <span class='ocrx_word' id='word_1_335' title='bbox 522 4641 969 4724; x_wconf 84' lang='lat' dir='ltr'>tenacitatembumoris</span> <span class='ocrx_word' id='word_1_336' title='bbox 984 4642 1130 4722; x_wconf 89' lang='lat' dir='ltr'>tineam</span> <span class='ocrx_word' id='word_1_337' title='bbox 1147 4636 1356 4720; x_wconf 82' lang='lat' dir='ltr'>efficientis</span> <span class='ocrx_word' id='word_1_338' title='bbox 1372 4659 1492 4716; x_wconf 91' lang='lat' dir='ltr'>nemo</span> <span class='ocrx_word' id='word_1_339' title='bbox 1513 4654 1657 4742; x_wconf 87' lang='lat' dir='ltr'>negare</span> 
     </span>
     <span class='ocr_line' id='line_1_39' title="bbox 218 4738 1659 4866; baseline -0.01 -30"><span class='ocrx_word' id='word_1_340' title='bbox 218 4756 361 4866; x_wconf 90' lang='lat' dir='ltr'>potest.</span> <span class='ocrx_word' id='word_1_341' title='bbox 387 4751 469 4836; x_wconf 90' lang='lat' dir='ltr'>Sed</span> <span class='ocrx_word' id='word_1_342' title='bbox 493 4780 576 4836; x_wconf 91' lang='lat' dir='ltr'>non</span> <span class='ocrx_word' id='word_1_343' title='bbox 602 4781 648 4838; x_wconf 86' lang='lat' dir='ltr'>ea</span> <span class='ocrx_word' id='word_1_344' title='bbox 671 4755 723 4836; x_wconf 87' lang='lat' dir='ltr'>esl</span> <span class='ocrx_word' id='word_1_345' title='bbox 747 4753 851 4863; x_wconf 85' lang='lat' dir='ltr'>quast</span> <span class='ocrx_word' id='word_1_346' title='bbox 869 4751 1036 4837; x_wconf 82' lang='lat' dir='ltr'>resmosa</span> <span class='ocrx_word' id='word_1_347' title='bbox 1057 4747 1255 4836; x_wconf 75' lang='lat' dir='ltr'>viscositas</span> <span class='ocrx_word' id='word_1_348' title='bbox 1279 4751 1364 4859; x_wconf 78' lang='lat' dir='ltr'>quat</span> <span class='ocrx_word' id='word_1_349' title='bbox 1387 4738 1659 4830; x_wconf 75' lang='lat' dir='ltr'>melancholia</span> 
     </span>
    </p>
   </div>
   <div class='ocr_carea' id='block_1_4' title="bbox 261 4907 1499 5088">
    <p class='ocr_par' dir='ltr' id='par_1_4' title="bbox 261 4907 1499 5088">
     <span class='ocr_line' id='line_1_40' title="bbox 261 4907 1499 4996; baseline 0 -22"><span class='ocrx_word' id='word_1_350' title='bbox 261 4915 322 4988; x_wconf 77' lang='lat' dir='ltr'>(a)</span> <span class='ocrx_word' id='word_1_351' title='bbox 348 4908 469 4974; x_wconf 83' lang='lat' dir='ltr'>Obsetv·</span> <span class='ocrx_word' id='word_1_352' title='bbox 485 4909 535 4974; x_wconf 82' lang='lat' dir='ltr'>lib.</span> <span class='ocrx_word' id='word_1_353' title='bbox 556 4929 586 4986; x_wconf 84' lang='lat' dir='ltr'>r,</span> <span class='ocrx_word' id='word_1_354' title='bbox 604 4907 674 4976; x_wconf 90' lang='lat' dir='ltr'>Obs.</span> <span class='ocrx_word' id='word_1_355' title='bbox 694 4933 728 4994; x_wconf 57' lang='lat'>3„</span> <span class='ocrx_word' id='word_1_356' title='bbox 743 4931 809 4996; x_wconf 82' lang='lat' dir='ltr'>pag.</span> <span class='ocrx_word' id='word_1_357' title='bbox 828 4927 873 4985; x_wconf 77' lang='lat'>15.</span> <span class='ocrx_word' id='word_1_358' title='bbox 1489 4976 1499 4995; x_wconf 89' lang='lat'><strong>.</strong></span> 
     </span>
     <span class='ocr_line' id='line_1_41' title="bbox 1331 4981 1499 5088; baseline -0.048 -16"><span class='ocrx_word' id='word_1_359' title='bbox 1331 4981 1499 5088; x_wconf 67' lang='lat' dir='ltr'>Nnnij</span> 
     </span>
    </p>
   </div>
   <div class='ocr_carea' id='block_1_5' title="bbox 0 0 2123 5908">
    <p class='ocr_par' dir='ltr' id='par_1_5' title="bbox 0 0 2123 5908">
     <span class='ocr_line' id='line_1_42' title="bbox 0 0 2123 5908; baseline 0 0"><span class='ocrx_word' id='word_1_360' title='bbox 0 0 2123 5908; x_wconf 95' lang='lat' dir='ltr'> </span> 
     </span>
    </p>
   </div>
  </div>
 </body>
</html>
