4226 5916
470 385 555 493 “4'66
921 371 1029 462 DE
1084 375 1451 466 M'O'RBIS

468 545 651 647 scatens,
685 540 752 652 qui
781 538 881 623 inter
909 544 1119 625 crustarum
1147 539 1350 628 intervalla
1378 564 1548 628 excute
1578 535 1694 626 rubri
1722 533 1916 634 scaturire

469 658 648 760 videtur,
671 653 799 736 mellis
820 655 996 768 corrupti
1016 655 1065 738 ad
1084 659 1206 739 instar.
1228 656 1344 754 Brevi
1363 681 1495 740 tamen
1515 652 1747 767 coagulatur
1763 660 1917 742 humor

469 769 541 854 ille
570 768 612 850 in
642 765 792 870 lemos,
821 763 919 847 adeb
947 791 992 848 ut
1008 768 1045 849 'fi
1073 796 1252 852 veterum
1283 770 1392 879 sequi
1420 767 1607 880 dogmata
1635 763 1805 853 velimus
1820 833 1834 874 ,
1862 798 1911 855 ea

470 906 521 968 ex
544 875 791 995 porriginosb
812 903 928 986 atque
950 877 990 960 lu
1020 880 1131 964 inosi
1156 909 1249 964 com
1279 881 1396 964 licata
1419 880 1499 963 dici
1522 879 1651 993 pollit.
1679 879 1911 998 Aliquandb

471 997 575 1082 sicco
599 993 651 1076 oli
677 999 717 1074 ὅ(
738 993 897 1104 prorsbs
922 909 1047 1098 aridi,
1074 1023 1156 1104 quae
1180 911 1276 1080 verb
1297 997 1402 1078 tinea
1426 991 1593 1076 dicenda
1618 993 1683 1100 est.

529 1104 610 1190 Sed
625 1125 718 1188 vera
735 1129 852 1214 atque
872 1106 1042 1188 maxime
1060 1110 1193 1192 animo
1213 1107 1380 1192 tenenda
1397 1106 1588 1190 distinslio
1603 1135 1687 1214 qua:
1702 1105 1752 1202 ad
1768 1133 1910 1194 omnes

472 1217 557 1305 seri
578 1213 743 1301 morbos
767 1240 957 1301 cutaneos
981 1223 1150 1332 pertinet
1169 1225 1208 1304 in
1228 1249 1279 1305 eo
1306 1219 1475 1304 consistit
1486 1281 1500 1326 ,
1522 1246 1568 1302 ut
1589 1216 1727 1302 sedulo
1750 1247 1911 1335 perpen-

475 1332 643 1437 damus,
675 1329 883 1444 pracsertim
912 1333 954 1412 in
982 1329 1145 1439 adultis,
1175 1363 1222 1416 an
1246 1363 1328 1416 non
1349 1338 1455 1417 tinea
1483 1357 1651 1416 venerea
1679 1332 1753 1437 stt,
1787 1340 1829 1416 bt
1860 1331 1908 1416 ab

473 1445 636 1560 impuris
653 1469 739 1526 orta
755 1441 1067 1527 concubitubusi
1088 1445 1185 1529 Hoc
1199 1448 1305 1530 enim
1319 1449 1360 1528 in
1373 1445 1485 1551 casu,
1504 1448 1668 1554 quinon
1681 1441 1910 1556 infrequens

476 1557 557 1641 dici
585 1559 736 1671 potest,
766 1554 1003 1670 supervacua
1033 1559 1085 1642 est
1111 1562 1239 1642 omnis
1263 1562 1488 1670 inquisitio,
1512 1584 1586 1640 nec
1617 1554 1692 1638 alia
1721 1559 1909 1642 tentanda

475 1669 638 1754 curandi
672 1669 884 1754 methodus
943 1667 1032 1754 uim
1062 1702 1145 1781 quae
1177 1669 1325 1756 morbis
1355 1671 1532 1756 venereis
1562 1671 1770 1784 competit.
1807 1669 1910 1756 Haec

476 1789 518 1866 bt
545 1781 780 1896 profundior
803 1789 845 1866 bc
869 1699 1010 1867 doiens
1033 1789 1183 1897 magis,
1206 1793 1247 1868 bt
1297 1787 1418 1868 ruritu
1444 1786 1639 1866 noeturno
1662 1783 1758 1866 saeva
1779 1790 1821 1866 iit
1843 1782 1908 1867 ab·

475 1897 652 2000 normis,
679 1893 824 1977 osseam
847 1922 1083 2009 compagem
1108 1902 1232 2010 magis
1255 1813 1392 2010 litigat
1406 1959 1419 2002 ‚
1448 1893 1639 2004 srmulque
1663 1897 1704 1977 in
1728 1899 1909 2008 graviora

474 2005 737 2120 symptomata
766 2009 798 2088 it
826 2004 876 2089 de
904 2034 997 2091 ener
1025 2043 1033 2091 :
1063 2014 1154 2092 ciam
1180 2007 1319 2094 contri
1341 2014 1452 2092 tinec
1478 2006 1610 2090 nostrat
1636 2007 1677 2090 id
1704 2011 1907 2122 proprium

475 2119 551 2224 lit,
577 2143 621 2201 ut
643 2120 781 2232 perstet
802 2035 981 2232 imbra,
1010 2149 1086 2205 nec
1113 2119 1193 2205 ulli
1211 2125 1363 2207 ratione
1382 2145 1610 2229 moveatur,
1633 2122 1753 2204 itaut
1779 2118 1909 2234 plures

476 2247 547 2344 per
569 2258 693 2312 annos
722 2259 772 2314 ne
801 2229 900 2313 lesia
929 2259 1005 2318 nec
1035 2237 1254 2348 progressus
1279 2239 1488 2350 accipere,
1519 2261 1595 2317 nec
1623 2232 1766 2316 tardari
1780 2295 1796 2341 ,
1826 2261 1907 2318 uno

475 2341 625 2448 verbo,
650 2373 732 2424 non
794 2347 908 2426 terari
932 2346 1121 2430 videatur.

534 2452 671 2539 Plures
701 2480 833 2539 umen
864 2456 953 2541 sunt
982 2461 1084 2543 inter
1112 2462 1373 2545 recentiorem
1404 2458 1550 2543 tineam
1583 2480 1702 2568 atque
1731 2483 1916 2550 veterem.

378 2645 381 2652 ,
477 2564 704 2651 differentia
738 2568 1044 2684 symptomatum
1078 2601 1172 2683 quas
1206 2574 1271 2657 hic
1302 2571 1505 2688 paululbm
1539 2595 1727 2654 annotare
1755 2573 1907 2658 necesse

477 2681 542 2763 est.
569 2680 731 2765 Recens
750 2685 854 2766 enirn
902 2687 1081 2769 auciores
1102 2710 1274 2800 occupat
1292 2711 1418 2799 partes
1430 2747 1444 2791 ,
1468 2688 1595 2767 urinhs
1612 2685 1759 2798 prurit,
1781 2687 1906 2770 minis

478 2793 585 2876 arida
599 2796 652 2876 est
662 2857 675 2899 ,
696 2797 822 2880 minus
838 2713 923 2880 olpet
938 2810 950 2898 ’ς
967 2823 1006 2881 at
1020 2799 1161 2904 crescit
1182 2797 1314 2882 eundo
1334 2797 1494 2882 malum.
1511 2797 1626 2880 Cutis
1645 2798 1772 2909 magis
1791 2823 1906 2910 atque

478 2907 603 3018 magis
625 2903 857 3018 glabrescit,
886 2906 1078 3022 glandula
1099 2911 1147 2994 ad
1167 2913 1333 3026 occiput
1351 2909 1598 3024 lymphatica
1620 2907 1904 3018 intumescunt,

478 3043 562 3100 non
575 3017 713 3101 critici
720 3081 733 3124 ,
749 3041 831 3103 non
846 3019 1094 3135 depuratoris
1103 3085 1117 3129 ,
1136 3023 1201 3108 sed
1215 3024 1316 3109 mali·
1329 3025 1717 3108 communicatione:
1737 3023 1907 3134 indique

478 3128 691 3237 aliquando
715 3139 757 3214 δι
779 3131 930 3216 collum
951 3144 993 3220 bt
1015 3135 1150 3220 axillas
1170 3138 1359 3222 invadunt
1378 3167 1390 3238 ;
1414 3135 1679 3220 intumescunt
1696 3163 1810 3222 aures
1828 3137 1906 3221 seri

480 3239 776 3354 elephantinum
789 3247 829 3327 in
840 3248 1291 3358 morem,sq'uallescunt
1306 3245 1640 3366 oculi,palpebrae
1654 3246 1905 3360 ipsarubent‚

480 3355 664 3437 inflantur
675 3417 688 3462 ,
710 3359 1042 3445 introvertuntur:
1064 3361 1212 3446 interei
1228 3362 1372 3448 fetidus
1391 3361 1494 3446 odor
1513 3389 1563 3445 ex
1579 3389 1624 3443 ca
1653 3363 1708 3445 ite
1725 3361 1909 3469 exhalat,

478 3490 632 3551 veteres
648 3473 899 3555 excutiuntur
916 3472 1009 3586 pili;
1026 3477 1093 3585 qui
1107 3475 1385 3582 succrescunt,
1401 3499 1468 3560 aut
1481 3473 1601 3558 albidi
1615 3384 1721 3580 sint,
1739 3473 1906 3582 molles,

478 3581 547 3664 vix
580 3579 742 3690 aliquod
777 3588 974 3699 capientes
1009 3592 1327 3695 incrementum,
1360 3613 1426 3671 aut
1454 3587 1648 3700 lanuginis
1682 3590 1724 3670 in
1753 3615 1910 3673 morem

479 3694 689 3776 tenuissimi
701 3701 855 3804 ‚'rari,
891 3701 1061 3785 intricati
1075 3764 1090 3809 ,
1122 3705 1189 3786 vix
1224 3700 1423 3786 calvitiem
1460 3701 1581 3814 ipsam
1617 3695 1909 3786 dissimulantes.

277 3905 287 3928 Ι
479 3803 632 3890 Intereit
659 3805 761 3892 bene
786 3807 893 3894 valet
920 3839 1048 3924 ager,
1084 3807 1314 3929 immoriger
1341 3817 1395 3898 est
1408 3875 1422 3920 ,
1457 3819 1498 3896 bt
1527 3811 1700 3922 quodam
1736 3843 1757 3894 a
1787 3817 1913 3926 petitu

391 4031 393 4036 Ι
478 3921 614 4002 voraci
634 3919 814 4004 donatur.
833 3922 983 4007 Verum
1000 3952 1045 4009 ut
1059 3925 1271 4038 plurimirm
1285 3955 1395 4012 mens
1412 3923 1628 4009 adlabores
1644 3952 1743 4041 cape
1760 3925 1912 4011 cendos

479 4032 546 4112 vix
568 4057 656 4145 apta
681 4031 850 4144 aliquam
873 4034 1153 4123 hebetudinem
1180 4042 1326 4148 refert,
1357 4048 1398 4123 bt
1425 4037 1473 4127 ad
1503 4065 1697 4151 corporea
1722 4041 1913 4124 exercitia

482 4141 624 4252 agiles,
642 4149 710 4227 vix
720 4174 853 4232 mente
863 4150 1008 4234 valent.
1020 4151 1064 4233 N
1066 4181 1120 4235 on
1134 4154 1200 4235 hic
1212 4151 1434 4236 discrimina
1448 4178 1694 4264 temporum,
1710 4177 1778 4236 aut
1793 4155 1916 4236 inter-

480 4250 584 4336 valla
595 4260 831 4343 numeranda
844 4262 943 4346 sunt.
957 4264 1101 4349 Perstat
1111 4268 1215 4349 tinea
1227 4266 1330 4376 quast
1340 4261 1577 4372 immobilis,
1593 4264 1747 4347 necnist
1758 4288 1915 4350 attento

480 4362 724 4453 observatoti
752 4377 792 4454 bt
815 4400 883 4487 per
908 4374 1029 4492 longa
1053 4404 1232 4494 tempora
1255 4379 1452 4461 historiam
1479 4373 1609 4460 morbi
1632 4378 1815 4484 rimanti,
1842 4377 1919 4462 ali·

483 4477 578 4584 quid
595 4485 689 4564 novi
713 4487 753 4565 in
773 4485 853 4600 ipsi
874 4501 1042 4604 apparet.
1070 4491 1229 4576 Etenim
1252 4492 1402 4576 sitinea
1423 4488 1492 4572 sibi
1512 4487 1775 4599 relinquatur,
1799 4519 1917 4598 atas,

481 4591 655 4718 regionis
678 4603 869 4705 mutatio,
897 4601 1019 4686 vietus
1042 4611 1198 4720 prorsbs
1221 4607 1424 4688 immutata
1446 4601 1625 4686 conditio
1649 4603 1718 4716 ipsr
1742 4604 1799 4688 ita
1818 4603 1919 4718 sup-

481 4723 604 4816 petias
631 4705 819 4818 afferunt,
847 4736 892 4796 ut
918 4719 984 4824 qui
1012 4717 1116 4800 rinei
1144 4718 1165 4801 i
1192 4713 1316 4832 primi
1342 4716 1571 4800 laborarunt
1594 4713 1756 4798 infantis
1783 4715 1919 4828 vulgis

414 4843 418 4850 ·
477 4813 530 4960 ad
552 4811 767 4930 pubertatis
789 4850 971 4940 tempus,
995 4829 1141 4916 mutati
1166 4834 1325 4946 prorsus
1350 4825 1510 4946 lymphi
1520 4887 1535 4938 ,
1555 4823 1637 4942 ipss
1659 4826 1800 4912 sensuri
1817 4827 1922 4914 libe·
