4188 5916
507 391 588 486 380
935 383 1041 478 DE
1108 392 1471 503 MORBIS

463 555 471 592 ²
561 542 714 658 ⁸v'erltm
737 599 787 659 ex
806 571 887 656 hoc
908 570 1213 686 symptomatum
1237 569 1438 657 conformi
1459 564 1634 682 aggressu
1660 562 1749 654 satis
1773 563 1937 650 evidens

508 686 562 768 esi
589 686 670 770 dari
698 690 803 770 virus
832 682 1174 798 elephantiacum,
1206 685 1270 769 sen
1301 687 1406 768 virus
1437 679 1546 792 quod
1575 677 1675 763 intra
1706 678 1935 791 sanguinem

464 827 467 839 ·
508 824 717 911 acceptum
736 801 777 880 in
798 799 921 879 cutim
948 803 989 880 dt
1016 799 1116 881 cutis
1140 799 1305 881 finitima
1324 793 1416 878 loca
1437 789 1670 906 deponatur.
1694 790 1825 900 Quod
1844 785 1935 871 indd

508 905 719 1022 probatum
743 907 976 992 crediderim
1005 907 1113 1019 quod
1139 907 1282 1022 pluries
1308 914 1350 989 bt
1376 909 1417 988 in
1439 903 1593 988 Italiam
1619 909 1663 986 dt
1689 905 1732 984 in
1762 899 1936 984 Galliam

510 1019 673 1104 morbus
693 1049 759 1104 eru
790 1023 864 1103 erit
876 1081 890 1125 ,
912 1017 1055 1136 pluries
1075 1024 1192 1104 etiam
1203 1081 1218 1126 ‚
1247 1051 1330 1105 non
1350 1018 1507 1102 favente
1533 1013 1614 1122 ejus
1641 1015 1839 1128 eruptioni
1863 1011 1935 1096 cli⁴

510 1159 638 1236 mate,
664 1050 844 1245 depulsus
868 1133 996 1217 suerit.
1030 1133 1156 1244 Quod
1181 1135 1278 1216 vero
1308 1128 1584 1243 contagiosum
1604 1128 1672 1232 stt,
1698 1152 1740 1210 ut
1763 1134 1804 1208 δι
1828 1123 1936 1239 lepra

510 1241 733 1331 Judaeorum
744 1305 759 1350 ‚
780 1243 872 1327 inde
921 1270 1000 1328 atet
1011 1307 1026 1350 ,
1050 1245 1159 1354 quod
1178 1249 1218 1328 in
1231 1244 1274 1329 id
1287 1271 1425 1328 omnes
1442 1239 1707 1325 consenserint
1731 1241 1933 1341 sudores,

508 1351 607 1439 licdt
626 1352 865 1440 observatad
929 1356 1127 1467 aymundo
1147 1361 1211 1462 (a)
1232 1356 1340 1472 lepra
1359 1359 1427 1471 ipst
1450 1354 1737 1437 communicari
1758 1351 1838 1435 visa
1858 1377 1937 1433 non

509 1469 584 1567 stt3
607 1468 715 1578 quod
740 1465 888 1552 summai
916 1466 1009 1551 curi
1032 1466 1291 1583 elephantiaci
1319 1466 1366 1550 ab
1393 1465 1561 1550 aliorum
1588 1466 1798 1546 hominum
1828 1491 1937 1547 com·

509 1583 662 1664 mercio
687 1605 923 1664 arcerentur.
958 1582 1065 1663 Nam
1094 1581 1204 1690 quod
1235 1585 1288 1666 ait
1314 1578 1380 1664 Cl.
1403 1575 1663 1690 Raymundus
1693 1574 1740 1658 ab
1772 1577 1936 1661 homine

509 1687 784 1806 elephantiaco
800 1691 909 1806 posse
931 1696 1128 1808 procreari
1141 1693 1253 1778 sanos
1268 1701 1310 1778 bt
1325 1688 1432 1774 nulli
1450 1688 1541 1774 labe
1557 1689 1724 1774 infeslos
1744 1689 1912 1772 infantes
1921 1745 1936 1792 ,

508 1802 552 1886 id
572 1833 710 1887 verum
734 1805 813 1889 esse
836 1809 993 1918 potest,
1017 1805 1044 1887 sr
1070 1804 1118 1888 ad
1143 1806 1265 1916 usque
1285 1801 1470 1920 genitalia
1493 1811 1535 1886 dt
1560 1802 1716 1886 seminis
1741 1801 1875 1885 sontes
1897 1803 1934 1881 in

509 1911 593 1998 aliis
610 1914 788 2026 corporis
805 1914 907 2000 locis
922 1916 1140 2030 depositum
1156 1922 1287 2023 virne,
1308 1946 1390 2001 non
1405 1917 1617 2030 pertigerit.
1632 1909 1821 1997 Praeterei
1843 1913 1935 1997 verb

509 2025 560 2108 de
578 2031 740 2111 venenis
759 2031 834 2112 istis
854 2027 1087 2113 lentioribus
1107 2060 1189 2114 non
1212 2031 1317 2114 idem
1336 2027 1548 2112 dicendum
1568 2028 1620 2110 est
1640 2051 1758 2136 atque
1779 2025 1831 2110 de
1849 2055 1934 2109 acu·

507 2141 580 2243 tis,
599 2167 768 2249 quorum
791 2140 1064 2246 fermentatio,
1084 2145 1176 2227 teste
1195 2141 1433 2226 variolarum
1447 2140 1651 2243 insitione,
1673 2134 1774 2220 intrl
1790 2167 1934 2252 paucos

510 2249 592 2334 dies
616 2249 841 2337 absolvitur.
863 2252 993 2338 Potest
1018 2255 1123 2338 eninr
1149 2253 1295 2366 longos
1320 2281 1397 2366 pet·
1409 2280 1532 2335 annos
1558 2253 1661 2334 iners
1687 2257 1727 2332 bt
1754 2250 1935 2335 inefficax

509 2361 552 2444 in
579 2361 736 2448 latebris
766 2363 1038 2478 glandularum
1060 2362 1179 2450 latere
1202 2369 1308 2449 virus
1358 2366 1442 2448 uod
1469 2393 1552 2446 non
1584 2359 1837 2468 excluditur,
1870 2365 1934 2446 nist

510 2477 596 2587 post
619 2473 781 2590 longam
800 2507 994 2562 annorum
1010 2478 1171 2585 seriem,
1191 2476 1261 2560 ubi
1281 2395 1435 2561 scilicet
1452 2504 1591 2559 omnes
1610 2503 1661 2559 eo
1683 2473 1932 2560 excludendo

511 2591 692 2700 corporis
722 2590 973 2684 conditiones
1004 2618 1273 2697 concurrunt,
1301 2616 1418 2700 atque
1444 2589 1727 2686 consentiunt3
1752 2615 1798 2670 ut
1823 2587 1933 2695 sunt,

510 2698 638 2784 sorma
669 2708 710 2785 bt
735 2729 870 2786 natura
896 2703 1017 2818 adipis
1041 2702 1064 2786 *a
1084 2701 1351 2816 mucilagineo
1376 2698 1539 2806 juvenili
1560 2701 1698 2784 mutati
1719 2702 1758 2782 in
1781 2701 1937 2784 rances-

510 2837 603 2894 cens
621 2813 757 2920 virile,
778 2813 978 2926 liquorum
1001 2816 1146 2900 acredo
1154 2880 1168 2921 ,
1194 2821 1277 2899 tum
1296 2816 1394 2900 verb
1443 2812 1608 2928 raecipue
1626 2810 1820 2896 causatum
1841 2841 1937 2924 pro-

509 2925 809 3010 catharticatum
829 2930 932 3011 allio
952 2931 1137 3042 repetita,
1162 2957 1325 3038 quarum
1348 2923 1395 3009 ab
1415 2929 1518 3010 entia
1539 2927 1683 3040 pariter
1702 2924 1819 3006 etiam
1838 2953 1935 3036 pro·-

509 3035 625 3118 duela
638 3097 653 3143 ‚
681 3039 950 3232 eritiqguendo
978 3065 1096 3152 atque
1150 3040 1370 3154 rofligando
1397 3066 1574 3144 veneno,
1601 3041 1642 3121 in
1667 3037 1805 3121 nostris
1829 3037 1933 3122 hisce

510 3151 612 3252 oris,
635 3172 681 3231 ut
701 3152 781 3233 ver'
801 3148 910 3234 rmile
928 3155 1002 3258 est,
1027 3071 1230 3238 conducit.

563 3256 631 3341 De
646 3263 766 3343 causis
779 3263 1192 3456 veroprootthatticis
1216 3264 1522 3380 elephantiaseos
1541 3262 1637 3349 licbt
1657 3269 1836 3350 audores
1857 3263 1932 3350 dis-

508 3365 697 3476 sentiant,
713 3371 880 3459 nulluse
927 3401 1059 3459 tamen
1072 3380 1139 3488 qui
1159 3405 1223 3461 eas
1242 3409 1324 3460 non
1340 3380 1481 3463 reserat
1494 3378 1542 3462 ad
1556 3379 1679 3463 visitis
1690 3443 1705 3486 ,
1725 3409 1932 3490 aquarum,

509 3479 753 3566 &locorum
767 3489 874 3573 vitia.
897 3487 1002 3570 Cbm
1025 3488 1290 3602 elephantians
1308 3493 1489 3604 AEgypto
1506 3489 1703 3574 videretur
1722 3489 1934 3603 inquilina,

507 3591 664 3707 plurimi
690 3593 771 3701 ejus
794 3626 924 3682 ortum
950 3599 971 3684 ὲ
990 3599 1078 3685 Nili
1097 3630 1283 3712 aquarum
1306 3631 1403 3716 potu
1427 3603 1638 3687 deduxbre.
1665 3603 1740 3686 Hae
1763 3607 1870 3689 enirn
1892 3613 1934 3688 dt

508 3705 630 3812 terrai,
652 3706 873 3817 besalibus,
897 3717 1256 3824 &inquinamentis
1277 3715 1381 3800 soetae
1404 3743 1543 3829 potum
1557 3717 1729 3829 praestant
1748 3744 1934 3828 gravem,

506 3818 719 3903 visceribus
745 3822 924 3906 infestum
936 3887 950 3929 ‚
973 3826 1203 3941 &lympha
1226 3828 1404 3912 vitiandae
1425 3827 1609 3914 habilem.
1641 3827 1790 3912 Verbm
1822 3829 1938 3913 causa

505 3933 589 4016 ltaec
612 3941 653 4017 bt
672 3929 748 4017 soli
761 3935 942 4130 AElgypto
961 3966 1235 4052 competeret,
1262 3968 1338 4026 nec
1363 3941 1544 4024 universo
1570 3941 1766 4055 AEgypt0.
1794 3941 1934 4026 Praete·

507 4043 571 4125 rei
582 4075 688 4155 aquae
703 4044 778 4128 illac
835 4045 978 4153 iliacae,
994 4050 1021 4131 st
1035 4050 1083 4132 de
1112 4079 1226 4134 uratae
1241 4061 1282 4136 dt
1300 4051 1517 4136 clarificatae
1529 4053 1671 4137 suerint
1679 4114 1693 4157 ,
1711 4053 1815 4137 adeb
1827 4053 1935 4140 leves

507 4151 619 4261 sunt,
647 4184 690 4239 ut
713 4187 846 4242 catum
871 4162 1029 4246 effeetus
1051 4081 1111 4245 ad
1123 4160 1323 4248 levitatem
1350 4164 1576 4250 referendos
1604 4165 1766 4248 miretur
1789 4165 1835 4250 P.
1857 4165 1935 4250 Al·

507 4265 618 4373 pinus
637 4269 709 4371 (b).
733 4273 866 4382 Aquas
892 4274 1062 4386 putridas
1085 4271 1274 4360 &subter
1294 4274 1436 4361 domus
1457 4280 1670 4392 stagnantes
1690 4275 1833 4388 quibus
1857 4311 1936 4394 po-

506 4375 632 4506 pellus
659 4383 780 4465 utitur
813 4386 994 4493 incusat,
1023 4386 1213 4499 sunulque
1238 4387 1347 4473 esum
1375 4383 1551 4474 cardium
1582 4389 1822 4495 crassatum,
1861 4393 1936 4506 pis-

505 4517 612 4570 ctum
636 4489 859 4602 santorum,
888 4506 930 4582 bt
955 4499 1057 4585 casei
1073 4503 1228 4588 veteris.
1253 4504 1310 4586 At
1332 4507 1423 4586 clrm
1444 4506 1666 4588 recentiora
1686 4501 1937 4616 elephantia-

502 4597 590 4682 seos
604 4605 760 4717 vestigia
776 4605 985 4721 morbique
998 4615 1066 4728 ipsr
1082 4611 1238 4729 analogi
1252 4618 1293 4702 in
1307 4617 1355 4706 iis
1373 4619 1611 4730 reperiantur
1630 4614 1734 4704 loeis
1752 4619 1821 4729 qui
1845 4631 1939 4706 alite

542 4764 598 4834 (a)
621 4760 783 4842 Raymond.
806 4767 902 4830 Trana
916 4771 950 4832 de
969 4771 1086 4853 l'Eldph.

538 4847 592 4926 (b)
615 4845 645 4908 P.
661 4847 754 4930 Alpin.
772 4853 805 4914 de
823 4856 959 4922 Medicinl
975 4857 1088 4945 Egypt.
1108 4863 1155 4930 lib.
1172 4883 1201 4938 t,
1219 4881 1278 4946 tap.
1296 4884 1339 4928 ta.
