4186 5908
485 432 562 510 180
914 423 1023 513 DE
1094 421 1457 513 MORBI'S
1544 441 1551 465 ‘

481 587 523 668 in
545 584 769 676 ruberrimis
795 587 872 673 illis
898 585 1187 704 erysipelatihus
1215 588 1404 675 tuberofis
1416 649 1431 695 ,
1460 589 1501 670 in
1526 579 1772 702 suprapositis
1798 581 1918 670 tube-

481 699 589 783 ribus
614 701 720 786 aliud
743 703 921 817 inspicias
947 728 1080 816 ptaetet
1101 700 1304 817 lympham
1327 728 1517 806 tenuem,
1542 698 1609 808 seu
1632 701 1764 815 potiias
1786 698 1918 784 serum

483 840 573 896 acre
585 816 879 899 extravasatum.
895 814 1005 898 Hinc
1016 814 1124 899 nulla
1140 815 1214 899 alia
1231 815 1343 900 causa
1356 817 1507 898 tantltm
1520 810 1791 926 erysipelatum
1807 815 1918 896 inve

476 927 543 1008 .hit
585 955 693 1010 taeter
713 930 1033 1041 perspirationem
1046 956 1177 1013 acrem
1197 933 1237 1011 in
1259 927 1360 1012 mali
1376 936 1417 1011 ὃ(
1434 924 1614 1042 perversal
1629 928 1815 1032 coslione
1828 924 1918 1040 sup-

482 957 674 1152 pressam,
705 1048 747 1123 &
773 1038 926 1123 nullum
952 1039 1058 1124 aliud
1083 1040 1277 1124 malorum
1302 1070 1424 1155 genus
1449 1038 1550 1122 adeo
1578 1037 1698 1123 facile
1721 1042 1914 1152 contagio

484 1155 757 1258 contrahitur,
789 1158 882 1238 ciun
900 1181 1026 1268 partes
1050 1152 1245 1238 leviffimae
1273 1151 1461 1237 facillime
1494 1151 1738 1256 inhalentur,
1769 1181 1843 1236 nec
1864 1148 1914 1234 ab

478 1261 565 1376 ipsit
593 1264 774 1378 primarii
795 1266 1027 1350 morborum
1048 1266 1412 1382 erysipelatosorum
1433 1263 1523 1347 sede
1548 1264 1748 1366 difficilius
1770 1263 1915 1348 intelli-

482 1380 587 1490 gitur
613 1405 733 1486 quare
757 1380 858 1464 adeo
884 1377 1023 1464 leviter
1047 1375 1278 1494 erumpant,
1303 1380 1403 1465 adeo
1427 1375 1545 1488 facile
1567 1376 1808 1490 delitescant.

442 1585 445 1592 ¹
478 1542 481 1556 ·
537 1487 676 1575 Febris
696 1491 997 1607 erysipelatodes
1007 1555 1021 1598 ,
1038 1492 1104 1578 vel
1126 1479 1349 1580 universim
1366 1521 1511 1604 corpus
1535 1491 1658 1574 afficit
1669 1553 1684 1597 ,
1706 1487 1773 1573 vel
1787 1497 1915 1601 par'tes

477 1605 760 1688 tarrtummodb
792 1603 975 1716 quasdam
1008 1639 1017 1688 ε
1055 1609 1138 1690 haec
1176 1607 1394 1721 gravissima
1409 1667 1414 1678 .
1431 1605 1513 1709 est,
1554 1601 1623 1688 illa
1650 1602 1838 1688 levissnna
1872 1611 1915 1688 dt

479 1719 730 1828 eruptionem
755 1720 992 1802 mitissimam
1018 1720 1147 1804 insert.
1420 1751 1421 1756 ‘
1901 1783 1905 1792 ·

537 1828 773 1915 Universalis
794 1840 920 1918 rursus
942 1833 1064 1946 gradu
1086 1830 1239 1936 differt,
1268 1855 1313 1914 ut
1339 1837 1382 1914 bt
1406 1829 1538 1915 causi.
1570 1825 1771 1912 Omnibus
1798 1829 1915 1940 erysi-

478 1937 673 2053 pelatibus
704 1947 852 2026 criticis
887 1975 984 2028 mox
1017 1972 1084 2029 eru
1150 1947 1210 2028 ‘ris
1246 1973 1461 2029 commune
1492 1947 1544 2029 est
1576 1969 1618 2026 ut
1652 1940 1913 2053 symptomata
1966 2035 1970 2043 ¹

477 2055 686 2138 concitent
707 2057 924 2168 gravisstma
936 2119 951 2164 ,
977 2060 1018 2141 in
1039 1970 1251 2142 insidebas
1274 2051 1577 2161 convulsiones,
1605 2059 1647 2139 in
1665 2052 1807 2139 adultis
1828 2051 1910 2162 jac·

477 2167 670 2273 tationes,
692 2171 926 2276 anxietates,
946 2173 987 2253 in
1000 2168 1171 2280 utrisque
1186 2168 1485 2276 suffocationes,
1509 2166 1699 2253 vomendi
1714 2194 1906 2276 conatus,

478 2275 547 2360 sed
569 2280 762 2394 precipue
787 2282 903 2366 tusses
926 2284 1162 2388 acerrimas,
1192 2281 1249 2364 nil
1278 2281 1522 2395 exspuentes·
1560 2277 1748 2364 Praeterea
1776 2279 1908 2394 sapius

392 2481 398 2494 ,
478 2392 712 2504 pharyngis,
735 2419 852 2504 atque
872 2394 1041 2508 laryngis
1057 2394 1260 2509 phlogofis
1275 2397 1383 2478 arida
1399 2405 1441 2479 bt
1456 2395 1559 2504 quast
1574 2391 1716 2506 ligneis
1738 2390 1911 2505 partibus

479 2501 696 2587 immobilis
723 2505 1027 2620 erystpelatieru
1055 2535 1145 2592 turo
1170 2506 1358 2623 praeludit.
1387 2507 1485 2591 Nox
1501 2504 1704 2590 insommis
1728 2509 1802 2612 est,
1826 2535 1909 2590 vox

478 2643 621 2723 rauca,
644 2617 756 2701 oculi
775 2646 928 2726 truces,
951 2539 1070 2727 aridi,
1094 2618 1404 2731 illacrymantes,
1428 2623 1546 2702 utinae
1560 2645 1734 2728 urentes,
1752 2649 1909 2730 pauca,

477 2731 644 2836 tenues,
676 2729 785 2816 alvus
818 2760 884 2817 aut
913 2731 1164 2840 clausa,aut
1193 2731 1358 2844 scybalis
1389 2731 1570 2816 tenuibus
1596 2735 1664 2815 vix
1689 2732 1907 2832 vacuanda.

478 2841 586 2924 Nam
603 2844 631 2926 st
649 2845 852 2929 accesserit
873 2846 1067 2930 diarrhoea
1079 2843 1351 2950 tenesnrodes‚
1370 2848 1437 2928 vix
1457 2848 1612 2960 eruptio
1628 2845 1652 2926 s
1670 2843 1810 2926 eranda
1829 2846 1907 2950 est,

477 2959 520 3034 bt
537 2953 605 3034 illa
624 2983 690 3038 aut
711 2955 881 3067 partialis
903 2962 1001 3063 erit,
1024 2983 1102 3039 nec
1126 2957 1214 3041 satis
1236 2961 1396 3063 critica,
1424 2956 1490 3042 vel
1514 2961 1555 3041 in
1578 2875 1723 3039 mallim
1741 2953 1908 3044 abitura.

477 3063 645 3180 Quippe
663 3065 732 3148 ubi
759 3099 810 3150 co
839 3068 921 3152 iosa
943 3066 1057 3151 simul
1080 3072 1235 3182 eruptio
1255 3096 1373 3178 atque
1389 3073 1561 3154 enormis
1586 3070 1779 3154 diarrhoea
1806 3097 1909 3153 con-

477 3203 641 3292 currunt
649 3240 664 3284 ,
684 3099 952 3293 superduentis
968 3207 1086 3292 atque
1100 3181 1360 3292 undequaque
1374 3181 1604 3267 exundantis
1621 3181 1742 3265 causae
1754 3182 1908 3295 signum

474 3287 648 3402 ptaebent
661 3351 676 3400 ,
708 3295 1087 3407 opprimendamque
1117 3321 1293 3378 naturam
1319 3299 1573 3404 annuntiant,
1601 3293 1709 3379 unde
1735 3322 1803 3378 aut
1827 3295 1908 3378 srrf-

475 3401 660 3536 sotatus,
697 3433 763 3490 aut
799 3404 943 3490 delirus
977 3434 1079 3520 aeger
1108 3435 1191 3491 non
1224 3408 1302 3494 stne
1342 3408 1506 3521 pessima
1548 3417 1760 3522 gangraen'ae
1801 3412 1910 3524 notis

475 3543 621 3602 intent.
1261 3565 1264 3577 ·
1789 3575 1795 3587 ·
1899 3615 1903 3628 ι

484 3701 489 3710 .
533 3630 681 3740 (ξηαπ
698 3635 794 3716 verb
821 3636 862 3716 in
889 3633 998 3718 hisce
1026 3631 1177 3716 morbis
1204 3630 1380 3715 calorem
1408 3634 1605 3746 experitur
1628 3659 1758 3745 aeger,
1785 3659 1909 3744 quent

476 3743 617 3850 etiam,
640 3743 733 3828 diun
774 3744 902 3830 ulsum
921 3749 1119 3853 arnestat,
1137 3745 1323 3830 Medicus
1340 3745 1545 3860 persentit,
1560 3773 1652 3828 acer
1667 3749 1721 3828 est
1741 3753 1783 3829 dt
1805 3777 1909 3830 mot.-

475 3857 709 3948 dacissrmus.
725 3777 778 3942 si
796 3862 985 3974 imprimis
1004 3857 1106 3944 illud
1130 3857 1347 3942 notandum
1366 3861 1418 3942 est
1441 3858 1550 3968 qubd
1567 3859 1608 3940 in
1626 3856 1907 3972 erysipelatofis

470 3969 704 4078 affeslrbus,
722 3971 807 4057 crist
823 3999 1058 4088 apparente,
1075 3971 1334 4086 symptomata
1351 3975 1489 4084 previa
1508 4001 1590 4054 non
1610 3969 1808 4077 desinant,
1834 3973 1904 4060 sed

454 4084 486 4166 ‘i
516 4082 558 4166 so
582 4091 733 4170 tantirm
761 4085 1053 4172 defervescente
1082 4111 1239 4169 nrmore
1257 4085 1463 4175 mitescant
1487 4093 1529 4168 dt
1556 4114 1649 4168 cum
1676 4113 1727 4168 eo
1753 4091 1905 4170 tantiam

473 4115 669 4282 sniantut.
696 4199 850 4308 Quidni
864 4201 961 4285 verb
981 4197 1021 4280 id
1039 4197 1165 4302 soret,
1185 4201 1277 4279 clun
1293 4196 1374 4280 sola
1393 4194 1461 4279 illa
1479 4225 1529 4280 ex
1544 4197 1727 4282 omnibus
1743 4195 1905 4292 cristbua

473 4307 563 4390 ante
593 4313 819 4397 cottonem
853 4335 1062 4508 appareat,
1091 4312 1144 4394 ita
1175 4335 1219 4394 ut
1243 4306 1312 4393 sub
1340 4309 1425 4423 ipso
1451 4313 1590 4422 vigore
1616 4312 1760 4396 criseos
1791 4339 1907 4427 pera-

469 4446 584 4614 gatur
618 4426 751 4508 cottio
764 4488 779 4531 ,
814 4455 865 4535 qu
925 4421 1078 4540 perasid
1110 4422 1279 4508 mitescit
1310 4419 1541 4536 cr'yfipelas,
1575 4423 1664 4508 vasa
1695 4421 1905 4538 deplcnntr

487 4537 707 4647 anguinea,
738 4566 813 4622 nec
840 4535 922 4620 ulla
941 4541 986 4622 sit
1010 4537 1084 4622 alia
1103 4539 1285 4622 vacuatio
1301 4563 1436 4652 praeter
1456 4533 1564 4618 illam
1580 4565 1697 4647 quarn
1717 4540 1759 4620 in
1777 4535 1903 4624 lentas

470 4653 514 4730 bt
533 4649 673 4732 crustas
692 4674 829 4735 tenues
850 4648 996 4734 abeuns
1014 4653 1159 4734 humor
1181 4649 1331 4737 setosus
1354 4648 1585 4764 epidennidi
1607 4651 1751 4734 mixtus
1771 4650 1903 4742 oculis

469 4759 598 4844 offert.
636 4761 925 4872 Argumentum
954 4765 1094 4876 ingens
1119 4768 1222 4849 inter
1247 4762 1398 4848 serosos
1425 4759 1591 4846 morbos
1615 4761 1902 4854 recensendum

467 4871 545 4960 esse
565 4871 792 4996 erysipelas,
813 4875 910 4962 licet
929 4875 1205 4990 illud.antiqui
1227 4873 1308 4962 bili·
1321 4873 1604 4991 adscripserint.¹
1652 4981 1660 4994 ⁵
1721 4981 1726 4990 ι
1860 4912 1899 4993 ,ι
