<?xml version="1.0" encoding="UTF-8"?>
<!DOCTYPE html PUBLIC "-//W3C//DTD XHTML 1.0 Transitional//EN"
    "http://www.w3.org/TR/xhtml1/DTD/xhtml1-transitional.dtd">
<html xmlns="http://www.w3.org/1999/xhtml" xml:lang="en" lang="en">
 <head>
  <title>
</title>
<meta http-equiv="Content-Type" content="text/html;charset=utf-8" />
  <meta name='ocr-system' content='tesseract 3.04.00' />
  <meta name='ocr-capabilities' content='ocr_page ocr_carea ocr_par ocr_line ocrx_word'/>
</head>
<body>
  <div class='ocr_page' id='page_1' title='image "./tractatusdemorb00cavegoog_0421.png"; bbox 0 0 4226 5916; ppageno 0'>
   <div class='ocr_carea' id='block_1_1' title="bbox 457 304 1481 494">
    <p class='ocr_par' dir='ltr' id='par_1_1' title="bbox 457 304 1481 494">
     <span class='ocr_line' id='line_1_1' title="bbox 457 304 1481 494; baseline -0.01 -26"><span class='ocrx_word' id='word_1_1' title='bbox 457 304 571 494; x_wconf 22' lang='lat'>&#39;³98&#39;</span> <span class='ocrx_word' id='word_1_2' title='bbox 937 370 1057 460; x_wconf 56' lang='lat' dir='ltr'>ns*</span> <span class='ocrx_word' id='word_1_3' title='bbox 1112 369 1481 462; x_wconf 81' lang='lat' dir='ltr'>Mousrs</span> 
     </span>
    </p>
   </div>
   <div class='ocr_carea' id='block_1_2' title="bbox 450 531 1928 966">
    <p class='ocr_par' dir='ltr' id='par_1_2' title="bbox 450 531 1928 966">
     <span class='ocr_line' id='line_1_2' title="bbox 500 531 1928 654; baseline -0.006 -26"><span class='ocrx_word' id='word_1_4' title='bbox 500 600 507 607; x_wconf 95' lang='lat'>-</span> <span class='ocrx_word' id='word_1_5' title='bbox 544 539 826 654; x_wconf 88' lang='lat' dir='ltr'>Asrmpliciori</span> <span class='ocrx_word' id='word_1_6' title='bbox 840 533 1076 650; x_wconf 81' lang='lat' dir='ltr'>erysipelatis</span> <span class='ocrx_word' id='word_1_7' title='bbox 1088 539 1328 624; x_wconf 85' lang='lat' dir='ltr'>emicatione</span> <span class='ocrx_word' id='word_1_8' title='bbox 1340 533 1613 653; x_wconf 80' lang='lat' dir='ltr'>incipiendum</span> <span class='ocrx_word' id='word_1_9' title='bbox 1627 531 1705 622; x_wconf 83' lang='lat' dir='ltr'>ell&#39;e</span> <span class='ocrx_word' id='word_1_10' title='bbox 1718 533 1780 621; x_wconf 84' lang='lat' dir='ltr'>rei</span> <span class='ocrx_word' id='word_1_11' title='bbox 1792 559 1928 620; x_wconf 77' lang='lat' dir='ltr'>nunrrs</span> 
     </span>
     <span class='ocr_line' id='line_1_3' title="bbox 490 646 1926 761; baseline -0.007 -21"><span class='ocrx_word' id='word_1_12' title='bbox 490 662 533 742; x_wconf 74' lang='lat' dir='ltr'>bt</span> <span class='ocrx_word' id='word_1_13' title='bbox 562 656 663 739; x_wconf 91' lang='lat' dir='ltr'>ordo</span> <span class='ocrx_word' id='word_1_14' title='bbox 685 652 763 760; x_wconf 84' lang='lat' dir='ltr'>jam</span> <span class='ocrx_word' id='word_1_15' title='bbox 788 652 1018 734; x_wconf 88' lang='lat' dir='ltr'>constitutus</span> <span class='ocrx_word' id='word_1_16' title='bbox 1041 647 1229 735; x_wconf 89' lang='lat' dir='ltr'>indicant.</span> <span class='ocrx_word' id='word_1_17' title='bbox 1259 651 1389 761; x_wconf 90' lang='lat' dir='ltr'>Quod</span> <span class='ocrx_word' id='word_1_18' title='bbox 1407 646 1555 734; x_wconf 86' lang='lat' dir='ltr'>malum</span> <span class='ocrx_word' id='word_1_19' title='bbox 1578 675 1623 733; x_wconf 91' lang='lat' dir='ltr'>ut</span> <span class='ocrx_word' id='word_1_20' title='bbox 1647 646 1725 755; x_wconf 85' lang='lat' dir='ltr'>jam</span> <span class='ocrx_word' id='word_1_21' title='bbox 1750 649 1926 755; x_wconf 73' lang='lat' dir='ltr'>dietum,</span> 
     </span>
     <span class='ocr_line' id='line_1_4' title="bbox 450 757 1925 879; baseline -0.007 -25"><span class='ocrx_word' id='word_1_22' title='bbox 450 786 452 792; x_wconf 82' lang='lat'>&#39;</span> <span class='ocrx_word' id='word_1_23' title='bbox 488 768 638 854; x_wconf 83' lang='lat' dir='ltr'><strong>morbis</strong></span> <span class='ocrx_word' id='word_1_24' title='bbox 655 768 830 852; x_wconf 88' lang='lat' dir='ltr'>cutaneis</span> <span class='ocrx_word' id='word_1_25' title='bbox 845 761 929 848; x_wconf 72' lang='lat' dir='ltr'>ferd</span> <span class='ocrx_word' id='word_1_26' title='bbox 951 757 1135 846; x_wconf 88' lang='lat' dir='ltr'>omnibus</span> <span class='ocrx_word' id='word_1_27' title='bbox 1150 763 1360 848; x_wconf 85' lang='lat' dir='ltr'>exordium</span> <span class='ocrx_word' id='word_1_28' title='bbox 1371 761 1536 879; x_wconf 85' lang='lat' dir='ltr'>praeber,</span> <span class='ocrx_word' id='word_1_29' title='bbox 1551 759 1625 846; x_wconf 88' lang='lat' dir='ltr'>illo</span> <span class='ocrx_word' id='word_1_30' title='bbox 1639 763 1681 846; x_wconf 90' lang='lat' dir='ltr'>se</span> <span class='ocrx_word' id='word_1_31' title='bbox 1692 764 1925 868; x_wconf 89' lang='lat' dir='ltr'>continens,</span> 
     </span>
     <span class='ocr_line' id='line_1_5' title="bbox 487 875 1698 966; baseline -0.018 0"><span class='ocrx_word' id='word_1_32' title='bbox 487 881 665 966; x_wconf 87' lang='lat' dir='ltr'>srlevior</span> <span class='ocrx_word' id='word_1_33' title='bbox 686 878 841 962; x_wconf 80' lang='lat' dir='ltr'>affuerit</span> <span class='ocrx_word' id='word_1_34' title='bbox 859 875 986 959; x_wconf 82' lang='lat' dir='ltr'>causa.</span> <span class='ocrx_word' id='word_1_35' title='bbox 1695 907 1698 912; x_wconf 94' lang='lat'>·</span> 
     </span>
    </p>
   </div>
   <div class='ocr_carea' id='block_1_3' title="bbox 362 1077 1925 1678">
    <p class='ocr_par' dir='ltr' id='par_1_3' title="bbox 362 1077 1925 1678">
     <span class='ocr_line' id='line_1_6' title="bbox 362 1077 1925 1168; baseline -0.004 1"><span class='ocrx_word' id='word_1_36' title='bbox 362 1077 365 1084; x_wconf 88' lang='grc'><strong>’</strong></span> <span class='ocrx_word' id='word_1_37' title='bbox 489 1095 1925 1168; x_wconf 63' lang='grc' dir='ltr'>Μ</span> 
     </span>
     <span class='ocr_line' id='line_1_7' title="bbox 677 1277 1693 1404; baseline -0.005 -20"><span class='ocrx_word' id='word_1_38' title='bbox 677 1277 1111 1404; x_wconf 45' lang='grc' dir='ltr'>,(ῘΑΡΠΤ</span> <span class='ocrx_word' id='word_1_39' title='bbox 1204 1277 1693 1387; x_wconf 82' lang='lat' dir='ltr'><strong>PRIMUM.</strong></span> 
     </span>
     <span class='ocr_line' id='line_1_8' title="bbox 544 1481 1880 1678; baseline -0.007 -48"><span class='ocrx_word' id='word_1_40' title='bbox 544 1522 630 1630; x_wconf 82' lang='lat' dir='ltr'>De</span> <span class='ocrx_word' id='word_1_41' title='bbox 664 1513 713 1626; x_wconf 81' lang='lat' dir='ltr'><em>T</em></span> <span class='ocrx_word' id='word_1_42' title='bbox 706 1523 940 1626; x_wconf 82' lang='lat' dir='ltr'>umoribus</span> <span class='ocrx_word' id='word_1_43' title='bbox 967 1518 1335 1677; x_wconf 70' lang='lat' dir='ltr'>Erystptlatofis</span> <span class='ocrx_word' id='word_1_44' title='bbox 1348 1481 1643 1678; x_wconf 74' lang='lat' dir='ltr'>fingulurem</span> <span class='ocrx_word' id='word_1_45' title='bbox 1670 1520 1880 1658; x_wconf 80' lang='lat' dir='ltr'>corporis</span> 
     </span>
    </p>
   </div>
   <div class='ocr_carea' id='block_1_4' title="bbox 926 1664 1656 1800">
    <p class='ocr_par' dir='ltr' id='par_1_4' title="bbox 926 1664 1656 1800">
     <span class='ocr_line' id='line_1_9' title="bbox 926 1664 1656 1800; baseline 0.008 -38"><span class='ocrx_word' id='word_1_46' title='bbox 926 1696 1108 1800; x_wconf 84' lang='lat' dir='ltr'>purtem</span> <span class='ocrx_word' id='word_1_47' title='bbox 1140 1664 1480 1800; x_wconf 75' lang='lat' dir='ltr'>imperenrtbus.</span> <span class='ocrx_word' id='word_1_48' title='bbox 1652 1761 1656 1768; x_wconf 89' lang='lat'>.</span> 
     </span>
    </p>
   </div>
   <div class='ocr_carea' id='block_1_5' title="bbox 742 1912 1745 2220">
    <p class='ocr_par' dir='ltr' id='par_1_5' title="bbox 742 1912 1745 2220">
     <span class='ocr_line' id='line_1_10' title="bbox 742 1912 1745 2060; baseline -0.003 -60"><span class='ocrx_word' id='word_1_49' title='bbox 742 1912 1246 2000; x_wconf 88' lang='lat' dir='ltr'><strong>ARTICULUS</strong></span> <span class='ocrx_word' id='word_1_50' title='bbox 1315 1912 1665 2060; x_wconf 52' lang='lat' dir='ltr'>PRIM&#39;US.</span> <span class='ocrx_word' id='word_1_51' title='bbox 1742 1964 1745 1972; x_wconf 23' lang='grc' dir='ltr'>π</span> 
     </span>
     <span class='ocr_line' id='line_1_11' title="bbox 947 2105 1471 2220; baseline 0.006 -27"><span class='ocrx_word' id='word_1_52' title='bbox 947 2109 1015 2193; x_wconf 85' lang='lat' dir='ltr'>De</span> <span class='ocrx_word' id='word_1_53' title='bbox 1040 2105 1214 2220; x_wconf 79' lang='lat' dir='ltr'>Roseolis</span> <span class='ocrx_word' id='word_1_54' title='bbox 1224 2105 1471 2220; x_wconf 69' lang='lat' dir='ltr'>¹sistentibus.</span> 
     </span>
    </p>
   </div>
   <div class='ocr_carea' id='block_1_6' title="bbox 348 2241 1929 4697">
    <p class='ocr_par' dir='ltr' id='par_1_6' title="bbox 348 2241 1923 2744">
     <span class='ocr_line' id='line_1_12' title="bbox 397 2241 1921 2432; baseline 0.003 -26"><span class='ocrx_word' id='word_1_55' title='bbox 397 2361 400 2374; x_wconf 86' lang='lat'><strong>·</strong></span> <span class='ocrx_word' id='word_1_56' title='bbox 494 2241 780 2416; x_wconf 74' lang='lat' dir='ltr'>Rossosn</span> <span class='ocrx_word' id='word_1_57' title='bbox 801 2319 1088 2408; x_wconf 76' lang='lat' dir='ltr'>saltantest.</span> <span class='ocrx_word' id='word_1_58' title='bbox 1099 2320 1265 2408; x_wconf 85' lang='lat' dir='ltr'>Aurelio</span> <span class='ocrx_word' id='word_1_59' title='bbox 1279 2326 1472 2409; x_wconf 88' lang='lat' dir='ltr'>Severino</span> <span class='ocrx_word' id='word_1_60' title='bbox 1484 2331 1534 2432; x_wconf 83' lang='lat' dir='ltr'>(a)</span> <span class='ocrx_word' id='word_1_61' title='bbox 1548 2326 1732 2409; x_wconf 90' lang='lat' dir='ltr'>dicuntur</span> <span class='ocrx_word' id='word_1_62' title='bbox 1746 2349 1921 2410; x_wconf 87' lang='lat' dir='ltr'>tumores</span> 
     </span>
     <span class='ocr_line' id='line_1_13' title="bbox 494 2432 1923 2552; baseline 0 -28"><span class='ocrx_word' id='word_1_63' title='bbox 494 2437 601 2524; x_wconf 85' lang='lat' dir='ltr'>rubri</span> <span class='ocrx_word' id='word_1_64' title='bbox 619 2432 727 2520; x_wconf 67' lang='lat' dir='ltr'>extri</span> <span class='ocrx_word' id='word_1_65' title='bbox 747 2461 880 2520; x_wconf 90' lang='lat' dir='ltr'>cutem</span> <span class='ocrx_word' id='word_1_66' title='bbox 898 2435 1036 2549; x_wconf 73' lang='lat' dir='ltr'>sponte</span> <span class='ocrx_word' id='word_1_67' title='bbox 1056 2441 1323 2552; x_wconf 87' lang='lat' dir='ltr'>prominentes</span> <span class='ocrx_word' id='word_1_68' title='bbox 1346 2447 1388 2523; x_wconf 72' lang='grc' dir='ltr'>ὅ(</span> <span class='ocrx_word' id='word_1_69' title='bbox 1405 2467 1515 2524; x_wconf 87' lang='lat' dir='ltr'>erum</span> <span class='ocrx_word' id='word_1_70' title='bbox 1545 2465 1653 2524; x_wconf 89' lang='lat' dir='ltr'>entes</span> <span class='ocrx_word' id='word_1_71' title='bbox 1663 2499 1676 2542; x_wconf 91' lang='lat'>‚</span> <span class='ocrx_word' id='word_1_72' title='bbox 1694 2436 1802 2523; x_wconf 69' lang='lat' dir='ltr'>nulli</span> <span class='ocrx_word' id='word_1_73' title='bbox 1820 2435 1923 2524; x_wconf 72' lang='lat' dir='ltr'>cens</span> 
     </span>
     <span class='ocr_line' id='line_1_14' title="bbox 348 2471 1923 2744; baseline 0.001 -109"><span class='ocrx_word' id='word_1_74' title='bbox 348 2561 361 2584; x_wconf 68' lang='lat'>⁸</span> <span class='ocrx_word' id='word_1_75' title='bbox 494 2549 631 2665; x_wconf 71' lang='lat' dir='ltr'>figuti.</span> <span class='ocrx_word' id='word_1_76' title='bbox 659 2548 740 2632; x_wconf 89' lang='lat' dir='ltr'>Sed</span> <span class='ocrx_word' id='word_1_77' title='bbox 761 2547 836 2632; x_wconf 86' lang='lat' dir='ltr'>illae</span> <span class='ocrx_word' id='word_1_78' title='bbox 858 2548 1102 2744; x_wconf 84' lang='lat' dir='ltr'>expluribus</span> <span class='ocrx_word' id='word_1_79' title='bbox 1125 2551 1382 2634; x_wconf 81' lang='lat' dir='ltr'>minutiffimis</span> <span class='ocrx_word' id='word_1_80' title='bbox 1401 2471 1559 2666; x_wconf 62' lang='lat' dir='ltr'>pustubs</span> <span class='ocrx_word' id='word_1_81' title='bbox 1576 2549 1689 2634; x_wconf 83' lang='lat' dir='ltr'>sunul</span> <span class='ocrx_word' id='word_1_82' title='bbox 1705 2580 1753 2664; x_wconf 80' lang='lat' dir='ltr'>ag</span> <span class='ocrx_word' id='word_1_83' title='bbox 1801 2555 1923 2664; x_wconf 84' lang='lat' dir='ltr'>egatis</span> 
     </span>
    </p>

    <p class='ocr_par' dir='ltr' id='par_1_7' title="bbox 460 2661 1925 3892">
     <span class='ocr_line' id='line_1_15' title="bbox 492 2661 907 2767; baseline -0.014 -19"><span class='ocrx_word' id='word_1_84' title='bbox 492 2666 691 2767; x_wconf 85' lang='lat' dir='ltr'>constant,</span> <span class='ocrx_word' id='word_1_85' title='bbox 707 2688 752 2744; x_wconf 93' lang='lat' dir='ltr'>ut</span> <span class='ocrx_word' id='word_1_86' title='bbox 761 2661 847 2744; x_wconf 87' lang='lat' dir='ltr'>rosa</span> <span class='ocrx_word' id='word_1_87' title='bbox 858 2689 907 2745; x_wconf 91' lang='lat' dir='ltr'>ex</span> 
     </span>
     <span class='ocr_line' id='line_1_16' title="bbox 491 2772 1922 2892; baseline 0.001 -32"><span class='ocrx_word' id='word_1_88' title='bbox 491 2778 662 2890; x_wconf 80' lang='lat' dir='ltr'><strong>exurgit.</strong></span> <span class='ocrx_word' id='word_1_89' title='bbox 677 2772 809 2857; x_wconf 91' lang='lat' dir='ltr'>Color</span> <span class='ocrx_word' id='word_1_90' title='bbox 819 2779 947 2860; x_wconf 89' lang='lat' dir='ltr'>varius</span> <span class='ocrx_word' id='word_1_91' title='bbox 959 2777 1011 2858; x_wconf 88' lang='lat' dir='ltr'>est</span> <span class='ocrx_word' id='word_1_92' title='bbox 1018 2773 1196 2881; x_wconf 76' lang='lat' dir='ltr'>,brubro</span> <span class='ocrx_word' id='word_1_93' title='bbox 1209 2774 1412 2892; x_wconf 81' lang='lat' dir='ltr'>pallidoin</span> <span class='ocrx_word' id='word_1_94' title='bbox 1421 2776 1585 2865; x_wconf 89' lang='lat' dir='ltr'>lividum</span> <span class='ocrx_word' id='word_1_95' title='bbox 1597 2778 1719 2890; x_wconf 89' lang='lat' dir='ltr'>usque</span> <span class='ocrx_word' id='word_1_96' title='bbox 1731 2779 1922 2862; x_wconf 86' lang='lat' dir='ltr'>extensus.</span> 
     </span>
     <span class='ocr_line' id='line_1_17' title="bbox 494 2885 1924 3004; baseline 0.001 -32"><span class='ocrx_word' id='word_1_97' title='bbox 494 2887 657 3002; x_wconf 78' lang='lat' dir='ltr'>Species</span> <span class='ocrx_word' id='word_1_98' title='bbox 666 2889 764 2970; x_wconf 84' lang='lat' dir='ltr'>verb</span> <span class='ocrx_word' id='word_1_99' title='bbox 776 2885 923 2999; x_wconf 86' lang='lat' dir='ltr'>duplex</span> <span class='ocrx_word' id='word_1_100' title='bbox 936 2891 1061 3004; x_wconf 87' lang='lat' dir='ltr'>potest</span> <span class='ocrx_word' id='word_1_101' title='bbox 1070 2889 1249 3003; x_wconf 87' lang='lat' dir='ltr'>distingui</span> <span class='ocrx_word' id='word_1_102' title='bbox 1258 2921 1271 2990; x_wconf 86' lang='lat'>;</span> <span class='ocrx_word' id='word_1_103' title='bbox 1281 2889 1539 3004; x_wconf 86' lang='lat' dir='ltr'>malignarum</span> <span class='ocrx_word' id='word_1_104' title='bbox 1553 2891 1693 2998; x_wconf 79' lang='lat' dir='ltr'>altera,</span> <span class='ocrx_word' id='word_1_105' title='bbox 1708 2919 1795 3000; x_wconf 85' lang='lat' dir='ltr'>quae</span> <span class='ocrx_word' id='word_1_106' title='bbox 1807 2890 1924 2975; x_wconf 77' lang='lat' dir='ltr'>livida</span> 
     </span>
     <span class='ocr_line' id='line_1_18' title="bbox 494 3001 1925 3118; baseline 0.003 -34"><span class='ocrx_word' id='word_1_107' title='bbox 494 3007 545 3098; x_wconf 63' lang='grc' dir='ltr'>δι,</span> <span class='ocrx_word' id='word_1_108' title='bbox 556 3001 606 3084; x_wconf 85' lang='lat' dir='ltr'>ad</span> <span class='ocrx_word' id='word_1_109' title='bbox 625 3003 759 3082; x_wconf 89' lang='lat' dir='ltr'>omnia</span> <span class='ocrx_word' id='word_1_110' title='bbox 780 3027 995 3084; x_wconf 83' lang='lat' dir='ltr'>contumax</span> <span class='ocrx_word' id='word_1_111' title='bbox 1012 3002 1208 3108; x_wconf 83' lang='lat' dir='ltr'>remedia,</span> <span class='ocrx_word' id='word_1_112' title='bbox 1229 3001 1359 3118; x_wconf 86' lang='lat' dir='ltr'>plures</span> <span class='ocrx_word' id='word_1_113' title='bbox 1377 3031 1446 3116; x_wconf 86' lang='lat' dir='ltr'>per</span> <span class='ocrx_word' id='word_1_114' title='bbox 1465 3033 1589 3088; x_wconf 84' lang='lat' dir='ltr'>annos</span> <span class='ocrx_word' id='word_1_115' title='bbox 1606 3033 1739 3108; x_wconf 83' lang='lat' dir='ltr'>crura,</span> <span class='ocrx_word' id='word_1_116' title='bbox 1757 3005 1925 3088; x_wconf 88' lang='lat' dir='ltr'>femora-</span> 
     </span>
     <span class='ocr_line' id='line_1_19' title="bbox 495 3110 1923 3230; baseline 0.005 -37"><span class='ocrx_word' id='word_1_117' title='bbox 495 3139 574 3222; x_wconf 92' lang='lat' dir='ltr'>que</span> <span class='ocrx_word' id='word_1_118' title='bbox 597 3110 763 3222; x_wconf 84' lang='lat' dir='ltr'>affligit,</span> <span class='ocrx_word' id='word_1_119' title='bbox 789 3140 883 3196; x_wconf 91' lang='lat' dir='ltr'>cum</span> <span class='ocrx_word' id='word_1_120' title='bbox 899 3117 1053 3226; x_wconf 88' lang='lat' dir='ltr'>pruritu</span> <span class='ocrx_word' id='word_1_121' title='bbox 1074 3114 1229 3198; x_wconf 90' lang='lat' dir='ltr'>summo</span> <span class='ocrx_word' id='word_1_122' title='bbox 1255 3125 1298 3199; x_wconf 68' lang='grc' dir='ltr'>ὃ(</span> <span class='ocrx_word' id='word_1_123' title='bbox 1321 3120 1543 3216; x_wconf 72' lang='lat' dir='ltr'>nubium03</span> <span class='ocrx_word' id='word_1_124' title='bbox 1565 3114 1685 3200; x_wconf 84' lang='lat' dir='ltr'>altera</span> <span class='ocrx_word' id='word_1_125' title='bbox 1708 3113 1923 3230; x_wconf 79' lang='lat' dir='ltr'>simplicior</span> 
     </span>
     <span class='ocr_line' id='line_1_20' title="bbox 460 3221 1923 3344; baseline 0.006 -38"><span class='ocrx_word' id='word_1_126' title='bbox 460 3229 464 3237; x_wconf 79' lang='grc'><strong>’</strong></span> <span class='ocrx_word' id='word_1_127' title='bbox 495 3253 578 3334; x_wconf 84' lang='lat' dir='ltr'>quae</span> <span class='ocrx_word' id='word_1_128' title='bbox 591 3221 715 3335; x_wconf 85' lang='lat' dir='ltr'>vulgb</span> <span class='ocrx_word' id='word_1_129' title='bbox 726 3248 795 3335; x_wconf 86' lang='lat' dir='ltr'>per</span> <span class='ocrx_word' id='word_1_130' title='bbox 810 3225 975 3307; x_wconf 85' lang='lat' dir='ltr'>aestatem</span> <span class='ocrx_word' id='word_1_131' title='bbox 989 3223 1095 3332; x_wconf 87' lang='lat' dir='ltr'>filet,</span> <span class='ocrx_word' id='word_1_132' title='bbox 1111 3225 1229 3312; x_wconf 71' lang='lat' dir='ltr'>fariis</span> <span class='ocrx_word' id='word_1_133' title='bbox 1243 3227 1420 3335; x_wconf 86' lang='lat' dir='ltr'>tollitur,</span> <span class='ocrx_word' id='word_1_134' title='bbox 1437 3237 1478 3314; x_wconf 81' lang='lat' dir='ltr'>dr</span> <span class='ocrx_word' id='word_1_135' title='bbox 1494 3257 1540 3314; x_wconf 78' lang='lat' dir='ltr'>ea</span> <span class='ocrx_word' id='word_1_136' title='bbox 1554 3227 1789 3344; x_wconf 70' lang='lat' dir='ltr'>plerumqub</span> <span class='ocrx_word' id='word_1_137' title='bbox 1804 3257 1923 3314; x_wconf 88' lang='lat' dir='ltr'>occu·</span> 
     </span>
     <span class='ocr_line' id='line_1_21' title="bbox 493 3332 1923 3458; baseline 0.006 -40"><span class='ocrx_word' id='word_1_138' title='bbox 493 3361 561 3452; x_wconf 84' lang='lat' dir='ltr'>pat</span> <span class='ocrx_word' id='word_1_139' title='bbox 582 3336 762 3448; x_wconf 82' lang='lat' dir='ltr'>corporis</span> <span class='ocrx_word' id='word_1_140' title='bbox 789 3332 882 3422; x_wconf 85' lang='lat' dir='ltr'>loca</span> <span class='ocrx_word' id='word_1_141' title='bbox 910 3339 952 3420; x_wconf 92' lang='lat' dir='ltr'>in</span> <span class='ocrx_word' id='word_1_142' title='bbox 978 3335 1120 3448; x_wconf 85' lang='lat' dir='ltr'>quibus</span> <span class='ocrx_word' id='word_1_143' title='bbox 1141 3336 1165 3422; x_wconf 76' lang='grc' dir='ltr'>ὲ</span> <span class='ocrx_word' id='word_1_144' title='bbox 1190 3344 1353 3429; x_wconf 84' lang='lat' dir='ltr'>vestium</span> <span class='ocrx_word' id='word_1_145' title='bbox 1376 3343 1553 3458; x_wconf 87' lang='lat' dir='ltr'>pondere</span> <span class='ocrx_word' id='word_1_146' title='bbox 1573 3340 1685 3426; x_wconf 88' lang='lat' dir='ltr'>calor</span> <span class='ocrx_word' id='word_1_147' title='bbox 1707 3338 1837 3446; x_wconf 84' lang='lat' dir='ltr'>major</span> <span class='ocrx_word' id='word_1_148' title='bbox 1864 3369 1923 3426; x_wconf 85' lang='lat' dir='ltr'>re·</span> 
     </span>
     <span class='ocr_line' id='line_1_22' title="bbox 493 3445 1923 3568; baseline 0.003 -34"><span class='ocrx_word' id='word_1_149' title='bbox 493 3451 653 3564; x_wconf 89' lang='lat' dir='ltr'>peritur.</span> <span class='ocrx_word' id='word_1_150' title='bbox 678 3445 792 3532; x_wconf 87' lang='lat' dir='ltr'>Prior</span> <span class='ocrx_word' id='word_1_151' title='bbox 809 3447 959 3561; x_wconf 85' lang='lat' dir='ltr'>specics</span> <span class='ocrx_word' id='word_1_152' title='bbox 984 3448 1142 3536; x_wconf 87' lang='lat' dir='ltr'>vetulos</span> <span class='ocrx_word' id='word_1_153' title='bbox 1165 3457 1289 3566; x_wconf 83' lang='lat' dir='ltr'>magis</span> <span class='ocrx_word' id='word_1_154' title='bbox 1310 3455 1484 3561; x_wconf 87' lang='lat' dir='ltr'>invadit,</span> <span class='ocrx_word' id='word_1_155' title='bbox 1507 3453 1647 3564; x_wconf 91' lang='lat' dir='ltr'>quibus</span> <span class='ocrx_word' id='word_1_156' title='bbox 1670 3459 1923 3568; x_wconf 85' lang='lat' dir='ltr'>&amp;pruritum</span> 
     </span>
     <span class='ocr_line' id='line_1_23' title="bbox 492 3557 1922 3676; baseline 0.006 -32"><span class='ocrx_word' id='word_1_157' title='bbox 492 3569 538 3644; x_wconf 72' lang='grc' dir='ltr'>δι</span> <span class='ocrx_word' id='word_1_158' title='bbox 553 3563 687 3645; x_wconf 65' lang='lat' dir='ltr'>nosses</span> <span class='ocrx_word' id='word_1_159' title='bbox 704 3557 798 3655; x_wconf 77' lang='lat' dir='ltr'>dium</span> <span class='ocrx_word' id='word_1_160' title='bbox 812 3561 923 3648; x_wconf 83' lang='lat' dir='ltr'>affert</span> <span class='ocrx_word' id='word_1_161' title='bbox 934 3561 1152 3670; x_wconf 81' lang='lat' dir='ltr'>insomnes,</span> <span class='ocrx_word' id='word_1_162' title='bbox 1168 3563 1310 3649; x_wconf 84' lang='lat' dir='ltr'>febrim</span> <span class='ocrx_word' id='word_1_163' title='bbox 1325 3567 1484 3652; x_wconf 88' lang='lat' dir='ltr'>tandem</span> <span class='ocrx_word' id='word_1_164' title='bbox 1499 3567 1709 3676; x_wconf 80' lang='lat' dir='ltr'>aliquando</span> <span class='ocrx_word' id='word_1_165' title='bbox 1725 3572 1922 3672; x_wconf 82' lang='lat' dir='ltr'>concitat,</span> 
     </span>
     <span class='ocr_line' id='line_1_24' title="bbox 491 3673 1923 3786; baseline 0.003 -28"><span class='ocrx_word' id='word_1_166' title='bbox 491 3699 794 3785; x_wconf 84' lang='lat' dir='ltr'>marcoremque</span> <span class='ocrx_word' id='word_1_167' title='bbox 807 3673 970 3774; x_wconf 85' lang='lat' dir='ltr'>inducit.</span> <span class='ocrx_word' id='word_1_168' title='bbox 993 3674 1091 3760; x_wconf 85' lang='lat' dir='ltr'>Aliae</span> <span class='ocrx_word' id='word_1_169' title='bbox 1110 3675 1316 3784; x_wconf 87' lang='lat' dir='ltr'>juvenibus</span> <span class='ocrx_word' id='word_1_170' title='bbox 1328 3679 1536 3764; x_wconf 83' lang='lat' dir='ltr'>familiares</span> <span class='ocrx_word' id='word_1_171' title='bbox 1553 3681 1662 3786; x_wconf 89' lang='lat' dir='ltr'>sunt,</span> <span class='ocrx_word' id='word_1_172' title='bbox 1683 3687 1728 3764; x_wconf 74' lang='lat' dir='ltr'>bt</span> <span class='ocrx_word' id='word_1_173' title='bbox 1743 3680 1923 3764; x_wconf 85' lang='lat' dir='ltr'>sanantur</span> 
     </span>
     <span class='ocr_line' id='line_1_25' title="bbox 493 3781 1440 3892; baseline 0.004 -20"><span class='ocrx_word' id='word_1_174' title='bbox 493 3787 629 3892; x_wconf 82' lang='lat' dir='ltr'>certb,</span> <span class='ocrx_word' id='word_1_175' title='bbox 652 3812 729 3870; x_wconf 88' lang='lat' dir='ltr'>nec</span> <span class='ocrx_word' id='word_1_176' title='bbox 751 3781 879 3870; x_wconf 91' lang='lat' dir='ltr'>ullum</span> <span class='ocrx_word' id='word_1_177' title='bbox 897 3791 984 3871; x_wconf 83' lang='lat' dir='ltr'>vitae</span> <span class='ocrx_word' id='word_1_178' title='bbox 1007 3788 1216 3874; x_wconf 81' lang='lat' dir='ltr'>discrimen</span> <span class='ocrx_word' id='word_1_179' title='bbox 1233 3792 1440 3876; x_wconf 87' lang='lat' dir='ltr'>inducunt.</span> 
     </span>
    </p>

    <p class='ocr_par' dir='ltr' id='par_1_8' title="bbox 364 3895 1929 4697">
     <span class='ocr_line' id='line_1_26' title="bbox 547 3895 1924 4018; baseline 0.006 -34"><span class='ocrx_word' id='word_1_180' title='bbox 547 3895 750 3984; x_wconf 79' lang='lat' dir='ltr'>Prioribus</span> <span class='ocrx_word' id='word_1_181' title='bbox 775 3895 926 4013; x_wconf 87' lang='lat' dir='ltr'>semper</span> <span class='ocrx_word' id='word_1_182' title='bbox 947 3903 1042 3984; x_wconf 90' lang='lat' dir='ltr'>inest</span> <span class='ocrx_word' id='word_1_183' title='bbox 1069 3903 1208 3986; x_wconf 88' lang='lat' dir='ltr'>mador</span> <span class='ocrx_word' id='word_1_184' title='bbox 1234 3903 1373 4014; x_wconf 81' lang='lat' dir='ltr'>aliquis</span> <span class='ocrx_word' id='word_1_185' title='bbox 1395 3903 1515 3988; x_wconf 86' lang='lat' dir='ltr'>lintea</span> <span class='ocrx_word' id='word_1_186' title='bbox 1535 3903 1776 4018; x_wconf 80' lang='lat' dir='ltr'>superposita</span> <span class='ocrx_word' id='word_1_187' title='bbox 1802 3909 1924 4000; x_wconf 84' lang='lat' dir='ltr'>intin-</span> 
     </span>
     <span class='ocr_line' id='line_1_27' title="bbox 489 4010 1924 4129; baseline 0.008 -36"><span class='ocrx_word' id='word_1_188' title='bbox 489 4037 612 4124; x_wconf 82' lang='lat' dir='ltr'>gens,</span> <span class='ocrx_word' id='word_1_189' title='bbox 634 4010 739 4096; x_wconf 75' lang='lat' dir='ltr'>undb</span> <span class='ocrx_word' id='word_1_190' title='bbox 756 4037 833 4096; x_wconf 89' lang='lat' dir='ltr'>nee</span> <span class='ocrx_word' id='word_1_191' title='bbox 849 4011 898 4094; x_wconf 83' lang='lat' dir='ltr'>ad</span> <span class='ocrx_word' id='word_1_192' title='bbox 916 4011 1139 4124; x_wconf 87' lang='lat' dir='ltr'>ephelides‚</span> <span class='ocrx_word' id='word_1_193' title='bbox 1165 4042 1239 4100; x_wconf 89' lang='lat' dir='ltr'>nec</span> <span class='ocrx_word' id='word_1_194' title='bbox 1262 4018 1312 4100; x_wconf 82' lang='lat' dir='ltr'>ad</span> <span class='ocrx_word' id='word_1_195' title='bbox 1330 4016 1490 4129; x_wconf 82' lang='lat' dir='ltr'>papulas</span> <span class='ocrx_word' id='word_1_196' title='bbox 1511 4017 1637 4122; x_wconf 88' lang='lat' dir='ltr'>Celsr,</span> <span class='ocrx_word' id='word_1_197' title='bbox 1658 4045 1726 4102; x_wconf 84' lang='lat' dir='ltr'>aur</span> <span class='ocrx_word' id='word_1_198' title='bbox 1744 4017 1924 4105; x_wconf 73' lang='lat' dir='ltr'>lichenes</span> 
     </span>
     <span class='ocr_line' id='line_1_28' title="bbox 492 4122 1924 4244; baseline 0.006 -39"><span class='ocrx_word' id='word_1_199' title='bbox 492 4122 649 4235; x_wconf 77' lang='lat' dir='ltr'>possunt</span> <span class='ocrx_word' id='word_1_200' title='bbox 662 4123 819 4230; x_wconf 85' lang='lat' dir='ltr'>referri,</span> <span class='ocrx_word' id='word_1_201' title='bbox 840 4123 907 4208; x_wconf 77' lang='lat' dir='ltr'>sed</span> <span class='ocrx_word' id='word_1_202' title='bbox 920 4127 1051 4238; x_wconf 84' lang='lat' dir='ltr'>potibs</span> <span class='ocrx_word' id='word_1_203' title='bbox 1067 4127 1095 4206; x_wconf 87' lang='lat' dir='ltr'>sr</span> <span class='ocrx_word' id='word_1_204' title='bbox 1111 4129 1194 4208; x_wconf 92' lang='lat' dir='ltr'>vim</span> <span class='ocrx_word' id='word_1_205' title='bbox 1209 4132 1382 4212; x_wconf 89' lang='lat' dir='ltr'>nominis</span> <span class='ocrx_word' id='word_1_206' title='bbox 1401 4131 1548 4244; x_wconf 68' lang='lat' dir='ltr'>spesies</span> <span class='ocrx_word' id='word_1_207' title='bbox 1568 4131 1617 4212; x_wconf 84' lang='lat' dir='ltr'>ad</span> <span class='ocrx_word' id='word_1_208' title='bbox 1633 4135 1815 4230; x_wconf 68' lang='lat' dir='ltr'>tnrulput</span> <span class='ocrx_word' id='word_1_209' title='bbox 1828 4131 1924 4215; x_wconf 62' lang='lat' dir='ltr'>sul:-</span> 
     </span>
     <span class='ocr_line' id='line_1_29' title="bbox 493 4227 1927 4360; baseline 0.013 -49"><span class='ocrx_word' id='word_1_210' title='bbox 493 4227 609 4330; x_wconf 71' lang='lat' dir='ltr'>puluc</span> <span class='ocrx_word' id='word_1_211' title='bbox 627 4232 844 4340; x_wconf 65' lang='lat' dir='ltr'>ifiursrr&#39;pnu</span> <span class='ocrx_word' id='word_1_212' title='bbox 867 4235 981 4322; x_wconf 86' lang='lat' dir='ltr'>Pauli</span> <span class='ocrx_word' id='word_1_213' title='bbox 1005 4239 1282 4350; x_wconf 74' lang='lat' dir='ltr'>AEginees.(b)</span> <span class='ocrx_word' id='word_1_214' title='bbox 1309 4246 1489 4326; x_wconf 80' lang='lat' dir='ltr'>revocari</span> <span class='ocrx_word' id='word_1_215' title='bbox 1513 4243 1681 4356; x_wconf 78' lang='lat' dir='ltr'>poliunt.</span> <span class='ocrx_word' id='word_1_216' title='bbox 1701 4244 1825 4360; x_wconf 85' lang='lat' dir='ltr'>Apud</span> <span class='ocrx_word' id='word_1_217' title='bbox 1850 4275 1927 4330; x_wconf 79' lang='lat' dir='ltr'>nos</span> 
     </span>
     <span class='ocr_line' id='line_1_30' title="bbox 492 4345 1927 4466; baseline 0.013 -41"><span class='ocrx_word' id='word_1_218' title='bbox 492 4345 717 4460; x_wconf 69' lang='lat' dir='ltr'>promiscue</span> <span class='ocrx_word' id='word_1_219' title='bbox 741 4345 939 4432; x_wconf 83' lang='lat' dir='ltr'>habenurr</span> <span class='ocrx_word' id='word_1_220' title='bbox 968 4379 1041 4464; x_wconf 90' lang='lat' dir='ltr'>pro</span> <span class='ocrx_word' id='word_1_221' title='bbox 1071 4351 1252 4465; x_wconf 82' lang='lat' dir='ltr'>malignis</span> <span class='ocrx_word' id='word_1_222' title='bbox 1277 4353 1503 4466; x_wconf 86' lang='lat' dir='ltr'>herpetibus</span> <span class='ocrx_word' id='word_1_223' title='bbox 1516 4415 1531 4461; x_wconf 90' lang='lat'>‚</span> <span class='ocrx_word' id='word_1_224' title='bbox 1559 4362 1653 4438; x_wconf 78' lang='lat' dir='ltr'>crim</span> <span class='ocrx_word' id='word_1_225' title='bbox 1682 4361 1849 4440; x_wconf 83' lang='lat' dir='ltr'>mixtam</span> <span class='ocrx_word' id='word_1_226' title='bbox 1875 4387 1927 4444; x_wconf 80' lang='lat' dir='ltr'>ex</span> 
     </span>
     <span class='ocr_line' id='line_1_31' title="bbox 492 4452 1929 4574; baseline 0.01 -36"><span class='ocrx_word' id='word_1_227' title='bbox 492 4452 728 4564; x_wconf 81' lang='lat' dir='ltr'>ulcusculis,</span> <span class='ocrx_word' id='word_1_228' title='bbox 753 4456 820 4543; x_wconf 84' lang='lat' dir='ltr'>vel</span> <span class='ocrx_word' id='word_1_229' title='bbox 836 4458 1017 4572; x_wconf 87' lang='lat' dir='ltr'>pustulis,</span> <span class='ocrx_word' id='word_1_230' title='bbox 1041 4489 1158 4574; x_wconf 84' lang='lat' dir='ltr'>atque</span> <span class='ocrx_word' id='word_1_231' title='bbox 1176 4463 1391 4550; x_wconf 87' lang='lat' dir='ltr'>tuberculis</span> <span class='ocrx_word' id='word_1_232' title='bbox 1411 4488 1587 4552; x_wconf 71' lang='lat' dir='ltr'>naturam</span> <span class='ocrx_word' id='word_1_233' title='bbox 1603 4461 1786 4552; x_wconf 57' lang='lat' dir='ltr'>hsbeant„</span> <span class='ocrx_word' id='word_1_234' title='bbox 1809 4469 1929 4554; x_wconf 80' lang='lat' dir='ltr'>Nihil</span> 
     </span>
     <span class='ocr_line' id='line_1_32' title="bbox 364 4568 1928 4697; baseline 0.012 -47"><span class='ocrx_word' id='word_1_235' title='bbox 364 4595 372 4606; x_wconf 89' lang='lat'><strong>·</strong></span> <span class='ocrx_word' id='word_1_236' title='bbox 492 4568 637 4652; x_wconf 88' lang='lat' dir='ltr'>horum</span> <span class='ocrx_word' id='word_1_237' title='bbox 666 4570 878 4656; x_wconf 69' lang='lat' dir='ltr'>effesiirum</span> <span class='ocrx_word' id='word_1_238' title='bbox 912 4577 1081 4686; x_wconf 87' lang='lat' dir='ltr'>pertinet</span> <span class='ocrx_word' id='word_1_239' title='bbox 1115 4577 1165 4660; x_wconf 76' lang='lat' dir='ltr'>ad</span> <span class='ocrx_word' id='word_1_240' title='bbox 1193 4574 1388 4664; x_wconf 86' lang='lat' dir='ltr'>leviorem</span> <span class='ocrx_word' id='word_1_241' title='bbox 1422 4580 1595 4697; x_wconf 86' lang='lat' dir='ltr'>speciem</span> <span class='ocrx_word' id='word_1_242' title='bbox 1628 4611 1714 4696; x_wconf 76' lang='lat' dir='ltr'>quse</span> <span class='ocrx_word' id='word_1_243' title='bbox 1744 4583 1928 4670; x_wconf 83' lang='lat' dir='ltr'>furorem</span> 
     </span>
    </p>
   </div>
   <div class='ocr_carea' id='block_1_7' title="bbox 527 4751 1375 4921">
    <p class='ocr_par' dir='ltr' id='par_1_9' title="bbox 527 4751 1375 4921">
     <span class='ocr_line' id='line_1_33' title="bbox 528 4751 1375 4852; baseline 0.014 -36"><span class='ocrx_word' id='word_1_244' title='bbox 528 4759 541 4831; x_wconf 87' lang='grc'>(</span> <span class='ocrx_word' id='word_1_245' title='bbox 549 4761 583 4822; x_wconf 76' lang='grc' dir='ltr'>α)</span> <span class='ocrx_word' id='word_1_246' title='bbox 602 4751 664 4815; x_wconf 70' lang='lat' dir='ltr'>Lib.</span> <span class='ocrx_word' id='word_1_247' title='bbox 679 4755 712 4817; x_wconf 87' lang='lat' dir='ltr'>de</span> <span class='ocrx_word' id='word_1_248' title='bbox 724 4757 918 4840; x_wconf 68' lang='lat' dir='ltr'>Epinibiidibus</span> <span class='ocrx_word' id='word_1_249' title='bbox 930 4771 957 4826; x_wconf 74' lang='grc' dir='ltr'>δι</span> <span class='ocrx_word' id='word_1_250' title='bbox 972 4763 1120 4840; x_wconf 82' lang='lat' dir='ltr'>Roseolis,</span> <span class='ocrx_word' id='word_1_251' title='bbox 1136 4786 1203 4852; x_wconf 75' lang='lat' dir='ltr'>pag.</span> <span class='ocrx_word' id='word_1_252' title='bbox 1220 4787 1255 4840; x_wconf 85' lang='lat'>2,</span> <span class='ocrx_word' id='word_1_253' title='bbox 1272 4785 1331 4850; x_wconf 75' lang='lat' dir='ltr'>cap.</span> <span class='ocrx_word' id='word_1_254' title='bbox 1345 4789 1375 4840; x_wconf 85' lang='lat'>7.</span> 
     </span>
     <span class='ocr_line' id='line_1_34' title="bbox 527 4835 862 4921; baseline 0.006 -22"><span class='ocrx_word' id='word_1_255' title='bbox 527 4837 584 4916; x_wconf 74' lang='lat' dir='ltr'>(l)</span> <span class='ocrx_word' id='word_1_256' title='bbox 601 4835 716 4908; x_wconf 67' lang='lat' dir='ltr'>Liut,</span> <span class='ocrx_word' id='word_1_257' title='bbox 729 4859 792 4921; x_wconf 77' lang='lat' dir='ltr'>cap·</span> <span class='ocrx_word' id='word_1_258' title='bbox 810 4861 862 4910; x_wconf 80' lang='lat'>77.</span> 
     </span>
    </p>
   </div>
   <div class='ocr_carea' id='block_1_8' title="bbox 937 2661 1933 2776">
    <p class='ocr_par' dir='ltr' id='par_1_10' title="bbox 937 2661 1933 2776">
     <span class='ocr_line' id='line_1_35' title="bbox 937 2661 1933 2776; baseline 0.002 -30"><span class='ocrx_word' id='word_1_259' title='bbox 937 2661 1134 2769; x_wconf 87' lang='lat' dir='ltr'>oliorum,</span> <span class='ocrx_word' id='word_1_260' title='bbox 1153 2663 1219 2747; x_wconf 89' lang='lat' dir='ltr'>seu</span> <span class='ocrx_word' id='word_1_261' title='bbox 1232 2666 1362 2776; x_wconf 76' lang='lat' dir='ltr'>potius</span> <span class='ocrx_word' id='word_1_262' title='bbox 1374 2665 1595 2776; x_wconf 86' lang='lat' dir='ltr'>petalorum</span> <span class='ocrx_word' id='word_1_263' title='bbox 1608 2662 1759 2776; x_wconf 84' lang='lat' dir='ltr'>conglo</span> <span class='ocrx_word' id='word_1_264' title='bbox 1790 2669 1933 2766; x_wconf 79' lang='lat' dir='ltr'>atione¹</span> 
     </span>
    </p>
   </div>
   <div class='ocr_carea' id='block_1_9' title="bbox 0 0 2118 5910">
    <p class='ocr_par' dir='ltr' id='par_1_11' title="bbox 0 0 2118 5910">
     <span class='ocr_line' id='line_1_36' title="bbox 0 0 2118 5910; baseline 0 0"><span class='ocrx_word' id='word_1_265' title='bbox 0 0 2118 5910; x_wconf 95' lang='lat' dir='ltr'> </span> 
     </span>
    </p>
   </div>
  </div>
 </body>
</html>
