4226 5916
492 365 575 476 460
805 421 807 428 ·
934 354 1043 450 ΠΕ
1104 351 1467 447 M'O'Rssl's

491 521 727 634 addensata,
751 517 951 612 eborinus
974 523 1266 636 quisquiliarum
1286 529 1424 612 harum
1447 523 1542 609 exit.
1570 522 1619 606 In
1642 515 1797 628 juniore
1818 547 1933 610 aetate

498 645 588 725 rarb
612 643 776 756 porrigo
804 638 918 724 saevit.
951 639 1044 723 Nec
1062 661 1202 724 *tamen
1225 636 1300 724 lite
1327 641 1445 723 etiam
1474 632 1733 720 melioratas
1762 639 1930 719 onrninb

493 755 682 838 immunis
698 755 762 836 est.
784 751 875 834 Post
884 749 1131 866 pubertatem
1141 755 1182 835 in
1194 749 1366 834 maribus
1382 751 1479 867 sape
1496 747 1635 832 arescit
1648 749 1750 847 cutis
1767 750 1928 861 capitis,

491 867 526 950 st
547 867 754 982 pracsertim
776 864 981 948 diuturnos
1001 861 1157 949 labores
1176 862 1235 948 illi
1252 861 1446 970 tolerent,
1467 859 1591 947 solive
1609 859 1823 943 ardentiori
1841 859 1928 944 fue-

495 982 576 1062 rint
595 977 784 1091 expositi,
802 974 907 1059 unde
923 973 1012 1059 ante
1028 975 1133 1061 diem
1152 1007 1234 1060 non
1249 977 1328 1074 stne
1346 980 1547 1092 porrigine
1566 971 1814 1078 calvescunt‚
1835 977 1927 1054 cirnt

499 1089 700 1201 liquidiori
729 1118 851 1172 muco
880 1092 1007 1172 minus
1033 1089 1215 1174 foveatur
1245 1088 1475 1204 epidermis,
1508 1087 1787 1194 exficcatoque
1817 1109 1927 1168 textu

494 1206 601 1286 'cutis
625 1197 813 1316 capillata
837 1201 1059 1286 densissimo
1067 1247 1088 1310 ‚·
1105 1206 1147 1285 in
1170 1204 1261 1316 ipsis
1288 1201 1364 1284 suis
1380 1197 1579 1285 natalibus
1602 1227 1741 1282 mucus
1767 1199 1928 1308 inorga·

493 1315 588 1398 nice
603 1313 835 1399 concrescat
845 1373 863 1422 ,-
879 1315 1084 1424 rursusque
1099 1319 1212 1399 novis
1227 1314 1381 1428 semper
1396 1309 1645 1398 affluentibus
1662 1309 1769 1394 muci
1788 1307 1927 1418 liquidi

492 1425 705 1512 elementis
742 1457 838 1511 mox
868 1426 1183 1511 concrescendus
1219 1427 1454 1512 renascatur.
1492 1425 1676 1509 Ariditati
1697 1447 1840 1541 autem
1869 1419 1927 1506 illi

497 1567 543 1628 ut
571 1539 742 1624 maxime
773 1536 942 1644 subjecta
966 1542 1027 1622 est'
1048 1548 1100 1624 dr·
1119 1537 1394 1625 folliculorum
1423 1537 1680 1623 sebaceorum·
1707 1543 1749 1620 δι
1781 1531 1926 1618 bulbo·

494 1677 585 1736 rum
617 1654 781 1759 vicinia,
808 1655 862 1735 ita
892 1649 1086 1768 precipue
1112 1655 1153 1734 in
1175 1649 1293 1736 locor
1321 1648 1411 1768 pilis
1440 1648 1586 1734 obsitos
1614 1649 1719 1732 savit
1748 1651 1927 1780 porrigo.

492 1765 605 1850 Cum
633 1765 1003 1850 autem-inclinante
1028 1789 1138 1848 atate
1162 1764 1317 1849 ariditas
1340 1762 1409 1846 illa
1433 1791 1483 1848 ex
1508 1789 1654 1845 naturae
1671 1760 1815 1843 ordine
1835 1787 1924 1844 eve-

494 1882 605 1990 niat,
630 1875 687 1958 nil
708 1879 851 1960 mirum
874 1880 976 1960 estsr
1001 1881 1163 1991 porrigo
1182 1905 1275 1960 eam
1300 1901 1451 1963 atatem
1477 1876 1624 1987 affligat
1636 1935 1650 1979 ,
1675 1879 1768 1955 cum
1783 1875 1841 1955 ‘iis
1863 1873 1926 1982 qui

494 1985 731 2076 calvescunt
746 1993 846 2073 cutis
864 1990 1164 2103 praetermodum
1183 1991 1351 2096 arescat,
1369 1994 1423 2072 ita
1441 2014 1486 2072 ut
1504 1987 1572 2071 ubi
1591 1983 1699 2069 nulla
1719 1987 1926 2102 porriginit

422 2151 427 2169 ι
493 2099 667 2216 suspicio
689 2105 760 2206 est,
789 2097 889 2185 cutis
911 2097 1115 2186 calvorum
1158 2103 1433 2187 retermodum
1452 2098 1555 2184 laevis
1581 2105 1622 2183 bt
1649 2103 1777 2182 nitens
1803 2095 1926 2182 oculis

493 2210 702 2330 appareat,
723 2207 806 2296 i'mb
822 2223 863 2298 ὅ(
877 2218 917 2296 in
931 2213 1013 2328 ipsi
1028 2135 1216 2298 sanissimi
1232 2219 1369 2328 capitis
1382 2213 1615 2298 conditione
1627 2209 1738 2294 lerna
1751 2213 1927 2324 ingentes

493 2321 882 2442 epidermidissacile
898 2325 919 2409 l
935 2353 1028 2412 cute
1041 2324 1208 2431 subjecta
1222 2327 1483 2414 detrahantur.
1507 2327 1656 2409 Verum
1676 2323 1727 2408 de
1740 2321 1925 2407 eo'calvi

494 2434 740 2552 tici'genete'
758 2437 969 2550 aliquandi)
988 2440 1202 2524 dicendum
1221 2442 1320 2547 erit,
1342 2443 1433 2522 cirm
1458 2437 1564 2523 certe
1585 2435 1758 2520 inbisce
1782 2431 1925 2520 casrbut

493 2551 758 2668 'porrigo-pro
777 2547 1030 2666 depuratorio
1053 2551 1198 2636 morbo
1220 2551 1354 2636 haberi
1373 2580 1455 2634 non
1478 2549 1607 2664 possit.

545 2666 613 2748 “Ar
644 2662 757 2748 nullo
786 2668 905 2748 aetatis
933 2663 1158 2749 discrimine
1182 2665 1369 2749 invadens
1388 2664 1514 2748 -datur
1539 2661 1615 2747 alia
1644 2662 1750 2776 porri
1781 2688 1809 2742 o
1838 2659 1927 2748 veri

494 2773 686 2861 morbosa
702 2783 742 2860 dr
760 2776 1031 2892 depuratoria‚
1050 2805 1157 2860 nuuc
1173 2779 1294 2882 steca,
1318 2803 1424 2860 nunc
1447 2777 1635 2880 madent,
1659 2689 1812 2888 capifiis
1837 2805 1925 2888 pra·

495 2887 617 3004 cipue
640 2888 799 2973 insensa.
827 2891 1044 3000 Utramque
1068 2916 1160 2974 cum
1181 2893 1306 3003 -pn'ori
1326 2889 1552 3004 &simplici
1572 2887 1782 3004 porriginis
1801 2885 1824 2968 s
1867 2889 1924 2972 cie

496 3029 701 3112 nunquam
731 2999 935 3084 confusam
959 3000 1092 3086 velim.
1123 3002 1225 3110 Quat
1254 3029 1336 3084 non
1360 3001 1494 3085 madet
1518 3000 1751 3108 juniores&
1774 3027 1796 3081 a
1826 3000 1924 3084 ultor

497 3111 766 3232 persequitur,
787 3141 861 3196 nec
881 3116 990 3198 senio
1006 3117 1142 3228 parcit.
1163 3114 1251 3229 Ipsa
1271 3117 1371 3199 cutis
1386 3117 1546 3228 capitis,
1567 3115 1594 3196 sr
1612 3111 1844 3218 deradatur,
1862 3111 1922 3197 ali-

495 3225 659 3337 quandi)
675 3225 926 3309 ‘tedematosa
951 3252 1130 3341 apparet,
1158 3235 1200 3310 ὃ(
1225 3227 1352 3340 digito
1378 3231 1554 3341 tangenti
1580 3225 1708 3329 cedit,
1729 3224 1925 3310 dolorem·

499 3365 579 3452 que
605 3335 738 3422 rotem
772 3341 930 3422 excitat.
964 3343 1030 3422 'An
1059 3343 1161 3422 hanc
1191 3345 1295 3453 porri
1325 3344 1433 3426 inem
1448 3337 1530 3424 sub
1560 3340 1725 3422 nomine
1753 3337 1925 3422 cestorum

492 3451 705 3534 dolentium
722 3449 920 3566 descripsit
930 3449 1154 3536 Trallianus
1173 3456 1255 3557 (cni
1316 3457 1383 3536 itm
1403 3477 1589 3568 apparent
1602 3448 1767 3534 maculae
1781 3449 1925 3536 surfirrt

493 3563 723 3650 tenuissimo
747 3569 788 3646 dt
863 3594 880 3647 r
905 3578 992 3648 aera
1013 3563 1221 3670 volitanti,
1246 3563 1340 3647 dirm
1364 3565 1493 3649 sri‘c'tio
1514 3561 1758 3668 adhibetur,
1791 3564 1926 3676 plenae.

498 3675 663 3762 Fundus
683 3592 924 3760 marcullum
945 3674 1203 3762 rubicundior
1222 3679 1296 3784 est,
1325 3686 1365 3762 bt
1391 3678 1486 3792 saepe
1509 3677 1531 3760 ὲ
1552 3673 1720 3760 calvaria
1741 3675 1930 3787 adusque

496 3789 673 3873 srontem
684 3787 798 3871 foedo
811 3787 1036 3902 spetiaculo
1044 3792 1302 3904 protenditur.
1310 3790 1420 3905 Saepe
1433 3819 1501 3904 per
1512 3793 1696 3902 hyemem
1710 3793 1752 3872 δι
1767 3789 1930 3874 <estatem

496 3901 648 3984 malum
657 3900 866 4006 delitescit,
882 3927 957 3985 nec
968 3927 1100 3986 tamen
1112 3903 1424 4002 celsatomninb3
1434 3930 1527 3987 vere
1542 3909 1787 3985 &autumno
1802 3905 1929 3986 rursm

493 4013 605 4126 -saevit
625 4012 809 4099 ferocius.
836 4013 1028 4124 Quaenam
1043 4015 1141 4098 vero
1161 4015 1275 4100 causa
1285 4019 1531 4132 porriginem
1550 4016 1654 4098 hanc
1674 4018 1717 4096 in
1737 4011 1927 4132 capillos,

497 4123 728 4235 supercilia,
753 4153 799 4210 ut
819 4129 928 4234 vidi,
951 4123 1111 4210 barbam
1130 4125 1364 4212 determinat
1381 4134 1396 4208 i
1420 4127 1531 4242 Saepe
1552 4128 1809 4239 contagium,
1832 4123 1930 4322 sepe

502 4238 651 4320 acrium
673 4239 906 4323 irritantium
929 4265 1150 4324 aromatum
1172 4239 1290 4346 usuc,
1312 4239 1415 4323 male
1438 4237 1570 4325 seduli
1590 4238 1784 4323 munditie
1804 4269 1881 4354 app
1899 4241 1932 4304 '-

497 4349 710 4455 ἐπίστω,
730 4355 971 4464 porriginem
989 4351 1126 4438 efficit.
1155 4350 1289 4468 δπρὲ,
1302 4379 1427 4437 verno
1443 4354 1649 4468 presertim
1667 4375 1873 4466 tempore,
1891 4354 1932 4436 in

495 4453 711 4541 :calvariam
731 4459 904 4547 debilem
923 4465 1121 4552 radiorum
1138 4464 1325 4550 solarium
1345 4468 1445 4550 aelio
1465 4465 1557 4549 mali
1575 4467 1713 4548 tueor
1731 4463 1818 4548 fuir.
1837 4463 1934 4548 Vidi

496 4565 809 4684 pulcherrimum
823 4571 1020 4680 juniorum
1034 4579 1285 4662 foeminarum
1300 4603 1450 4662 coetum
1463 4576 1623 4693 pulvere
1633 4580 1774 4692 cyprio
1784 4576 1935 4660 eodem
2026 4671 2029 4680 ¹

495 4681 721 4765 ’aromatico
747 4691 973 4802 utentium,
1005 4694 1140 4777 hocce
1161 4690 1269 4780 malo
1294 4691 1513 4778 infestatum
1533 4723 1547 4796 3
1571 4715 1722 4778 mutato
1759 4687 1935 4804 poluerit

535 4843 590 4922 (a)
609 4837 799 4926 macana,
891 4869 896 4895 ι.
