4226 5916
466 441 549 540 43⁸
908 423 1017 511 na
1083 420 1447 509 nonsrs

469 594 643 709 accipit,
664 593 911 704 acquiritque
934 590 1048 673 dotes
1069 587 1174 673 unde
1197 592 1310 674 novis
1331 585 1484 694 usibus,
1512 583 1703 698 novisque
1723 583 1913 670 secretio-

472 707 587 793 nibus
609 733 697 817 apta
713 704 877 804 evadat3
896 733 1046 786 cornua
1067 706 1107 786 in
1132 701 1360 786 animalium
1382 700 1645 813 quorumdam
1666 699 1800 784 fronte
1821 696 1912 781 suc·

473 821 676 927 crescunt,
699 817 937 904 evolvuntur
959 845 1133 930 organa,
1160 818 1426 900 secretionum
1449 840 1565 900 tenor
1592 823 1635 898 bt
1658 837 1847 928 augetur,
1871 819 1913 896 St

472 939 677 1039 firmatur,
707 957 890 1041 novaque
923 933 1142 1045 generatrix
1172 929 1337 1016 facultas
1367 931 1480 1014 novis
1511 925 1671 1012 stimulis
1704 928 1912 1011 hominem

472 1047 718 1133 accendit&
738 1047 966 1128 inflammat.
988 1045 1144 1129 Omnes
1166 1042 1241 1127 illae
1261 1047 1499 1130 mutationes
1516 1045 1557 1126 in
1573 1037 1808 1126 oeconomia
1827 1040 1914 1120 ani·

473 1161 569 1248 mali
587 1160 802 1244 necessarie
822 1158 938 1242 dode
958 1165 999 1242 dt
1014 1157 1100 1241 fuse
1114 1156 1136 1242 l
1151 1158 1216 1242 Cl.
1236 1157 1291 1243 R.
1308 1156 1448 1242 Russel
1468 1163 1517 1263 (a)
1537 1156 1713 1240 enodate
1733 1161 1774 1238 dt
1795 1181 1914 1266 expo·
1986 1178 1991 1191 “

474 1278 549 1359 litae
583 1275 700 1356 nostri
737 1301 820 1355 non
854 1272 941 1355 su'nt
971 1273 1131 1354 instituti
1162 1304 1174 1374 ;
1208 1272 1377 1356 sufficiat
1411 1273 1509 1356 scire
1546 1271 1676 1353 mitibs
1708 1265 1840 1352 multo
1872 1273 1914 1350 ὅ(

472 1387 598 1472 lenius
624 1415 716 1468 cum
739 1384 951 1469 infantibus
977 1383 999 1468 it
1023 1383 1158 1470 naturd
1190 1417 1211 1468 a
1240 1389 1288 1493 i,
1325 1383 1393 1468 ubi
1430 1381 1647 1500 suppre'lla,
1679 1382 1746 1467 vel
1774 1381 1915 1464 sensim

472 1504 682 1586 imminuta
702 1499 928 1614 perspiratio
947 1496 1017 1581 sub
1038 1525 1150 1582 textu
1171 1417 1350 1582 ceilulari
1373 1515 1570 1602 remanet,
1592 1495 1698 1579 unde
1721 1493 1791 1578 srbi
1807 1499 1913 1580 viam

475 1616 609 1720 cudit,
627 1616 710 1696 cuti
723 1611 912 1726 capillata
928 1611 1133 1726 prasertim
1150 1613 1301 1696 infidias
1316 1615 1475 1717 struens,
1493 1611 1671 1720 adquam
1688 1617 1729 1693 St
1742 1612 1915 1692 maxima

475 1728 632 1833 moles,
659 1735 702 1811 bt
721 1724 879 1810 libertas
905 1727 1104 1807 meanium
1128 1723 1253 1830 major
1261 1789 1274 1841 ,
1302 1729 1347 1808 litx
1368 1729 1538 1809 refluxus
1565 1727 1682 1807 etiam
1708 1727 1914 1838 proximus

475 1845 628 1927 faciunt
645 1868 689 1922 ut
700 1902 712 1945 ‚
730 1839 900 1952 represso
921 1833 1059 1921 incutis
1074 1865 1183 1921 textu
1201 1841 1393 1944 humore,
1405 1863 1471 1922 tot
1485 1835 1616 1922 subita
1635 1835 1914 1924 convulsiones

477 1958 672 2041 infantum
697 1950 843 2034 tenella
865 1980 1034 2066 corpora
1059 1949 1240 2036 obruant.
1278 1952 1326 2034 ln
1352 1951 1425 2034 hic
1452 1979 1550 2065 ergo
1572 1948 1809 2034 infelicitate
1835 1955 1916 2035 hoc

477 2071 722 2160 fortunatum
744 2064 938 2178 superest,
967 2064 1077 2173 quod
1098 2067 1215 2148 stante
1232 2062 1307 2148 hac
1329 2061 1577 2149 abscesssrum
1588 2067 1830 2150 vacuatione
1845 2063 1914 2149 sal*

478 2207 561 2266 tem
586 2177 608 2261 a
629 2175 874 2292 gravioribus
899 2175 1012 2260 malis
1037 2204 1108 2260 eos
1134 2181 1328 2262 immunes
1350 2178 1538 2293 poffrmus
1563 2175 1771 2292 spondete.

536 2294 685 2376 Verum
709 2290 856 2374 herens
876 2289 950 2372 sub·
971 2315 1062 2372 cute
1087 2300 1128 2374 ἃ
1151 2291 1198 2374 ad
1222 2318 1354 2375 cutem
1374 2291 1603 2405 perspiratio
1625 2319 1742 2402 quam
1764 2317 1915 2377 veteres

478 2404 951 2520 fuliginosamvocavdre
967 2411 1008 2486 ἀ
1021 2401 1156 2514 dequd
1167 2407 1304 2488 A'e'tius
1317 2405 1366 2510 (b)
1382 2401 1548 2531 pulchre
1561 2407 1766 2487 annotavit
1783 2433 1915 2491 cutem

479 2517 728 2634 granulosam
755 2518 936 2620 efficere,
969 2519 1069 2603 cutis
1096 2515 1340 2602 substantiam
1361 2517 1520 2628 ejusque
1543 2515 1716 2600 maxime
1738 2544 1915 2604 externas

481 2658 656 2748 occupat
683 2625 859 2718 cellulas.
893 2631 1124 2744 Infringitur
1150 2633 1279 2714 nativa
1305 2627 1387 2737 ejus
1416 2633 1642 2714 constitutio
1675 2637 1715 2714 et
1746 2659 1919 2720 mutatur

479 2751 599 2831 etiam
624 2749 798 2830 exterior
824 2744 1008 2859 aspedus.
1042 2742 1211 2828 Scilicet
1235 2741 1304 2826 illa
1328 2745 1470 2828 florem
1495 2745 1603 2828 hunc
1632 2741 1828 2828 tenellum
1851 2751 1916 2856 qui

479 2860 651 2944 mucosn
676 2860 773 2945 vasis
797 2884 906 2941 extra
931 2855 1288 2973 propullulantibus
1316 2854 1508 2966 debetur,
1537 2859 1714 2958 amittit3
1743 2855 1836 2940 dura
1862 2857 1915 2941 est

479 2975 660 3058 tractanti
683 2971 821 3089 pellis,
846 3001 930 3082 quae
955 2970 1059 3055 laevis
1086 2980 1128 3056 ὃ(
1150 2969 1328 3055 molliter
1352 2971 1512 3056 afficere
1537 2973 1734 3084 tangentis
1759 2999 1918 3054 manum

482 3085 652 3196 debuit,
687 3095 730 3171 bt
767 3108 931 3170 notante
955 3086 1106 3191 Aetio,
1137 3084 1280 3200 hispidi
1311 3085 1410 3168 fiunt
1439 3087 1588 3204 pueri,
1619 3086 1703 3167 imb
1734 3089 1776 3168 dt
1807 3081 1917 3200 pilosi

482 3199 625 3316 posted.
648 3197 919 3313 Supercrescit
942 3200 1048 3304 cuti,
1076 3195 1145 3281 ubi
1168 3197 1362 3313 praecipub
1381 3198 1490 3316 tensa
1510 3199 1563 3283 est
1576 3259 1590 3306 ,
1614 3195 1749 3282 lichen
1763 3195 1864 3283 levis
1878 3205 1918 3284 bt

481 3311 694 3420 mucosus,
716 3339 836 3423 quem
856 3307 974 3394 facile
996 3313 1256 3396 instrumentis
1277 3309 1500 3396 radentibus
1524 3309 1715 3396 abradunt
1733 3316 1918 3397 nutrices.

483 3423 570 3510 Sub
598 3428 679 3509 hoc
706 3427 803 3510 vero
831 3422 991 3507 lichene
1015 3452 1201 3535 tanquam
1229 3421 1385 3539 pustulae
1410 3424 1518 3511 leves
1551 3451 1717 3508 numero
1745 3421 1921 3540 plurime

482 3565 704 3654 apparent,
736 3565 820 3649 quat
853 3535 983 3651 posted
1013 3538 1187 3622 adunata
1218 3539 1258 3620 in
1293 3533 1427 3622 ulcera
1460 3541 1676 3644 uniuntur,
1708 3535 1920 3650 aliquandi)

483 3651 591 3758 lata,
613 3649 823 3760 aliquando
845 3653 1002 3735 tenuitas
1029 3651 1224 3766 dispersa,
1252 3648 1393 3761 quibus
1423 3649 1476 3736 ob
1500 3652 1608 3735 muci
1628 3649 1827 3735 affluentis
1853 3683 1925 3737 co-

482 3769 589 3884 piam
616 3792 692 3847 orae
719 3769 761 3847 dt
788 3759 901 3845 limbi
929 3765 1129 3850 cralsrores
1155 3771 1197 3848 ὅ(
1223 3765 1405 3848 retorridi
1429 3785 1650 3961 apparent3
1679 3763 1748 3848 sed
1773 3764 1925 3882 semper

483 3905 619 3965 tamen
630 3880 804 3962 innatam
820 3874 1034 3958 mollitiem
1047 3876 1211 3963 servant.
1231 3875 1327 3962 Exit
1339 3875 1386 3961 ab
1404 3880 1445 3962 hi
1464 3906 1512 3963 ce
1530 3875 1764 3962 abscellibus
1779 3879 1926 3964 humor

483 3993 725 4099 flavescens,
745 3986 902 4096 olidus,
925 3989 1178 4074 raucedinem
1204 3992 1378 4077 aciditati
1404 3995 1568 4096 mixtam
1595 3995 1848 4108 exprimens,
1883 3999 1927 4078 dt

485 4108 554 4212 qui
576 4103 815 4190 volatilitate
837 4100 980 4188 oeulos
994 4108 1036 4188 dt
1059 4129 1170 4189 nares
1186 4105 1401 4190 acutissime
1422 4107 1560 4214 feriat,
1578 4107 1649 4188 nist
1664 4105 1798 4190 sedula
1817 4105 1928 4190 adhi-

485 4213 622 4300 beatur
648 4217 871 4302 mundities.
902 4243 907 4252 ·

543 4329 723 4414 Stadium
744 4334 939 4416 horumce
958 4325 1154 4414 malorum
1175 4329 1340 4415 definire
1360 4329 1642 4417 difficillimum
1655 4333 1725 4416 est.
1748 4329 1842 4416 Alia
1859 4336 1929 4418 vix

464 4447 607 4529 -trium
637 4443 827 4528 mensium
858 4443 1029 4559 periodo
1063 4448 1345 4553 continentur,
1385 4451 1426 4530 dt
1464 4446 1505 4530 id
1542 4443 1651 4530 malo
1683 4447 1823 4530 omine
1851 4449 1899 4532 fit
1913 4507 1929 4554 ‚

486 4555 809 4668 quandoquidem
828 4543 1218 4674 humoris'perpetuo
1244 4557 1485 4668 renovandi,
1510 4562 1659 4670 vixque
1685 4585 1755 4674 per
1779 4587 1929 4667 artem,

483 4669 552 4756 sed
579 4697 649 4785 per
674 4665 799 4752 solam
827 4696 980 4755 :etatem
1006 4673 1187 4760 mutandi
1214 4669 1344 4760 moles
1357 4737 1373 4784 ,
1402 4699 1483 4760 tam
1510 4670 1621 4760 brevi
1648 4671 1774 4788 spatio
1804 4673 1930 4760 sanari

523 4833 586 4905 (a)
608 4825 759 4884 OEconom.
781 4841 836 4886 nat.
860 4830 887 4887 in
907 4827 1031 4910 glandes.

485 4944 487 4950 ·
522 4907 585 4992 (b)
609 4899 767 4973 Teuabbl.
790 4921 820 4980 ¹.
840 4907 931 4971 Seno.
952 4927 991 4982 4,
1008 4928 1070 4991 cap.
1090 4917 1137 4972 26.
