4250 5898
512 461 598 544 550
765 445 776 460 ¹
947 431 1491 566 annonara

509 597 653 706 dorum
667 595 944 684 alimentorum
960 599 1267 712 ingurgitatione
1281 599 1450 684 nascitur
1464 597 1674 684 succorum
1693 593 1947 690 nutritiorum

510 709 766 828 depravatio,
791 709 896 795 unde
917 718 959 794 ὃ(
975 711 1043 794 sua
1064 714 1183 796 etiam
1202 716 1243 795 in
1264 739 1396 796 cutem
1417 711 1669 795 tenerrimam
1687 707 1796 794 labeo
1820 710 1945 820 mfligi
1997 775 2000 784 .

509 829 663 942 potest,
691 825 946 934 tumoresque
974 827 1014 905 in
1045 824 1092 908 ei
1120 824 1226 910 nasci
1247 827 1360 910 variae
1388 829 1429 908 dt
1457 825 1589 935 figura
1618 828 1660 904 dt
1686 825 1946 906 conditionis.

511 937 641 1049 Quod
664 938 714 1020 ei)
740 940 864 1050 magis
887 936 1122 1026 crediderim
1148 937 1257 1049 quod
1282 938 1449 1042 infantes
1471 932 1659 1018 maculari
1678 938 1726 1018 iia
1749 932 1945 1051 praecipue

512 1056 748 1162 contingant
765 1047 953 1134 matribus
968 1080 1052 1161 quat
1065 1051 1249 1134 nonsatis
1265 1081 1358 1134 cum
1377 1051 1531 1132 ratione
1551 1074 1693 1160 agunt,
1719 1057 1761 1132 δι
1778 1049 1944 1158 sequun«

507 1191 573 1252 tur
605 1166 737 1278 potiits
767 1163 850 1250 vim
883 1165 1202 1277 imaginationis,
1233 1163 1351 1274 quiam
1382 1162 1506 1246 sacras
1543 1165 1655 1244 omni
1686 1164 1728 1244 in
1762 1188 1943 1276 tempore

507 1279 671 1361 rationis
694 1274 815 1390 leges.
848 1277 954 1360 Ciam
978 1279 1098 1390 porro
1126 1281 1251 1392 prima
1276 1278 1469 1360 infantum
1493 1278 1601 1378 vita,
1629 1276 1757 1387 prima
1780 1280 1942 1364 nutritio

415 1469 425 1482 ,
507 1421 551 1474 m
611 1388 700 1473 ibus
718 1389 923 1474 commiila
943 1390 1011 1499 sar,
1032 1390 1200 1504 ipsarum
1220 1394 1341 1476 etiam
1361 1413 1526 1504 peccata
1547 1387 1680 1471 ferunt
1701 1387 1885 1502 infantes.

553 1416 656 1587 ³§ec
679 1505 777 1589 vero
807 1507 950 1616 pariter
974 1529 1119 1615 negare
1138 1501 1335 1599 voluerim
1362 1501 1580 1615 gentilitias
1606 1503 1696 1584 iilos
1720 1507 1941 1617 naevoequi

508 1615 605 1733 sape
623 1623 645 1700 i
663 1643 777 1731 patre¹
788 1625 829 1700 ὃι
844 1643 967 1703 matre
985 1617 1034 1701 ad
1048 1616 1171 1726 usque
1184 1617 1307 1701 seram
1321 1618 1553 1730 progeniem
1568 1619 1941 1728 communicantur,

510 1730 658 1846 quippe
676 1733 742 1839 qui
764 1729 937 1843 pendent
951 1729 1000 1816 ab
1019 1729 1208 1842 organici
1221 1732 1401 1843 corporis
1420 1732 1719 1842 progenerantis
1734 1729 1941 1838 strudiurd,

510 1870 555 1928 ut
578 1846 667 1930 lunt
695 1842 761 1926 sex
786 1844 982 1954 digitarii,
1010 1843 1325 1949 monorchidea,
1350 1839 1495 1952 aliique¹
1517 1838 1633 1946 hujus
1656 1847 1813 1954 generis
1839 1873 1940 1955 quo*

508 1987 597 2042 rum
615 1958 756 2044 vitium
771 1958 889 2036 etiam
904 1954 951 2036 ab
967 1960 1047 2039 avis
1061 1963 1102 2040 ὅ(
1118 1960 1264 2064 atavis,
1286 1954 1362 2040 uni
1376 1953 1533 2070 dempti
1580 1959 1809 2040 eneratione
1818 2018 1833 2062 ,
1853 1989 1938 2072 pro¹

507 2091 698 2180 pagantur
709 2126 724 2172 ,
744 2073 786 2149 ὃ(
810 2095 981 2174 quorum
1008 2059 1190 2183 exempla
1208 2072 1380 2182 reperire
1401 2071 1453 2153 est
1478 1987 1737 2180 mudiplicata
1758 2073 1801 2152 in
1825 2075 1937 2157 variis

507 2178 815 2262 Academiarum
837 2181 931 2263 attis
955 2188 998 2264 dt
1021 2179 1129 2272 circla
1149 2211 1235 2292 que
1256 2207 1427 2266 metetur
1451 2184 1520 2291 qui
1540 2180 1691 2294 legatur
1714 2181 1935 2269 Beccherur

484 2291 486 2306 '
508 2294 550 2372 in
571 2288 676 2405 libro
688 2291 864 2376 secundo
885 2292 936 2377 de
950 2292 1114 2406 Physaci
1134 2292 1392 2378 subterranea.
1415 2293 1539 2378 Certe
1556 2295 1584 2376 sr
1598 2296 1639 2376 in
1658 2321 1700 2378 re
1722 2293 1878 2408 cogniti
1894 2305 1934 2382 dt

445 2432 449 2438 ·
508 2401 727 2512 concessi}
750 2433 826 2490 nec
845 2431 977 2490 tamen
997 2412 1123 2519 magis
1144 2403 1317 2491 enodati
1333 2405 1452 2517 quim
1470 2405 1627 2516 reliqua
1648 2404 1937 2495 observationes

294 2505 300 2518 ’
410 2598 412 2604 ,
471 2551 473 2554 ·
505 2517 671 2632 phyficae
702 2548 785 2627 quae
807 2519 856 2601 ad
882 2523 1179 2632 generationem
1209 2520 1382 2633 spellam
1395 2579 1413 2624 ,
1447 2517 1598 2630 aliquid
1624 2519 1770 2604 addere
1788 2519 1935 2628 liceat,

508 2633 605 2716 novi
632 2631 776 2716 ducem
800 2633 1050 2718 fortiffimum
1064 2696 1082 2739 ,
1106 2636 1172 2718 cui
1204 2630 1470 2717 bombardae
1495 2630 1579 2717 selo
1632 2659 1676 2718 to
1701 2631 1935 2720 claviculam

507 2744 691 2828 contudit
717 2748 772 2828 ita
802 2772 846 2828 ut
874 2744 991 2831 locus
1019 2747 1183 2862 supersit
1208 2777 1369 2832 vacuus.
1404 2745 1510 2830 Ollis
1541 2777 1560 2830 r
1601 2746 1714 2856 iquiae
1742 2749 1936 2859 utrimque

506 2861 640 2968 prima
659 2859 772 2940 costa
791 2858 998 2944 adherent.
1025 2861 1063 2942 Is
1082 2862 1166 2974 poli
1189 2859 1296 2942 laune
1315 2859 1447 2956 casum
1469 2858 1610 2942 extulit
1627 2856 1803 2972 puellam
1821 2889 1935 2970 quam

504 2967 620 3052 simili
638 2968 795 3054 defectu
812 2968 991 3054 laborare
1005 2973 1113 3077 uidi,
1136 2961 1235 3055 licet
1252 2970 1375 3056 talem
1389 2971 1680 3056 deformitatem
1696 2974 1767 3086 ipsr
1786 2973 1935 3058 addida

384 3171 387 3180 Δ
504 3110 607 3167 uxor
638 3079 739 3164 bene
767 3082 1084 3167 diisunulatami
1141 3087 1323 3170 oraverit.
1354 3083 1436 3169 Sed
1463 3084 1507 3168 id
1532 3113 1621 3168 nort
1642 3113 1682 3166 m
1734 3088 1934 3170 'nmirum

506 3195 625 3284 offert
647 3193 911 3306 speclaculum
935 3195 1055 3306 quim
1107 3198 1245 3281 edulia
1271 3201 1481 3312 inpueros
1507 3195 1529 3280 ὲ
1555 3199 1701 3312 paren'
1735 3230 1781 3282 ns
1807 3197 1933 3282 simili·

504 3305 606 3392 tudo
634 3305 762 3390 faciei.
790 3306 891 3390 Inest
914 3311 1019 3391 enim
1041 3311 1102 3392 vis
1124 3310 1279 3422 plastica
1301 3308 1410 3394 circi
1432 3339 1550 3420 quam
1574 3311 1798 3394 ratiocinari
1820 3339 1933 3421 atque

502 3445 733 3614 argupnenta
748 3419 968 3560 cpmulare,
988 3447 1032 3504 ur
1048 3423 1181 3506 otiosre
1198 3424 1371 3534 Physicis
1378 3421 1597 3528 jucundum
1607 3426 1680 3530 est,
1694 3425 1749 3506 ita
1760 3423 1934 3508 Medicis

502 3559 641 3618 mune
687 3559 828 3618 torsus.

560 3647 615 3730 At
629 3561 685 3728 ui
687 3646 889 3758 posteriori
906 3649 1104 3755 quaestioni
1122 3647 1310 3732 faciamus
1322 3647 1434 3754 satit,
1449 3647 1739 3762 imaginationis
1752 3675 1935 3734 matema

501 3761 542 3844 in
569 3757 710 3842 foetum
737 3761 786 3841 eo
811 3757 1030 3871 periculosa
1056 3791 1119 3842 ma
1149 3765 1180 3844 is
1209 3763 1370 3874 opinio,
1394 3761 1502 3872 quod
1523 3785 1657 3846 teneat
1673 3789 1741 3845 caa
1760 3761 1936 3848 maculae

500 3899 703 3983 nunquam
727 3867 807 3954 ulli
834 3895 916 3954 arte
939 3872 1047 3985 polle
1070 3791 1206 3958 deien.
1234 3875 1363 3985 Quod
1388 3903 1433 3956 ut
1459 3873 1598 3959 falsum
1623 3876 1675 3958 est
1689 3933 1704 3980 ‚
1733 3877 1787 3958 ica
1812 3877 1932 3960 etiam

500 3983 608 4070 nulla
636 3986 689 4068 est
712 4012 761 4069 ex
784 3983 895 4068 hisce
916 3985 1081 4072 maculis
1104 4017 1187 4096 quae
1210 4017 1293 4070 nou
1318 3987 1370 4072 ad
1392 3985 1556 4096 aliquod
1577 4014 1701 4101 genus
1721 3987 1930 4101 descripta·

499 4129 587 4181 rum
605 4095 849 4182 maculatum
870 4097 1069 4182 referatur.
1093 4099 1187 4182 Vini
1209 4099 1396 4206 macula,
1415 4099 1530 4184 laridi
1546 4101 1717 4187 extrnsro
1731 4099 1817 4214 pilis
1834 4127 1931 4184 otte-

498 4213 600 4308 rati,
611 4212 738 4315 mori,
756 4211 878 4315 ficus,
895 4215 1063 4320 racemi,
1083 4207 1268 4294 lumbrici
1281 4215 1494 4319 terrestres,
1511 4214 1646 4296 cancri
1658 4217 1765 4296 colli
1783 4215 1927 4326 ligura,

498 4321 773 4439 praeconcepti
792 4328 985 4438 opinione
1001 4322 1134 4438 fugati
1151 4353 1273 4434 atque
1288 4324 1492 4430 derelicta,
1516 4325 1746 4449 adaptantur
1768 4326 1818 4410 ad
1838 4328 1931 4438 thy-

497 4439 600 4542 mia,
618 4439 867 4548 acrothymia
876 4499 892 4544 ,
903 4465 1085 4523 verrucas
1100 4499 1114 4544 ‚
1131 4442 1346 4548 myrmecia
1371 4446 1412 4522 dt
1434 4433 1509 4522 alia
1527 4436 1755 4542 liunrflnodi
1771 4467 1855 4548 qua
1865 4499 1879 4544 ,
1899 4439 1929 4522 st

495 4549 687 4637 tollantur
715 4549 897 4654 manue,
923 4580 1086 4664 parvam·
1108 4549 1335 4660 relinquunt
1360 4553 1615 4653 cicatricem,
1643 4550 1753 4660 quod
1777 4550 1935 4636 scilicet

495 4662 621 4780 vulgo
646 4689 774 4745 rotam
799 4689 932 4746 cutem
953 4670 994 4745 δι
1016 4666 1194 4746 intimam
1213 4661 1294 4768 ejus
1313 4661 1558 4748 frrbl’tantiam
1578 4661 1830 4769 adoriantur,
1852 4691 1937 4748 nec

494 4781 593 4867 veri)
619 4777 826 4887 superficie
853 4782 966 4870 tenire
997 4776 1257 4860 efflorescant.
1274 4779 1278 4790 ’
1294 4777 1404 4860 Hinc
1433 4771 1484 4858 ad
1508 4775 1576 4858 sua
1604 4803 1767 4884 quaque
1799 4779 1934 4890 capita

495 4888 918 4999 drmdeilsammsu,
931 4886 1466 5002 vnarauidemuacurampliiaa
1478 4885 1941 5002 circiteaertspatiemnr,¹
