<?xml version="1.0" encoding="UTF-8"?>
<!DOCTYPE html PUBLIC "-//W3C//DTD XHTML 1.0 Transitional//EN"
    "http://www.w3.org/TR/xhtml1/DTD/xhtml1-transitional.dtd">
<html xmlns="http://www.w3.org/1999/xhtml" xml:lang="en" lang="en">
 <head>
  <title>
</title>
<meta http-equiv="Content-Type" content="text/html;charset=utf-8" />
  <meta name='ocr-system' content='tesseract 3.04.00' />
  <meta name='ocr-capabilities' content='ocr_page ocr_carea ocr_par ocr_line ocrx_word'/>
</head>
<body>
  <div class='ocr_page' id='page_1' title='image "./tractatusdemorb00cavegoog_0632.png"; bbox 0 0 4292 5904; ppageno 0'>
   <div class='ocr_carea' id='block_1_1' title="bbox 521 337 1511 454">
    <p class='ocr_par' dir='ltr' id='par_1_1' title="bbox 521 337 1511 454">
     <span class='ocr_line' id='line_1_1' title="bbox 521 337 1511 454; baseline -0.007 -21"><span class='ocrx_word' id='word_1_1' title='bbox 521 358 605 454; x_wconf 66' lang='grc' dir='ltr'>ιιι</span> <span class='ocrx_word' id='word_1_2' title='bbox 967 337 1511 430; x_wconf 75' lang='lat' dir='ltr'>annonara</span> 
     </span>
    </p>
   </div>
   <div class='ocr_carea' id='block_1_2' title="bbox 475 501 1962 2548">
    <p class='ocr_par' dir='ltr' id='par_1_2' title="bbox 516 501 1962 1072">
     <span class='ocr_line' id='line_1_2' title="bbox 520 501 1962 624; baseline 0.001 -30"><span class='ocrx_word' id='word_1_3' title='bbox 520 509 591 594; x_wconf 92' lang='lat' dir='ltr'>sub</span> <span class='ocrx_word' id='word_1_4' title='bbox 621 507 785 594; x_wconf 90' lang='lat' dir='ltr'>nomine</span> <span class='ocrx_word' id='word_1_5' title='bbox 813 505 879 592; x_wconf 84' lang='lat' dir='ltr'>der</span> <span class='ocrx_word' id='word_1_6' title='bbox 904 504 974 592; x_wconf 83' lang='lat' dir='ltr'><em>W</em></span> <span class='ocrx_word' id='word_1_7' title='bbox 966 536 1056 592; x_wconf 85' lang='lat' dir='ltr'>uren</span> <span class='ocrx_word' id='word_1_8' title='bbox 1080 505 1347 624; x_wconf 89' lang='lat' dir='ltr'>epidemicum</span> <span class='ocrx_word' id='word_1_9' title='bbox 1363 509 1407 591; x_wconf 88' lang='lat' dir='ltr'>iu</span> <span class='ocrx_word' id='word_1_10' title='bbox 1428 502 1595 612; x_wconf 82' lang='lat' dir='ltr'>Galliis,</span> <span class='ocrx_word' id='word_1_11' title='bbox 1622 501 1716 590; x_wconf 91' lang='lat' dir='ltr'>dein</span> <span class='ocrx_word' id='word_1_12' title='bbox 1735 503 1962 596; x_wconf 79' lang='lat' dir='ltr'>Germanic</span> 
     </span>
     <span class='ocr_line' id='line_1_3' title="bbox 518 617 1962 738; baseline 0.002 -31"><span class='ocrx_word' id='word_1_13' title='bbox 518 621 753 736; x_wconf 86' lang='lat' dir='ltr'>quibusdam</span> <span class='ocrx_word' id='word_1_14' title='bbox 775 619 878 705; x_wconf 89' lang='lat' dir='ltr'>locis</span> <span class='ocrx_word' id='word_1_15' title='bbox 901 620 1129 706; x_wconf 89' lang='lat' dir='ltr'>endemium</span> <span class='ocrx_word' id='word_1_16' title='bbox 1151 621 1362 738; x_wconf 82' lang='lat' dir='ltr'>descripsit.</span> <span class='ocrx_word' id='word_1_17' title='bbox 1387 619 1518 732; x_wconf 88' lang='lat' dir='ltr'>Quod</span> <span class='ocrx_word' id='word_1_18' title='bbox 1540 620 1660 705; x_wconf 87' lang='lat' dir='ltr'>etiam</span> <span class='ocrx_word' id='word_1_19' title='bbox 1680 618 1731 706; x_wconf 90' lang='lat' dir='ltr'>de</span> <span class='ocrx_word' id='word_1_20' title='bbox 1756 617 1826 706; x_wconf 88' lang='lat' dir='ltr'>lue</span> <span class='ocrx_word' id='word_1_21' title='bbox 1841 651 1962 710; x_wconf 85' lang='lat' dir='ltr'>vene·</span> 
     </span>
     <span class='ocr_line' id='line_1_4' title="bbox 516 731 1961 848; baseline 0.001 -27"><span class='ocrx_word' id='word_1_22' title='bbox 516 735 660 844; x_wconf 76' lang='lat' dir='ltr'>red,sr</span> <span class='ocrx_word' id='word_1_23' title='bbox 690 733 911 820; x_wconf 74' lang='lat' dir='ltr'>dosliffimo</span> <span class='ocrx_word' id='word_1_24' title='bbox 936 734 1118 820; x_wconf 89' lang='lat' dir='ltr'>Sanchez</span> <span class='ocrx_word' id='word_1_25' title='bbox 1144 737 1364 841; x_wconf 88' lang='lat' dir='ltr'>credimus,</span> <span class='ocrx_word' id='word_1_26' title='bbox 1390 731 1602 846; x_wconf 82' lang='lat' dir='ltr'>aliquando</span> <span class='ocrx_word' id='word_1_27' title='bbox 1622 736 1961 848; x_wconf 86' lang='lat' dir='ltr'>pronuntiandum</span> 
     </span>
     <span class='ocr_line' id='line_1_5' title="bbox 517 843 1961 964; baseline 0.002 -29"><span class='ocrx_word' id='word_1_28' title='bbox 517 855 592 935; x_wconf 87' lang='lat' dir='ltr'>crit</span> <span class='ocrx_word' id='word_1_29' title='bbox 602 911 617 958; x_wconf 93' lang='lat'>,</span> <span class='ocrx_word' id='word_1_30' title='bbox 645 847 755 956; x_wconf 86' lang='lat' dir='ltr'>cujus</span> <span class='ocrx_word' id='word_1_31' title='bbox 782 877 876 932; x_wconf 93' lang='lat' dir='ltr'>cum</span> <span class='ocrx_word' id='word_1_32' title='bbox 899 845 1121 934; x_wconf 85' lang='lat' dir='ltr'>labentibus</span> <span class='ocrx_word' id='word_1_33' title='bbox 1141 853 1251 936; x_wconf 87' lang='lat' dir='ltr'>aunis</span> <span class='ocrx_word' id='word_1_34' title='bbox 1277 849 1389 933; x_wconf 89' lang='lat' dir='ltr'>furor</span> <span class='ocrx_word' id='word_1_35' title='bbox 1411 846 1662 956; x_wconf 91' lang='lat' dir='ltr'>retundatur,</span> <span class='ocrx_word' id='word_1_36' title='bbox 1684 843 1839 964; x_wconf 87' lang='lat' dir='ltr'>sperare</span> <span class='ocrx_word' id='word_1_37' title='bbox 1864 848 1961 938; x_wconf 84' lang='lat' dir='ltr'>licet</span> 
     </span>
     <span class='ocr_line' id='line_1_6' title="bbox 516 959 1608 1072; baseline -0.002 -26"><span class='ocrx_word' id='word_1_38' title='bbox 516 965 604 1047; x_wconf 90' lang='lat' dir='ltr'>fore</span> <span class='ocrx_word' id='word_1_39' title='bbox 625 989 670 1045; x_wconf 93' lang='lat' dir='ltr'>ut</span> <span class='ocrx_word' id='word_1_40' title='bbox 695 961 907 1072; x_wconf 88' lang='lat' dir='ltr'>aliquandb</span> <span class='ocrx_word' id='word_1_41' title='bbox 933 989 983 1046; x_wconf 84' lang='lat' dir='ltr'>ex</span> <span class='ocrx_word' id='word_1_42' title='bbox 1006 965 1217 1048; x_wconf 87' lang='lat' dir='ltr'>hominurn</span> <span class='ocrx_word' id='word_1_43' title='bbox 1239 959 1369 1048; x_wconf 88' lang='lat' dir='ltr'>oculis</span> <span class='ocrx_word' id='word_1_44' title='bbox 1390 961 1608 1047; x_wconf 85' lang='lat' dir='ltr'>evanescat.</span> 
     </span>
    </p>

    <p class='ocr_par' dir='ltr' id='par_1_3' title="bbox 475 1069 1958 2100">
     <span class='ocr_line' id='line_1_7' title="bbox 573 1069 1957 1194; baseline 0.005 -36"><span class='ocrx_word' id='word_1_45' title='bbox 573 1073 717 1182; x_wconf 67' lang='lat' dir='ltr'>Certe,</span> <span class='ocrx_word' id='word_1_46' title='bbox 731 1073 827 1158; x_wconf 72' lang='lat' dir='ltr'>licet</span> <span class='ocrx_word' id='word_1_47' title='bbox 838 1101 976 1160; x_wconf 90' lang='lat' dir='ltr'>omnes</span> <span class='ocrx_word' id='word_1_48' title='bbox 993 1105 1074 1161; x_wconf 90' lang='lat' dir='ltr'>uno</span> <span class='ocrx_word' id='word_1_49' title='bbox 1094 1105 1165 1161; x_wconf 91' lang='lat' dir='ltr'>ore</span> <span class='ocrx_word' id='word_1_50' title='bbox 1182 1081 1362 1162; x_wconf 71' lang='lat' dir='ltr'>audiores</span> <span class='ocrx_word' id='word_1_51' title='bbox 1376 1072 1531 1162; x_wconf 84' lang='lat' dir='ltr'>nullum</span> <span class='ocrx_word' id='word_1_52' title='bbox 1544 1076 1587 1158; x_wconf 90' lang='lat' dir='ltr'>in</span> <span class='ocrx_word' id='word_1_53' title='bbox 1600 1069 1707 1189; x_wconf 71' lang='lat' dir='ltr'>plicia</span> <span class='ocrx_word' id='word_1_54' title='bbox 1721 1081 1957 1194; x_wconf 79' lang='lat' dir='ltr'>contagium</span> 
     </span>
     <span class='ocr_line' id='line_1_8' title="bbox 515 1186 1958 1306; baseline 0.006 -35"><span class='ocrx_word' id='word_1_55' title='bbox 515 1189 752 1296; x_wconf 88' lang='lat' dir='ltr'>admittant,</span> <span class='ocrx_word' id='word_1_56' title='bbox 783 1191 867 1272; x_wconf 86' lang='lat' dir='ltr'>imb</span> <span class='ocrx_word' id='word_1_57' title='bbox 901 1197 1058 1274; x_wconf 83' lang='lat' dir='ltr'>&amp;rem</span> <span class='ocrx_word' id='word_1_58' title='bbox 1091 1189 1242 1274; x_wconf 76' lang='lat' dir='ltr'>summai</span> <span class='ocrx_word' id='word_1_59' title='bbox 1274 1186 1478 1306; x_wconf 77' lang='lat' dir='ltr'>diligendi</span> <span class='ocrx_word' id='word_1_60' title='bbox 1507 1187 1722 1274; x_wconf 72' lang='lat' dir='ltr'>discusserit</span> <span class='ocrx_word' id='word_1_61' title='bbox 1757 1187 1958 1280; x_wconf 79' lang='lat' dir='ltr'>Hercules</span> 
     </span>
     <span class='ocr_line' id='line_1_9' title="bbox 515 1301 1958 1419; baseline 0.004 -35"><span class='ocrx_word' id='word_1_62' title='bbox 515 1303 712 1407; x_wconf 89' lang='lat' dir='ltr'>Saxonia,</span> <span class='ocrx_word' id='word_1_63' title='bbox 734 1327 935 1386; x_wconf 88' lang='lat' dir='ltr'>venenum</span> <span class='ocrx_word' id='word_1_64' title='bbox 952 1329 1085 1388; x_wconf 84' lang='lat' dir='ltr'>tamen</span> <span class='ocrx_word' id='word_1_65' title='bbox 1104 1302 1303 1419; x_wconf 88' lang='lat' dir='ltr'>peculiare</span> <span class='ocrx_word' id='word_1_66' title='bbox 1326 1303 1437 1414; x_wconf 89' lang='lat' dir='ltr'>quod</span> <span class='ocrx_word' id='word_1_67' title='bbox 1458 1301 1612 1386; x_wconf 88' lang='lat' dir='ltr'>definiri</span> <span class='ocrx_word' id='word_1_68' title='bbox 1629 1330 1715 1384; x_wconf 91' lang='lat' dir='ltr'>non</span> <span class='ocrx_word' id='word_1_69' title='bbox 1739 1305 1864 1416; x_wconf 85' lang='lat' dir='ltr'>potest</span> <span class='ocrx_word' id='word_1_70' title='bbox 1910 1335 1958 1390; x_wconf 91' lang='lat' dir='ltr'>ro</span> 
     </span>
     <span class='ocr_line' id='line_1_10' title="bbox 515 1337 1958 1527; baseline 0.006 -29"><span class='ocrx_word' id='word_1_71' title='bbox 515 1415 633 1500; x_wconf 70' lang='lat' dir='ltr'>causi</span> <span class='ocrx_word' id='word_1_72' title='bbox 657 1411 769 1520; x_wconf 88' lang='lat' dir='ltr'>hujus</span> <span class='ocrx_word' id='word_1_73' title='bbox 790 1414 922 1500; x_wconf 88' lang='lat' dir='ltr'>morbi</span> <span class='ocrx_word' id='word_1_74' title='bbox 948 1416 1131 1503; x_wconf 86' lang='lat' dir='ltr'>admittit.</span> <span class='ocrx_word' id='word_1_75' title='bbox 1161 1417 1215 1500; x_wconf 91' lang='lat' dir='ltr'>Et</span> <span class='ocrx_word' id='word_1_76' title='bbox 1238 1415 1369 1522; x_wconf 69' lang='lat' dir='ltr'>certe,</span> <span class='ocrx_word' id='word_1_77' title='bbox 1396 1417 1618 1527; x_wconf 88' lang='lat' dir='ltr'>srunquam</span> <span class='ocrx_word' id='word_1_78' title='bbox 1639 1417 1770 1499; x_wconf 83' lang='lat' dir='ltr'>extitit</span> <span class='ocrx_word' id='word_1_79' title='bbox 1793 1337 1958 1506; x_wconf 77' lang='lat' dir='ltr'>morbus</span> 
     </span>
     <span class='ocr_line' id='line_1_11' title="bbox 515 1525 1955 1643; baseline 0.006 -33"><span class='ocrx_word' id='word_1_80' title='bbox 515 1525 611 1634; x_wconf 89' lang='lat' dir='ltr'>ille,</span> <span class='ocrx_word' id='word_1_81' title='bbox 646 1531 749 1612; x_wconf 91' lang='lat' dir='ltr'>inter</span> <span class='ocrx_word' id='word_1_82' title='bbox 788 1532 950 1616; x_wconf 90' lang='lat' dir='ltr'>criticos</span> <span class='ocrx_word' id='word_1_83' title='bbox 980 1532 1244 1615; x_wconf 84' lang='lat' dir='ltr'>numerandus</span> <span class='ocrx_word' id='word_1_84' title='bbox 1269 1530 1368 1635; x_wconf 91' lang='lat' dir='ltr'>suit,</span> <span class='ocrx_word' id='word_1_85' title='bbox 1400 1529 1467 1614; x_wconf 90' lang='lat' dir='ltr'>seu</span> <span class='ocrx_word' id='word_1_86' title='bbox 1493 1532 1624 1642; x_wconf 80' lang='lat' dir='ltr'>potibs</span> <span class='ocrx_word' id='word_1_87' title='bbox 1652 1526 1955 1643; x_wconf 89' lang='lat' dir='ltr'>depuratorios,</span> 
     </span>
     <span class='ocr_line' id='line_1_12' title="bbox 516 1639 1957 1758; baseline 0.007 -34"><span class='ocrx_word' id='word_1_88' title='bbox 516 1647 610 1726; x_wconf 76' lang='lat' dir='ltr'>ciam</span> <span class='ocrx_word' id='word_1_89' title='bbox 632 1643 724 1725; x_wconf 91' lang='lat' dir='ltr'>cirri</span> <span class='ocrx_word' id='word_1_90' title='bbox 747 1639 805 1725; x_wconf 91' lang='lat' dir='ltr'>illi</span> <span class='ocrx_word' id='word_1_91' title='bbox 828 1668 895 1727; x_wconf 89' lang='lat' dir='ltr'>aut</span> <span class='ocrx_word' id='word_1_92' title='bbox 921 1640 1068 1750; x_wconf 84' lang='lat' dir='ltr'>barba,</span> <span class='ocrx_word' id='word_1_93' title='bbox 1094 1667 1162 1728; x_wconf 90' lang='lat' dir='ltr'>aut</span> <span class='ocrx_word' id='word_1_94' title='bbox 1183 1641 1421 1758; x_wconf 88' lang='lat' dir='ltr'>capillorum</span> <span class='ocrx_word' id='word_1_95' title='bbox 1440 1640 1632 1756; x_wconf 92' lang='lat' dir='ltr'>implicati</span> <span class='ocrx_word' id='word_1_96' title='bbox 1644 1702 1659 1746; x_wconf 93' lang='lat'>,</span> <span class='ocrx_word' id='word_1_97' title='bbox 1684 1647 1848 1727; x_wconf 89' lang='lat' dir='ltr'>cauterii</span> <span class='ocrx_word' id='word_1_98' title='bbox 1866 1649 1957 1734; x_wconf 89' lang='lat' dir='ltr'>vice</span> 
     </span>
     <span class='ocr_line' id='line_1_13' title="bbox 514 1753 1955 1868; baseline 0.007 -32"><span class='ocrx_word' id='word_1_99' title='bbox 514 1754 784 1868; x_wconf 85' lang='lat' dir='ltr'>fungerentur.</span> <span class='ocrx_word' id='word_1_100' title='bbox 812 1755 929 1840; x_wconf 69' lang='lat' dir='ltr'>Unde</span> <span class='ocrx_word' id='word_1_101' title='bbox 957 1761 1097 1864; x_wconf 91' lang='lat' dir='ltr'>etiam,</span> <span class='ocrx_word' id='word_1_102' title='bbox 1121 1782 1166 1840; x_wconf 92' lang='lat' dir='ltr'>ut</span> <span class='ocrx_word' id='word_1_103' title='bbox 1186 1753 1264 1864; x_wconf 89' lang='lat' dir='ltr'>jam</span> <span class='ocrx_word' id='word_1_104' title='bbox 1286 1755 1485 1862; x_wconf 87' lang='lat' dir='ltr'>diximus,</span> <span class='ocrx_word' id='word_1_105' title='bbox 1512 1755 1736 1838; x_wconf 86' lang='lat' dir='ltr'>Schenkius</span> <span class='ocrx_word' id='word_1_106' title='bbox 1762 1753 1879 1840; x_wconf 88' lang='lat' dir='ltr'>illum</span> <span class='ocrx_word' id='word_1_107' title='bbox 1907 1761 1955 1846; x_wconf 82' lang='lat' dir='ltr'>ad</span> 
     </span>
     <span class='ocr_line' id='line_1_14' title="bbox 513 1866 1954 1987; baseline 0.006 -38"><span class='ocrx_word' id='word_1_108' title='bbox 513 1871 755 1983; x_wconf 85' lang='lat' dir='ltr'>morphaeam</span> <span class='ocrx_word' id='word_1_109' title='bbox 777 1872 942 1982; x_wconf 81' lang='lat' dir='ltr'>&amp;porri</span> <span class='ocrx_word' id='word_1_110' title='bbox 973 1874 1080 1955; x_wconf 91' lang='lat' dir='ltr'>inem</span> <span class='ocrx_word' id='word_1_111' title='bbox 1099 1867 1317 1976; x_wconf 87' lang='lat' dir='ltr'>referebat,</span> <span class='ocrx_word' id='word_1_112' title='bbox 1334 1866 1444 1975; x_wconf 85' lang='lat' dir='ltr'>cujus</span> <span class='ocrx_word' id='word_1_113' title='bbox 1468 1870 1634 1973; x_wconf 89' lang='lat' dir='ltr'>humor,</span> <span class='ocrx_word' id='word_1_114' title='bbox 1656 1867 1763 1978; x_wconf 88' lang='lat' dir='ltr'>quasr</span> <span class='ocrx_word' id='word_1_115' title='bbox 1789 1871 1954 1987; x_wconf 85' lang='lat' dir='ltr'>siph&#39;one</span> 
     </span>
     <span class='ocr_line' id='line_1_15' title="bbox 475 1899 1952 2100; baseline 0.005 -36"><span class='ocrx_word' id='word_1_116' title='bbox 475 1998 479 2008; x_wconf 81' lang='grc'><strong>’</strong></span> <span class='ocrx_word' id='word_1_117' title='bbox 513 1981 642 2087; x_wconf 69' lang='lat' dir='ltr'>facio,</span> <span class='ocrx_word' id='word_1_118' title='bbox 664 2007 800 2096; x_wconf 91' lang='lat' dir='ltr'>perca</span> <span class='ocrx_word' id='word_1_119' title='bbox 830 1980 920 2065; x_wconf 89' lang='lat' dir='ltr'>illos</span> <span class='ocrx_word' id='word_1_120' title='bbox 936 1899 1162 2082; x_wconf 54' lang='lat' dir='ltr'>diffluerem</span> <span class='ocrx_word' id='word_1_121' title='bbox 1188 1982 1292 2067; x_wconf 70' lang='lat' dir='ltr'>unde</span> <span class='ocrx_word' id='word_1_122' title='bbox 1313 1979 1418 2098; x_wconf 89' lang='lat' dir='ltr'>plica</span> <span class='ocrx_word' id='word_1_123' title='bbox 1437 1983 1563 2064; x_wconf 88' lang='lat' dir='ltr'>nostra</span> <span class='ocrx_word' id='word_1_124' title='bbox 1580 1978 1712 2064; x_wconf 84' lang='lat' dir='ltr'>differt</span> <span class='ocrx_word' id='word_1_125' title='bbox 1728 1977 1777 2064; x_wconf 85' lang='lat' dir='ltr'>ab</span> <span class='ocrx_word' id='word_1_126' title='bbox 1799 1984 1952 2100; x_wconf 85' lang='lat' dir='ltr'>hispido</span> 
     </span>
    </p>

    <p class='ocr_par' dir='ltr' id='par_1_4' title="bbox 513 2009 1950 2548">
     <span class='ocr_line' id='line_1_16' title="bbox 513 2009 1950 2212; baseline 0.004 -36"><span class='ocrx_word' id='word_1_127' title='bbox 513 2097 555 2177; x_wconf 93' lang='lat' dir='ltr'>in</span> <span class='ocrx_word' id='word_1_128' title='bbox 580 2091 756 2210; x_wconf 89' lang='lat' dir='ltr'>pluribus</span> <span class='ocrx_word' id='word_1_129' title='bbox 781 2009 990 2179; x_wconf 81' lang='lat' dir='ltr'>observato</span> <span class='ocrx_word' id='word_1_130' title='bbox 1018 2124 1064 2178; x_wconf 93' lang='lat' dir='ltr'>ca</span> <span class='ocrx_word' id='word_1_131' title='bbox 1093 2091 1279 2200; x_wconf 89' lang='lat' dir='ltr'>illorum,</span> <span class='ocrx_word' id='word_1_132' title='bbox 1316 2121 1383 2178; x_wconf 90' lang='lat' dir='ltr'>aut</span> <span class='ocrx_word' id='word_1_133' title='bbox 1412 2097 1529 2178; x_wconf 91' lang='lat' dir='ltr'>etiam</span> <span class='ocrx_word' id='word_1_134' title='bbox 1562 2091 1736 2207; x_wconf 89' lang='lat' dir='ltr'>pilorum</span> <span class='ocrx_word' id='word_1_135' title='bbox 1768 2094 1950 2212; x_wconf 68' lang='lat' dir='ltr'>aspectu,</span> 
     </span>
     <span class='ocr_line' id='line_1_17' title="bbox 513 2125 1945 2317; baseline 0.005 -27"><span class='ocrx_word' id='word_1_136' title='bbox 513 2207 640 2317; x_wconf 86' lang='lat' dir='ltr'>qualis</span> <span class='ocrx_word' id='word_1_137' title='bbox 671 2231 753 2292; x_wconf 87' lang='lat' dir='ltr'>erat</span> <span class='ocrx_word' id='word_1_138' title='bbox 787 2203 857 2290; x_wconf 84' lang='lat' dir='ltr'>ille</span> <span class='ocrx_word' id='word_1_139' title='bbox 890 2234 1010 2317; x_wconf 89' lang='lat' dir='ltr'>quem</span> <span class='ocrx_word' id='word_1_140' title='bbox 1044 2125 1267 2292; x_wconf 81' lang='lat' dir='ltr'>observavit</span> <span class='ocrx_word' id='word_1_141' title='bbox 1299 2203 1593 2292; x_wconf 90' lang='lat' dir='ltr'>Drelincurtius</span> <span class='ocrx_word' id='word_1_142' title='bbox 1622 2211 1685 2313; x_wconf 83' lang='lat' dir='ltr'>(a)</span> <span class='ocrx_word' id='word_1_143' title='bbox 1713 2208 1751 2290; x_wconf 91' lang='lat' dir='ltr'>in</span> <span class='ocrx_word' id='word_1_144' title='bbox 1779 2208 1945 2296; x_wconf 88' lang='lat' dir='ltr'>muliere</span> 
     </span>
     <span class='ocr_line' id='line_1_18' title="bbox 513 2317 1947 2437; baseline 0.003 -34"><span class='ocrx_word' id='word_1_145' title='bbox 513 2318 736 2434; x_wconf 73' lang='lat' dir='ltr'>Augustand</span> <span class='ocrx_word' id='word_1_146' title='bbox 753 2319 795 2403; x_wconf 92' lang='lat' dir='ltr'>in</span> <span class='ocrx_word' id='word_1_147' title='bbox 815 2317 892 2431; x_wconf 78' lang='lat' dir='ltr'>qual</span> <span class='ocrx_word' id='word_1_148' title='bbox 909 2319 932 2404; x_wconf 76' lang='grc' dir='ltr'><strong>ὲ</strong></span> <span class='ocrx_word' id='word_1_149' title='bbox 951 2323 1067 2406; x_wconf 86' lang='lat' dir='ltr'>variis</span> <span class='ocrx_word' id='word_1_150' title='bbox 1086 2321 1265 2435; x_wconf 88' lang='lat' dir='ltr'>corporis</span> <span class='ocrx_word' id='word_1_151' title='bbox 1281 2317 1453 2435; x_wconf 88' lang='lat' dir='ltr'>partibus</span> <span class='ocrx_word' id='word_1_152' title='bbox 1468 2317 1539 2433; x_wconf 89' lang='lat' dir='ltr'>pili</span> <span class='ocrx_word' id='word_1_153' title='bbox 1558 2319 1699 2433; x_wconf 90' lang='lat' dir='ltr'>hispidi</span> <span class='ocrx_word' id='word_1_154' title='bbox 1717 2326 1758 2402; x_wconf 77' lang='lat' dir='ltr'>bt</span> <span class='ocrx_word' id='word_1_155' title='bbox 1774 2323 1947 2437; x_wconf 82' lang='lat' dir='ltr'>promiffi</span> 
     </span>
     <span class='ocr_line' id='line_1_19' title="bbox 513 2429 1950 2548; baseline 0.005 -34"><span class='ocrx_word' id='word_1_156' title='bbox 513 2432 831 2548; x_wconf 79' lang='lat' dir='ltr'>propendebant,</span> <span class='ocrx_word' id='word_1_157' title='bbox 859 2433 1028 2517; x_wconf 91' lang='lat' dir='ltr'>ferinum</span> <span class='ocrx_word' id='word_1_158' title='bbox 1048 2437 1090 2518; x_wconf 93' lang='lat' dir='ltr'>in</span> <span class='ocrx_word' id='word_1_159' title='bbox 1109 2460 1286 2540; x_wconf 90' lang='lat' dir='ltr'>morem,</span> <span class='ocrx_word' id='word_1_160' title='bbox 1302 2432 1408 2517; x_wconf 77' lang='lat' dir='ltr'>undb</span> <span class='ocrx_word' id='word_1_161' title='bbox 1426 2431 1495 2514; x_wconf 83' lang='lat' dir='ltr'>fibi</span> <span class='ocrx_word' id='word_1_162' title='bbox 1513 2429 1755 2516; x_wconf 87' lang='lat' dir='ltr'>uberrimum</span> <span class='ocrx_word' id='word_1_163' title='bbox 1770 2437 1950 2544; x_wconf 75' lang='lat' dir='ltr'>quaestum</span> 
     </span>
    </p>
   </div>
   <div class='ocr_carea' id='block_1_3' title="bbox 512 2542 2036 2684">
    <p class='ocr_par' dir='ltr' id='par_1_5' title="bbox 512 2542 2036 2684">
     <span class='ocr_line' id='line_1_20' title="bbox 512 2542 2036 2684; baseline 0.003 -57"><span class='ocrx_word' id='word_1_164' title='bbox 512 2544 683 2684; x_wconf 84' lang='lat' dir='ltr'>parabat.</span> <span class='ocrx_word' id='word_1_165' title='bbox 708 2544 824 2628; x_wconf 93' lang='lat' dir='ltr'>Nihil</span> <span class='ocrx_word' id='word_1_166' title='bbox 843 2550 950 2630; x_wconf 87' lang='lat' dir='ltr'>enim</span> <span class='ocrx_word' id='word_1_167' title='bbox 968 2547 1207 2662; x_wconf 83' lang='lat' dir='ltr'>depuratorii</span> <span class='ocrx_word' id='word_1_168' title='bbox 1227 2543 1365 2630; x_wconf 83' lang='lat' dir='ltr'>habuit</span> <span class='ocrx_word' id='word_1_169' title='bbox 1380 2547 1521 2632; x_wconf 89' lang='lat' dir='ltr'>vitium</span> <span class='ocrx_word' id='word_1_170' title='bbox 1544 2542 1644 2628; x_wconf 89' lang='lat' dir='ltr'>illud</span> <span class='ocrx_word' id='word_1_171' title='bbox 1666 2543 1948 2656; x_wconf 83' lang='lat' dir='ltr'>adventitium,</span> <span class='ocrx_word' id='word_1_172' title='bbox 2032 2593 2036 2604; x_wconf 95' lang='lat'>·</span> 
     </span>
    </p>
   </div>
   <div class='ocr_carea' id='block_1_4' title="bbox 377 2651 1949 4923">
    <p class='ocr_par' dir='ltr' id='par_1_6' title="bbox 377 2651 1949 4923">
     <span class='ocr_line' id='line_1_21' title="bbox 513 2651 1895 2772; baseline 0.004 -32"><span class='ocrx_word' id='word_1_173' title='bbox 513 2685 537 2740; x_wconf 93' lang='lat' dir='ltr'>a</span> <span class='ocrx_word' id='word_1_174' title='bbox 556 2661 680 2743; x_wconf 86' lang='lat' dir='ltr'>nimio</span> <span class='ocrx_word' id='word_1_175' title='bbox 706 2657 878 2772; x_wconf 91' lang='lat' dir='ltr'>pilorum</span> <span class='ocrx_word' id='word_1_176' title='bbox 900 2663 1126 2767; x_wconf 80' lang='lat' dir='ltr'>nutricatu,</span> <span class='ocrx_word' id='word_1_177' title='bbox 1148 2685 1193 2744; x_wconf 88' lang='lat' dir='ltr'>ut</span> <span class='ocrx_word' id='word_1_178' title='bbox 1216 2687 1310 2742; x_wconf 92' lang='lat' dir='ltr'>cum</span> <span class='ocrx_word' id='word_1_179' title='bbox 1329 2651 1528 2742; x_wconf 87' lang='lat' dir='ltr'>veteribus</span> <span class='ocrx_word' id='word_1_180' title='bbox 1552 2654 1723 2767; x_wconf 89' lang='lat' dir='ltr'>loquar,</span> <span class='ocrx_word' id='word_1_181' title='bbox 1748 2685 1895 2745; x_wconf 90' lang='lat' dir='ltr'>ortum.</span> 
     </span>
     <span class='ocr_line' id='line_1_22' title="bbox 572 2768 1949 2884; baseline 0.006 -30"><span class='ocrx_word' id='word_1_182' title='bbox 572 2771 674 2881; x_wconf 79' lang='lat' dir='ltr'>Qua</span> <span class='ocrx_word' id='word_1_183' title='bbox 708 2777 798 2856; x_wconf 79' lang='lat' dir='ltr'>cum</span> <span class='ocrx_word' id='word_1_184' title='bbox 830 2777 884 2856; x_wconf 93' lang='lat' dir='ltr'>ita</span> <span class='ocrx_word' id='word_1_185' title='bbox 913 2775 986 2856; x_wconf 89' lang='lat' dir='ltr'>smt</span> <span class='ocrx_word' id='word_1_186' title='bbox 1000 2835 1014 2878; x_wconf 91' lang='lat'>,</span> <span class='ocrx_word' id='word_1_187' title='bbox 1042 2771 1161 2858; x_wconf 72' lang='lat' dir='ltr'>facile</span> <span class='ocrx_word' id='word_1_188' title='bbox 1194 2768 1321 2857; x_wconf 91' lang='lat' dir='ltr'>intelli</span> <span class='ocrx_word' id='word_1_189' title='bbox 1349 2775 1427 2855; x_wconf 90' lang='lat' dir='ltr'>itur</span> <span class='ocrx_word' id='word_1_190' title='bbox 1458 2771 1554 2880; x_wconf 94' lang='lat' dir='ltr'>quid</span> <span class='ocrx_word' id='word_1_191' title='bbox 1583 2768 1804 2884; x_wconf 89' lang='lat' dir='ltr'>putandum</span> <span class='ocrx_word' id='word_1_192' title='bbox 1832 2775 1878 2860; x_wconf 81' lang='lat' dir='ltr'>stt</span> <span class='ocrx_word' id='word_1_193' title='bbox 1902 2773 1949 2862; x_wconf 83' lang='lat' dir='ltr'>de</span> 
     </span>
     <span class='ocr_line' id='line_1_23' title="bbox 512 2801 1948 2996; baseline 0.003 -28"><span class='ocrx_word' id='word_1_194' title='bbox 512 2881 788 2969; x_wconf 86' lang='lat' dir='ltr'>observatione</span> <span class='ocrx_word' id='word_1_195' title='bbox 807 2885 995 2971; x_wconf 87' lang='lat' dir='ltr'>Herculis</span> <span class='ocrx_word' id='word_1_196' title='bbox 1018 2887 1200 2974; x_wconf 82' lang='lat' dir='ltr'>Saxoniae</span> <span class='ocrx_word' id='word_1_197' title='bbox 1221 2889 1288 2996; x_wconf 92' lang='lat' dir='ltr'>qui</span> <span class='ocrx_word' id='word_1_198' title='bbox 1303 2801 1471 2968; x_wconf 73' lang='lat' dir='ltr'>aliorum</span> <span class='ocrx_word' id='word_1_199' title='bbox 1485 2881 1634 2989; x_wconf 89' lang='lat' dir='ltr'>relatu,</span> <span class='ocrx_word' id='word_1_200' title='bbox 1655 2891 1759 2968; x_wconf 84' lang='lat' dir='ltr'>ut&amp;</span> <span class='ocrx_word' id='word_1_201' title='bbox 1777 2885 1948 2973; x_wconf 88' lang='lat' dir='ltr'>Senner·</span> 
     </span>
     <span class='ocr_line' id='line_1_24' title="bbox 511 2997 1947 3138; baseline 0.003 -56"><span class='ocrx_word' id='word_1_202' title='bbox 511 3025 595 3102; x_wconf 91' lang='lat' dir='ltr'>tus,</span> <span class='ocrx_word' id='word_1_203' title='bbox 619 3001 673 3082; x_wconf 93' lang='lat' dir='ltr'>air</span> <span class='ocrx_word' id='word_1_204' title='bbox 700 3002 741 3081; x_wconf 90' lang='lat' dir='ltr'>in</span> <span class='ocrx_word' id='word_1_205' title='bbox 764 3024 903 3082; x_wconf 90' lang='lat' dir='ltr'>eorum</span> <span class='ocrx_word' id='word_1_206' title='bbox 924 3001 1111 3112; x_wconf 85' lang='lat' dir='ltr'>sanguine</span> <span class='ocrx_word' id='word_1_207' title='bbox 1125 3003 1199 3110; x_wconf 73' lang='lat' dir='ltr'>‚qui</span> <span class='ocrx_word' id='word_1_208' title='bbox 1215 2997 1321 3112; x_wconf 70' lang='lat' dir='ltr'>plica</span> <span class='ocrx_word' id='word_1_209' title='bbox 1339 2999 1536 3082; x_wconf 88' lang='lat' dir='ltr'>intereunt</span> <span class='ocrx_word' id='word_1_210' title='bbox 1555 2999 1760 3108; x_wconf 85' lang='lat' dir='ltr'>ingentem</span> <span class='ocrx_word' id='word_1_211' title='bbox 1771 2997 1947 3138; x_wconf 86' lang='lat' dir='ltr'>pilorum</span> 
     </span>
     <span class='ocr_line' id='line_1_25' title="bbox 510 3108 1946 3230; baseline 0.004 -38"><span class='ocrx_word' id='word_1_212' title='bbox 510 3131 718 3193; x_wconf 89' lang='lat' dir='ltr'>numerum</span> <span class='ocrx_word' id='word_1_213' title='bbox 755 3113 926 3223; x_wconf 90' lang='lat' dir='ltr'>reperiri.</span> <span class='ocrx_word' id='word_1_214' title='bbox 964 3111 1093 3221; x_wconf 88' lang='lat' dir='ltr'>Quod</span> <span class='ocrx_word' id='word_1_215' title='bbox 1121 3139 1204 3195; x_wconf 92' lang='lat' dir='ltr'>non</span> <span class='ocrx_word' id='word_1_216' title='bbox 1229 3113 1353 3224; x_wconf 85' lang='lat' dir='ltr'>magis</span> <span class='ocrx_word' id='word_1_217' title='bbox 1373 3138 1511 3196; x_wconf 91' lang='lat' dir='ltr'>verum</span> <span class='ocrx_word' id='word_1_218' title='bbox 1533 3108 1688 3194; x_wconf 84' lang='lat' dir='ltr'>videtur</span> <span class='ocrx_word' id='word_1_219' title='bbox 1740 3141 1835 3196; x_wconf 88' lang='lat' dir='ltr'>uam</span> <span class='ocrx_word' id='word_1_220' title='bbox 1861 3144 1946 3230; x_wconf 80' lang='lat' dir='ltr'>pra·</span> 
     </span>
     <span class='ocr_line' id='line_1_26' title="bbox 510 3140 1944 3417; baseline 0.005 -111"><span class='ocrx_word' id='word_1_221' title='bbox 510 3247 711 3335; x_wconf 87' lang='lat' dir='ltr'>concepta</span> <span class='ocrx_word' id='word_1_222' title='bbox 737 3220 867 3327; x_wconf 92' lang='lat' dir='ltr'>olim,</span> <span class='ocrx_word' id='word_1_223' title='bbox 895 3226 1014 3306; x_wconf 87' lang='lat' dir='ltr'>etiam</span> <span class='ocrx_word' id='word_1_224' title='bbox 1041 3226 1145 3336; x_wconf 91' lang='lat' dir='ltr'>apud</span> <span class='ocrx_word' id='word_1_225' title='bbox 1164 3249 1264 3327; x_wconf 86' lang='lat' dir='ltr'>nos,</span> <span class='ocrx_word' id='word_1_226' title='bbox 1292 3225 1429 3417; x_wconf 71' lang='lat' dir='ltr'>opinio</span> <span class='ocrx_word' id='word_1_227' title='bbox 1456 3220 1622 3306; x_wconf 89' lang='lat' dir='ltr'>subitam</span> <span class='ocrx_word' id='word_1_228' title='bbox 1649 3226 1694 3306; x_wconf 88' lang='lat' dir='ltr'>iu</span> <span class='ocrx_word' id='word_1_229' title='bbox 1713 3140 1944 3314; x_wconf 68' lang='lat' dir='ltr'>lactantibus</span> 
     </span>
     <span class='ocr_line' id='line_1_27' title="bbox 509 3335 1946 3451; baseline 0.008 -33"><span class='ocrx_word' id='word_1_230' title='bbox 509 3347 771 3418; x_wconf 87' lang='lat' dir='ltr'>mammarum</span> <span class='ocrx_word' id='word_1_231' title='bbox 792 3335 1144 3420; x_wconf 84' lang='lat' dir='ltr'>inflammationem</span> <span class='ocrx_word' id='word_1_232' title='bbox 1166 3335 1188 3418; x_wconf 77' lang='lat' dir='ltr'>l</span> <span class='ocrx_word' id='word_1_233' title='bbox 1206 3335 1290 3451; x_wconf 85' lang='lat' dir='ltr'>pilo</span> <span class='ocrx_word' id='word_1_234' title='bbox 1310 3339 1324 3421; x_wconf 90' lang='lat' dir='ltr'>i</span> <span class='ocrx_word' id='word_1_235' title='bbox 1352 3338 1548 3422; x_wconf 88' lang='lat' dir='ltr'>ihaerente</span> <span class='ocrx_word' id='word_1_236' title='bbox 1563 3337 1685 3444; x_wconf 89' lang='lat' dir='ltr'>oriri,</span> <span class='ocrx_word' id='word_1_237' title='bbox 1705 3337 1814 3424; x_wconf 70' lang='lat' dir='ltr'>unde</span> <span class='ocrx_word' id='word_1_238' title='bbox 1829 3343 1946 3430; x_wconf 86' lang='lat' dir='ltr'>etiam</span> 
     </span>
     <span class='ocr_line' id='line_1_28' title="bbox 511 3445 1932 3563; baseline 0.001 -31"><span class='ocrx_word' id='word_1_239' title='bbox 511 3445 675 3533; x_wconf 87' lang='lat' dir='ltr'>morbus</span> <span class='ocrx_word' id='word_1_240' title='bbox 697 3447 733 3532; x_wconf 83' lang='lat' dir='ltr'>lt</span> <span class='ocrx_word' id='word_1_241' title='bbox 754 3446 841 3563; x_wconf 80' lang='lat' dir='ltr'>poil</span> <span class='ocrx_word' id='word_1_242' title='bbox 860 3475 1009 3535; x_wconf 88' lang='lat' dir='ltr'>nomen</span> <span class='ocrx_word' id='word_1_243' title='bbox 1034 3449 1206 3533; x_wconf 90' lang='lat' dir='ltr'>retinuit.</span> <span class='ocrx_word' id='word_1_244' title='bbox 1928 3489 1932 3501; x_wconf 94' lang='lat'>·</span> 
     </span>
     <span class='ocr_line' id='line_1_29' title="bbox 563 3559 1941 3678; baseline 0.007 -33"><span class='ocrx_word' id='word_1_245' title='bbox 563 3562 612 3645; x_wconf 92' lang='lat' dir='ltr'>In</span> <span class='ocrx_word' id='word_1_246' title='bbox 625 3562 828 3647; x_wconf 89' lang='lat' dir='ltr'>causarum</span> <span class='ocrx_word' id='word_1_247' title='bbox 838 3559 970 3646; x_wconf 91' lang='lat' dir='ltr'>morbi</span> <span class='ocrx_word' id='word_1_248' title='bbox 983 3559 1087 3646; x_wconf 81' lang='lat' dir='ltr'>illiba</span> <span class='ocrx_word' id='word_1_249' title='bbox 1098 3559 1213 3646; x_wconf 90' lang='lat' dir='ltr'>nobis</span> <span class='ocrx_word' id='word_1_250' title='bbox 1224 3559 1683 3678; x_wconf 86' lang='lat' dir='ltr'>incogniriindagatione</span> <span class='ocrx_word' id='word_1_251' title='bbox 1698 3569 1941 3656; x_wconf 80' lang='lat' dir='ltr'>caecutirnus:</span> 
     </span>
     <span class='ocr_line' id='line_1_30' title="bbox 508 3672 1946 3799; baseline 0.004 -39"><span class='ocrx_word' id='word_1_252' title='bbox 508 3673 617 3760; x_wconf 72' lang='lat' dir='ltr'>certe</span> <span class='ocrx_word' id='word_1_253' title='bbox 637 3679 744 3759; x_wconf 92' lang='lat' dir='ltr'>enirn</span> <span class='ocrx_word' id='word_1_254' title='bbox 759 3677 1001 3786; x_wconf 88' lang='lat' dir='ltr'>quicumque</span> <span class='ocrx_word' id='word_1_255' title='bbox 1014 3675 1060 3758; x_wconf 83' lang='lat' dir='ltr'>fit</span> <span class='ocrx_word' id='word_1_256' title='bbox 1074 3673 1236 3759; x_wconf 82' lang='lat' dir='ltr'>morbus</span> <span class='ocrx_word' id='word_1_257' title='bbox 1256 3672 1351 3781; x_wconf 89' lang='lat' dir='ltr'>ille,</span> <span class='ocrx_word' id='word_1_258' title='bbox 1377 3679 1570 3762; x_wconf 74' lang='lat' dir='ltr'>a&#39;veneno</span> <span class='ocrx_word' id='word_1_259' title='bbox 1591 3675 1784 3792; x_wconf 86' lang='lat' dir='ltr'>peculiari</span> <span class='ocrx_word' id='word_1_260' title='bbox 1801 3685 1946 3799; x_wconf 83' lang='lat' dir='ltr'>pendet</span> 
     </span>
     <span class='ocr_line' id='line_1_31' title="bbox 508 3785 1945 3912; baseline 0.006 -40"><span class='ocrx_word' id='word_1_261' title='bbox 508 3795 552 3872; x_wconf 76' lang='grc' dir='ltr'>δι</span> <span class='ocrx_word' id='word_1_262' title='bbox 574 3789 674 3872; x_wconf 87' lang='lat' dir='ltr'>vitio</span> <span class='ocrx_word' id='word_1_263' title='bbox 693 3785 864 3902; x_wconf 86' lang='lat' dir='ltr'>lymphae</span> <span class='ocrx_word' id='word_1_264' title='bbox 887 3819 970 3900; x_wconf 88' lang='lat' dir='ltr'>quae</span> <span class='ocrx_word' id='word_1_265' title='bbox 996 3789 1077 3874; x_wconf 83' lang='lat' dir='ltr'>stne</span> <span class='ocrx_word' id='word_1_266' title='bbox 1096 3785 1178 3871; x_wconf 73' lang='lat' dir='ltr'>ulla</span> <span class='ocrx_word' id='word_1_267' title='bbox 1194 3786 1354 3874; x_wconf 70' lang='lat' dir='ltr'>externi</span> <span class='ocrx_word' id='word_1_268' title='bbox 1371 3787 1668 3883; x_wconf 76' lang='lat' dir='ltr'>exulceratione</span> <span class='ocrx_word' id='word_1_269' title='bbox 1689 3819 1762 3910; x_wconf 87' lang='lat' dir='ltr'>per</span> <span class='ocrx_word' id='word_1_270' title='bbox 1778 3795 1945 3912; x_wconf 86' lang='lat' dir='ltr'>capillos</span> 
     </span>
     <span class='ocr_line' id='line_1_32' title="bbox 506 3899 1945 4019; baseline 0.008 -35"><span class='ocrx_word' id='word_1_271' title='bbox 506 3899 675 4007; x_wconf 86' lang='lat' dir='ltr'>defluit,</span> <span class='ocrx_word' id='word_1_272' title='bbox 710 3928 781 3984; x_wconf 90' lang='lat' dir='ltr'>eos</span> <span class='ocrx_word' id='word_1_273' title='bbox 813 3901 997 3986; x_wconf 87' lang='lat' dir='ltr'>acredine</span> <span class='ocrx_word' id='word_1_274' title='bbox 1021 3904 1148 3986; x_wconf 85' lang='lat' dir='ltr'>urenti</span> <span class='ocrx_word' id='word_1_275' title='bbox 1170 3925 1432 4011; x_wconf 84' lang='lat' dir='ltr'>contorquet,</span> <span class='ocrx_word' id='word_1_276' title='bbox 1461 3911 1502 3986; x_wconf 77' lang='lat' dir='ltr'>br</span> <span class='ocrx_word' id='word_1_277' title='bbox 1539 3929 1609 4019; x_wconf 85' lang='lat' dir='ltr'>per</span> <span class='ocrx_word' id='word_1_278' title='bbox 1644 3907 1796 3992; x_wconf 80' lang='lat' dir='ltr'>nativas</span> <span class='ocrx_word' id='word_1_279' title='bbox 1829 3913 1945 3996; x_wconf 82' lang='lat' dir='ltr'>rimas</span> 
     </span>
     <span class='ocr_line' id='line_1_33' title="bbox 377 4010 1946 4134; baseline 0.009 -38"><span class='ocrx_word' id='word_1_280' title='bbox 377 4087 380 4096; x_wconf 80' lang='grc'>,</span> <span class='ocrx_word' id='word_1_281' title='bbox 505 4041 576 4124; x_wconf 91' lang='lat' dir='ltr'>per</span> <span class='ocrx_word' id='word_1_282' title='bbox 604 4010 703 4121; x_wconf 93' lang='lat' dir='ltr'>luit,</span> <span class='ocrx_word' id='word_1_283' title='bbox 734 4011 844 4118; x_wconf 81' lang='lat' dir='ltr'>cujus</span> <span class='ocrx_word' id='word_1_284' title='bbox 867 4012 1028 4125; x_wconf 90' lang='lat' dir='ltr'>quidem</span> <span class='ocrx_word' id='word_1_285' title='bbox 1052 4014 1306 4099; x_wconf 90' lang='lat' dir='ltr'>mechanismi</span> <span class='ocrx_word' id='word_1_286' title='bbox 1329 4013 1511 4128; x_wconf 87' lang='lat' dir='ltr'>exempla</span> <span class='ocrx_word' id='word_1_287' title='bbox 1538 4014 1669 4128; x_wconf 89' lang='lat' dir='ltr'>aliqua</span> <span class='ocrx_word' id='word_1_288' title='bbox 1693 4023 1865 4134; x_wconf 88' lang='lat' dir='ltr'>reperire</span> <span class='ocrx_word' id='word_1_289' title='bbox 1889 4025 1946 4110; x_wconf 82' lang='lat' dir='ltr'>est</span> 
     </span>
     <span class='ocr_line' id='line_1_34' title="bbox 505 4041 1947 4244; baseline 0.01 -39"><span class='ocrx_word' id='word_1_290' title='bbox 505 4125 557 4206; x_wconf 95' lang='lat' dir='ltr'>ad</span> <span class='ocrx_word' id='word_1_291' title='bbox 577 4041 697 4236; x_wconf 78' lang='lat' dir='ltr'>basim</span> <span class='ocrx_word' id='word_1_292' title='bbox 717 4123 953 4244; x_wconf 91' lang='lat' dir='ltr'>capillorum</span> <span class='ocrx_word' id='word_1_293' title='bbox 972 4131 1013 4211; x_wconf 91' lang='lat' dir='ltr'>in</span> <span class='ocrx_word' id='word_1_294' title='bbox 1029 4125 1146 4212; x_wconf 77' lang='lat' dir='ltr'>tined.</span> <span class='ocrx_word' id='word_1_295' title='bbox 1167 4128 1269 4238; x_wconf 86' lang='lat' dir='ltr'>Quae</span> <span class='ocrx_word' id='word_1_296' title='bbox 1283 4124 1415 4242; x_wconf 79' lang='lat' dir='ltr'>posteit</span> <span class='ocrx_word' id='word_1_297' title='bbox 1432 4127 1617 4244; x_wconf 89' lang='lat' dir='ltr'>lympha,</span> <span class='ocrx_word' id='word_1_298' title='bbox 1634 4133 1740 4239; x_wconf 88' lang='lat' dir='ltr'>quasi</span> <span class='ocrx_word' id='word_1_299' title='bbox 1756 4161 1826 4244; x_wconf 84' lang='lat' dir='ltr'>per</span> <span class='ocrx_word' id='word_1_300' title='bbox 1847 4165 1947 4220; x_wconf 89' lang='lat' dir='ltr'>cau·</span> 
     </span>
     <span class='ocr_line' id='line_1_35' title="bbox 506 4238 1947 4358; baseline 0.006 -39"><span class='ocrx_word' id='word_1_301' title='bbox 506 4238 647 4320; x_wconf 88' lang='lat' dir='ltr'>terium</span> <span class='ocrx_word' id='word_1_302' title='bbox 666 4239 846 4346; x_wconf 83' lang='lat' dir='ltr'>excussa,</span> <span class='ocrx_word' id='word_1_303' title='bbox 868 4242 970 4326; x_wconf 88' lang='lat' dir='ltr'>hanc</span> <span class='ocrx_word' id='word_1_304' title='bbox 986 4242 1092 4326; x_wconf 90' lang='lat' dir='ltr'>viam</span> <span class='ocrx_word' id='word_1_305' title='bbox 1114 4239 1294 4346; x_wconf 68' lang='lat' dir='ltr'>affectat,</span> <span class='ocrx_word' id='word_1_306' title='bbox 1322 4238 1454 4325; x_wconf 90' lang='lat' dir='ltr'>forsan</span> <span class='ocrx_word' id='word_1_307' title='bbox 1475 4249 1517 4325; x_wconf 75' lang='grc' dir='ltr'>δι</span> <span class='ocrx_word' id='word_1_308' title='bbox 1536 4239 1606 4326; x_wconf 91' lang='lat' dir='ltr'>illa</span> <span class='ocrx_word' id='word_1_309' title='bbox 1622 4271 1707 4352; x_wconf 83' lang='lat' dir='ltr'>qua</span> <span class='ocrx_word' id='word_1_310' title='bbox 1726 4241 1805 4350; x_wconf 88' lang='lat' dir='ltr'>jam</span> <span class='ocrx_word' id='word_1_311' title='bbox 1824 4251 1947 4358; x_wconf 85' lang='lat' dir='ltr'>exiit,</span> 
     </span>
     <span class='ocr_line' id='line_1_36' title="bbox 509 4349 1948 4468; baseline 0.014 -40"><span class='ocrx_word' id='word_1_312' title='bbox 509 4349 779 4436; x_wconf 90' lang='lat' dir='ltr'>cantharidum</span> <span class='ocrx_word' id='word_1_313' title='bbox 799 4380 937 4463; x_wconf 90' lang='lat' dir='ltr'>more,</span> <span class='ocrx_word' id='word_1_314' title='bbox 957 4354 1052 4440; x_wconf 78' lang='lat' dir='ltr'>dum</span> <span class='ocrx_word' id='word_1_315' title='bbox 1067 4355 1198 4440; x_wconf 89' lang='lat' dir='ltr'>vicina</span> <span class='ocrx_word' id='word_1_316' title='bbox 1212 4353 1359 4461; x_wconf 89' lang='lat' dir='ltr'>inficit,</span> <span class='ocrx_word' id='word_1_317' title='bbox 1376 4355 1525 4438; x_wconf 88' lang='lat' dir='ltr'>fluxum</span> <span class='ocrx_word' id='word_1_318' title='bbox 1543 4383 1769 4468; x_wconf 81' lang='lat' dir='ltr'>promovet</span> <span class='ocrx_word' id='word_1_319' title='bbox 1787 4357 1892 4468; x_wconf 85' lang='lat' dir='ltr'>Sed,</span> <span class='ocrx_word' id='word_1_320' title='bbox 1917 4363 1948 4448; x_wconf 88' lang='lat' dir='ltr'>si</span> 
     </span>
     <span class='ocr_line' id='line_1_37' title="bbox 508 4463 1949 4574; baseline 0.013 -33"><span class='ocrx_word' id='word_1_321' title='bbox 508 4487 569 4542; x_wconf 89' lang='lat' dir='ltr'>res</span> <span class='ocrx_word' id='word_1_322' title='bbox 604 4464 658 4545; x_wconf 92' lang='lat' dir='ltr'>ita</span> <span class='ocrx_word' id='word_1_323' title='bbox 690 4465 731 4549; x_wconf 87' lang='lat' dir='ltr'>se</span> <span class='ocrx_word' id='word_1_324' title='bbox 760 4463 931 4574; x_wconf 89' lang='lat' dir='ltr'>habeat,</span> <span class='ocrx_word' id='word_1_325' title='bbox 960 4467 1155 4554; x_wconf 89' lang='lat' dir='ltr'>demenda</span> <span class='ocrx_word' id='word_1_326' title='bbox 1183 4468 1272 4552; x_wconf 91' lang='lat' dir='ltr'>sunt</span> <span class='ocrx_word' id='word_1_327' title='bbox 1300 4493 1350 4556; x_wconf 85' lang='lat' dir='ltr'>ex</span> <span class='ocrx_word' id='word_1_328' title='bbox 1404 4465 1489 4552; x_wconf 85' lang='lat' dir='ltr'>licae</span> <span class='ocrx_word' id='word_1_329' title='bbox 1520 4467 1677 4553; x_wconf 76' lang='lat' dir='ltr'>historirl</span> <span class='ocrx_word' id='word_1_330' title='bbox 1707 4473 1843 4556; x_wconf 88' lang='lat' dir='ltr'>omnia</span> <span class='ocrx_word' id='word_1_331' title='bbox 1871 4473 1949 4560; x_wconf 74' lang='lat' dir='ltr'>illa</span> 
     </span>
     <span class='ocr_line' id='line_1_38' title="bbox 507 4495 1949 4695; baseline 0.017 -43"><span class='ocrx_word' id='word_1_332' title='bbox 507 4571 763 4686; x_wconf 84' lang='lat' dir='ltr'>superstitiosa</span> <span class='ocrx_word' id='word_1_333' title='bbox 794 4577 998 4666; x_wconf 89' lang='lat' dir='ltr'>observata</span> <span class='ocrx_word' id='word_1_334' title='bbox 1031 4578 1081 4666; x_wconf 91' lang='lat' dir='ltr'>de</span> <span class='ocrx_word' id='word_1_335' title='bbox 1116 4579 1298 4695; x_wconf 89' lang='lat' dir='ltr'>periculo</span> <span class='ocrx_word' id='word_1_336' title='bbox 1328 4495 1545 4684; x_wconf 63' lang='lat' dir='ltr'>relbisronis</span> <span class='ocrx_word' id='word_1_337' title='bbox 1577 4609 1624 4668; x_wconf 87' lang='lat' dir='ltr'>ca</span> <span class='ocrx_word' id='word_1_338' title='bbox 1651 4580 1851 4691; x_wconf 89' lang='lat' dir='ltr'>illorum,</span> <span class='ocrx_word' id='word_1_339' title='bbox 1891 4587 1949 4676; x_wconf 83' lang='lat' dir='ltr'>dc</span> 
     </span>
     <span class='ocr_line' id='line_1_39' title="bbox 507 4613 1949 4808; baseline 0.017 -42"><span class='ocrx_word' id='word_1_340' title='bbox 507 4687 635 4768; x_wconf 84' lang='lat' dir='ltr'>fluore</span> <span class='ocrx_word' id='word_1_341' title='bbox 651 4686 865 4800; x_wconf 84' lang='lat' dir='ltr'>sanguinis,</span> <span class='ocrx_word' id='word_1_342' title='bbox 878 4691 1126 4806; x_wconf 90' lang='lat' dir='ltr'>aliorumque</span> <span class='ocrx_word' id='word_1_343' title='bbox 1138 4694 1188 4780; x_wconf 92' lang='lat' dir='ltr'>de</span> <span class='ocrx_word' id='word_1_344' title='bbox 1203 4693 1342 4808; x_wconf 89' lang='lat' dir='ltr'>quibus</span> <span class='ocrx_word' id='word_1_345' title='bbox 1361 4697 1513 4780; x_wconf 88' lang='lat' dir='ltr'>mentio</span> <span class='ocrx_word' id='word_1_346' title='bbox 1531 4691 1608 4804; x_wconf 83' lang='lat' dir='ltr'>jam</span> <span class='ocrx_word' id='word_1_347' title='bbox 1623 4613 1735 4782; x_wconf 71' lang='lat' dir='ltr'>latia.</span> <span class='ocrx_word' id='word_1_348' title='bbox 1754 4699 1812 4784; x_wconf 89' lang='lat' dir='ltr'>At</span> <span class='ocrx_word' id='word_1_349' title='bbox 1830 4699 1949 4790; x_wconf 83' lang='lat' dir='ltr'>nisce</span> 
     </span>
     <span class='ocr_line' id='line_1_40' title="bbox 504 4800 1947 4923; baseline 0.012 -38"><span class='ocrx_word' id='word_1_350' title='bbox 504 4800 679 4914; x_wconf 85' lang='lat' dir='ltr'>cognitis</span> <span class='ocrx_word' id='word_1_351' title='bbox 710 4829 800 4902; x_wconf 74' lang='lat' dir='ltr'>non¹</span> <span class='ocrx_word' id='word_1_352' title='bbox 825 4809 954 4894; x_wconf 78' lang='lat' dir='ltr'>minus</span> <span class='ocrx_word' id='word_1_353' title='bbox 982 4831 1117 4894; x_wconf 90' lang='lat' dir='ltr'>tamen</span> <span class='ocrx_word' id='word_1_354' title='bbox 1150 4811 1276 4923; x_wconf 83' lang='lat' dir='ltr'>ignari</span> <span class='ocrx_word' id='word_1_355' title='bbox 1310 4809 1454 4894; x_wconf 87' lang='lat' dir='ltr'>erimus</span> <span class='ocrx_word' id='word_1_356' title='bbox 1489 4805 1596 4896; x_wconf 70' lang='lat' dir='ltr'>circa</span> <span class='ocrx_word' id='word_1_357' title='bbox 1631 4809 1766 4898; x_wconf 86' lang='lat' dir='ltr'>causas</span> <span class='ocrx_word' id='word_1_358' title='bbox 1805 4811 1947 4904; x_wconf 88' lang='lat' dir='ltr'>morbi</span> 
     </span>
    </p>
   </div>
   <div class='ocr_carea' id='block_1_5' title="bbox 539 4951 1714 5050">
    <p class='ocr_par' dir='ltr' id='par_1_7' title="bbox 539 4951 1714 5050">
     <span class='ocr_line' id='line_1_41' title="bbox 539 4951 1714 5050; baseline 0 -20"><span class='ocrx_word' id='word_1_359' title='bbox 539 4952 593 5034; x_wconf 62' lang='grc' dir='ltr'>(ί)</span> <span class='ocrx_word' id='word_1_360' title='bbox 615 4951 701 5038; x_wconf 76' lang='lat' dir='ltr'>Epist.</span> <span class='ocrx_word' id='word_1_361' title='bbox 717 4953 751 5018; x_wconf 84' lang='lat' dir='ltr'>ad</span> <span class='ocrx_word' id='word_1_362' title='bbox 769 4953 925 5044; x_wconf 80' lang='lat' dir='ltr'>Barbeyrac</span> <span class='ocrx_word' id='word_1_363' title='bbox 942 4961 1013 5046; x_wconf 76' lang='lat' dir='ltr'>apud</span> <span class='ocrx_word' id='word_1_364' title='bbox 1030 4963 1156 5050; x_wconf 66' lang='lat' dir='ltr'>manger</span> <span class='ocrx_word' id='word_1_365' title='bbox 1175 4961 1277 5030; x_wconf 74' lang='lat' dir='ltr'>Thera</span> <span class='ocrx_word' id='word_1_366' title='bbox 1293 4959 1395 5030; x_wconf 75' lang='lat' dir='ltr'>Pratit.</span> <span class='ocrx_word' id='word_1_367' title='bbox 1417 4979 1488 5034; x_wconf 86' lang='grc' dir='ltr'>ιοιιι.</span> <span class='ocrx_word' id='word_1_368' title='bbox 1503 4985 1536 5042; x_wconf 78' lang='grc' dir='ltr'>ι,</span> <span class='ocrx_word' id='word_1_369' title='bbox 1556 4983 1622 5050; x_wconf 80' lang='lat' dir='ltr'>pag.</span> <span class='ocrx_word' id='word_1_370' title='bbox 1642 4983 1714 5048; x_wconf 81' lang='lat'>30²·</span> 
     </span>
    </p>
   </div>
   <div class='ocr_carea' id='block_1_6' title="bbox 0 0 2150 5904">
    <p class='ocr_par' dir='ltr' id='par_1_8' title="bbox 0 0 2150 5904">
     <span class='ocr_line' id='line_1_42' title="bbox 0 0 2150 5904; baseline 0 4"><span class='ocrx_word' id='word_1_371' title='bbox 0 0 2150 5904; x_wconf 95' lang='lat' dir='ltr'> </span> 
     </span>
    </p>
   </div>
  </div>
 </body>
</html>
