<?xml version="1.0" encoding="UTF-8"?>
<!DOCTYPE html PUBLIC "-//W3C//DTD XHTML 1.0 Transitional//EN"
    "http://www.w3.org/TR/xhtml1/DTD/xhtml1-transitional.dtd">
<html xmlns="http://www.w3.org/1999/xhtml" xml:lang="en" lang="en">
 <head>
  <title>
</title>
<meta http-equiv="Content-Type" content="text/html;charset=utf-8" />
  <meta name='ocr-system' content='tesseract 3.04.00' />
  <meta name='ocr-capabilities' content='ocr_page ocr_carea ocr_par ocr_line ocrx_word'/>
</head>
<body>
  <div class='ocr_page' id='page_1' title='image "./tractatusdemorb00cavegoog_0033.png"; bbox 0 0 4190 5884; ppageno 0'>
   <div class='ocr_carea' id='block_1_1' title="bbox 481 401 1757 494">
    <p class='ocr_par' dir='ltr' id='par_1_1' title="bbox 481 401 1757 494">
     <span class='ocr_line' id='line_1_1' title="bbox 481 401 1757 494; baseline 0 0"><span class='ocrx_word' id='word_1_1' title='bbox 481 417 505 494; x_wconf 88' lang='lat'><em>6</em></span> <span class='ocrx_word' id='word_1_2' title='bbox 736 406 829 494; x_wconf 89' lang='lat' dir='ltr'>DE</span> <span class='ocrx_word' id='word_1_3' title='bbox 892 401 1193 492; x_wconf 83' lang='lat' dir='ltr'>MORBIS</span> <span class='ocrx_word' id='word_1_4' title='bbox 1251 403 1647 494; x_wconf 86' lang='lat' dir='ltr'><strong>CUTANEIS.</strong></span> <span class='ocrx_word' id='word_1_5' title='bbox 1755 467 1757 475; x_wconf 86' lang='lat'>·</span> 
     </span>
    </p>
   </div>
   <div class='ocr_carea' id='block_1_2' title="bbox 373 567 1908 1248">
    <p class='ocr_par' dir='ltr' id='par_1_2' title="bbox 479 567 1908 681">
     <span class='ocr_line' id='line_1_2' title="bbox 479 567 1908 681; baseline 0.006 -27"><span class='ocrx_word' id='word_1_6' title='bbox 479 569 757 676; x_wconf 86' lang='lat' dir='ltr'>Boerrhaave,</span> <span class='ocrx_word' id='word_1_7' title='bbox 785 599 904 680; x_wconf 92' lang='lat' dir='ltr'>quem</span> <span class='ocrx_word' id='word_1_8' title='bbox 925 569 1054 653; x_wconf 92' lang='lat' dir='ltr'>adhuc</span> <span class='ocrx_word' id='word_1_9' title='bbox 1070 567 1280 680; x_wconf 79' lang='lat' dir='ltr'>aliquando</span> <span class='ocrx_word' id='word_1_10' title='bbox 1302 567 1510 656; x_wconf 81' lang='lat' dir='ltr'>dilucidius</span> <span class='ocrx_word' id='word_1_11' title='bbox 1535 568 1836 681; x_wconf 86' lang='lat' dir='ltr'>demonstrabit,</span> <span class='ocrx_word' id='word_1_12' title='bbox 1860 573 1908 662; x_wconf 63' lang='lat' dir='ltr'>dt*</span> 
     </span>
    </p>

    <p class='ocr_par' dir='ltr' id='par_1_3' title="bbox 481 679 1903 800">
     <span class='ocr_line' id='line_1_3' title="bbox 481 679 1903 800; baseline 0.004 -34"><span class='ocrx_word' id='word_1_13' title='bbox 481 684 700 766; x_wconf 77' lang='lat' dir='ltr'>accuratius</span> <span class='ocrx_word' id='word_1_14' title='bbox 713 685 966 794; x_wconf 82' lang='lat' dir='ltr'>prosequetur</span> <span class='ocrx_word' id='word_1_15' title='bbox 984 681 1176 795; x_wconf 88' lang='lat' dir='ltr'>stupendis</span> <span class='ocrx_word' id='word_1_16' title='bbox 1188 679 1460 788; x_wconf 73' lang='lat' dir='ltr'>injectionibus</span> <span class='ocrx_word' id='word_1_17' title='bbox 1473 684 1581 768; x_wconf 90' lang='lat' dir='ltr'>dives</span> <span class='ocrx_word' id='word_1_18' title='bbox 1602 683 1760 800; x_wconf 84' lang='lat' dir='ltr'>collega</span> <span class='ocrx_word' id='word_1_19' title='bbox 1774 689 1903 772; x_wconf 88' lang='lat' dir='ltr'>noster</span> 
     </span>
    </p>

    <p class='ocr_par' dir='ltr' id='par_1_4' title="bbox 485 793 1905 909">
     <span class='ocr_line' id='line_1_4' title="bbox 485 793 1905 909; baseline 0.003 -27"><span class='ocrx_word' id='word_1_20' title='bbox 485 793 724 901; x_wconf 91' lang='lat' dir='ltr'>Descemet,</span> <span class='ocrx_word' id='word_1_21' title='bbox 748 800 881 879; x_wconf 91' lang='lat' dir='ltr'>omnia</span> <span class='ocrx_word' id='word_1_22' title='bbox 899 821 1136 909; x_wconf 84' lang='lat' dir='ltr'>peraguntur</span> <span class='ocrx_word' id='word_1_23' title='bbox 1159 795 1407 880; x_wconf 71' lang='lat' dir='ltr'>functionum</span> <span class='ocrx_word' id='word_1_24' title='bbox 1424 799 1525 880; x_wconf 90' lang='lat' dir='ltr'>cutis</span> <span class='ocrx_word' id='word_1_25' title='bbox 1550 799 1737 908; x_wconf 88' lang='lat' dir='ltr'>mysteria.</span> <span class='ocrx_word' id='word_1_26' title='bbox 1766 797 1905 886; x_wconf 76' lang='lat' dir='ltr'>Inhrlc</span> 
     </span>
    </p>

    <p class='ocr_par' dir='ltr' id='par_1_5' title="bbox 513 897 1901 1021">
     <span class='ocr_line' id='line_1_5' title="bbox 513 897 1901 1021; baseline 0.005 -31"><span class='ocrx_word' id='word_1_27' title='bbox 513 905 556 990; x_wconf 94' lang='lat' dir='ltr'>ul</span> <span class='ocrx_word' id='word_1_28' title='bbox 583 906 607 992; x_wconf 72' lang='lat' dir='ltr'>a</span> <span class='ocrx_word' id='word_1_29' title='bbox 635 909 893 1010; x_wconf 75' lang='lat' dir='ltr'>diversimode</span> <span class='ocrx_word' id='word_1_30' title='bbox 914 907 963 990; x_wconf 88' lang='lat' dir='ltr'>ad</span> <span class='ocrx_word' id='word_1_31' title='bbox 988 911 1165 1021; x_wconf 87' lang='lat' dir='ltr'>gustum,</span> <span class='ocrx_word' id='word_1_32' title='bbox 1186 897 1354 1016; x_wconf 71' lang='lat' dir='ltr'>tadum,</span> <span class='ocrx_word' id='word_1_33' title='bbox 1385 906 1573 994; x_wconf 69' lang='lat' dir='ltr'>olfactum</span> <span class='ocrx_word' id='word_1_34' title='bbox 1596 910 1901 997; x_wconf 74' lang='lat' dir='ltr'>accommodate</span> 
     </span>
    </p>

    <p class='ocr_par' dir='ltr' id='par_1_6' title="bbox 373 939 1905 1248">
     <span class='ocr_line' id='line_1_6' title="bbox 373 939 1905 1138; baseline 0.005 -35"><span class='ocrx_word' id='word_1_35' title='bbox 373 1121 375 1126; x_wconf 23' lang='grc' dir='ltr'>Ι</span> <span class='ocrx_word' id='word_1_36' title='bbox 479 939 609 1104; x_wconf 66' lang='lat' dir='ltr'>seniis</span> <span class='ocrx_word' id='word_1_37' title='bbox 637 1021 811 1129; x_wconf 90' lang='lat' dir='ltr'>habitat,</span> <span class='ocrx_word' id='word_1_38' title='bbox 830 1048 873 1104; x_wconf 95' lang='lat' dir='ltr'>ut</span> <span class='ocrx_word' id='word_1_39' title='bbox 886 1024 927 1104; x_wconf 93' lang='lat' dir='ltr'>in</span> <span class='ocrx_word' id='word_1_40' title='bbox 945 1017 1331 1134; x_wconf 85' lang='lat' dir='ltr'>perpendicularibus</span> <span class='ocrx_word' id='word_1_41' title='bbox 1355 1024 1454 1106; x_wconf 89' lang='lat' dir='ltr'>cutis</span> <span class='ocrx_word' id='word_1_42' title='bbox 1477 1022 1661 1108; x_wconf 85' lang='lat' dir='ltr'>vasorum</span> <span class='ocrx_word' id='word_1_43' title='bbox 1682 1021 1905 1138; x_wconf 79' lang='lat' dir='ltr'>penicillis,</span> 
     </span>
     <span class='ocr_line' id='line_1_7' title="bbox 479 1131 1006 1248; baseline -0.006 -32"><span class='ocrx_word' id='word_1_44' title='bbox 479 1131 718 1220; x_wconf 81' lang='lat' dir='ltr'>secretiones</span> <span class='ocrx_word' id='word_1_45' title='bbox 734 1160 980 1248; x_wconf 87' lang='lat' dir='ltr'>peraguntur.</span> <span class='ocrx_word' id='word_1_46' title='bbox 1003 1161 1006 1168; x_wconf 54' lang='lat'><strong>⁴</strong></span> 
     </span>
    </p>
   </div>
   <div class='ocr_carea' id='block_1_3' title="bbox 370 1244 1909 3832">
    <p class='ocr_par' dir='ltr' id='par_1_7' title="bbox 370 1244 1909 3832">
     <span class='ocr_line' id='line_1_8' title="bbox 536 1244 1903 1359; baseline -0.001 -31"><span class='ocrx_word' id='word_1_47' title='bbox 536 1250 601 1328; x_wconf 85' lang='lat' dir='ltr'>An</span> <span class='ocrx_word' id='word_1_48' title='bbox 615 1251 712 1332; x_wconf 82' lang='lat' dir='ltr'>vero</span> <span class='ocrx_word' id='word_1_49' title='bbox 729 1275 812 1330; x_wconf 92' lang='lat' dir='ltr'>rete</span> <span class='ocrx_word' id='word_1_50' title='bbox 832 1245 931 1329; x_wconf 90' lang='lat' dir='ltr'>illud</span> <span class='ocrx_word' id='word_1_51' title='bbox 954 1244 975 1328; x_wconf 76' lang='grc' dir='ltr'>ὲ</span> <span class='ocrx_word' id='word_1_52' title='bbox 996 1273 1210 1330; x_wconf 90' lang='lat' dir='ltr'>nervorum</span> <span class='ocrx_word' id='word_1_53' title='bbox 1230 1247 1373 1328; x_wconf 85' lang='lat' dir='ltr'>tunicis</span> <span class='ocrx_word' id='word_1_54' title='bbox 1389 1247 1564 1357; x_wconf 76' lang='lat' dir='ltr'>expansis</span> <span class='ocrx_word' id='word_1_55' title='bbox 1587 1251 1630 1330; x_wconf 76' lang='lat' dir='ltr'>bt</span> <span class='ocrx_word' id='word_1_56' title='bbox 1677 1247 1810 1359; x_wconf 85' lang='lat' dir='ltr'>apillas</span> <span class='ocrx_word' id='word_1_57' title='bbox 1832 1249 1903 1334; x_wconf 86' lang='lat' dir='ltr'>de-.</span> 
     </span>
     <span class='ocr_line' id='line_1_9' title="bbox 478 1353 1905 1468; baseline 0 -24"><span class='ocrx_word' id='word_1_58' title='bbox 478 1356 690 1459; x_wconf 80' lang='lat' dir='ltr'>ferentibus</span> <span class='ocrx_word' id='word_1_59' title='bbox 711 1362 968 1463; x_wconf 89' lang='lat' dir='ltr'>conficiatur,</span> <span class='ocrx_word' id='word_1_60' title='bbox 997 1386 1045 1438; x_wconf 90' lang='lat' dir='ltr'>an</span> <span class='ocrx_word' id='word_1_61' title='bbox 1070 1371 1209 1442; x_wconf 79' lang='lat' dir='ltr'>contra</span> <span class='ocrx_word' id='word_1_62' title='bbox 1229 1385 1311 1441; x_wconf 90' lang='lat' dir='ltr'>rete</span> <span class='ocrx_word' id='word_1_63' title='bbox 1337 1353 1436 1440; x_wconf 93' lang='lat' dir='ltr'>illud</span> <span class='ocrx_word' id='word_1_64' title='bbox 1458 1358 1564 1450; x_wconf 67' lang='lat' dir='ltr'>merc</span> <span class='ocrx_word' id='word_1_65' title='bbox 1581 1386 1628 1442; x_wconf 92' lang='lat' dir='ltr'>ce</span> <span class='ocrx_word' id='word_1_66' title='bbox 1662 1356 1817 1444; x_wconf 91' lang='lat' dir='ltr'>ulosum</span> <span class='ocrx_word' id='word_1_67' title='bbox 1836 1362 1905 1468; x_wconf 86' lang='lat' dir='ltr'>stt,</span> 
     </span>
     <span class='ocr_line' id='line_1_10' title="bbox 478 1469 1905 1586; baseline 0.002 -30"><span class='ocrx_word' id='word_1_68' title='bbox 478 1501 522 1556; x_wconf 91' lang='lat' dir='ltr'>ut</span> <span class='ocrx_word' id='word_1_69' title='bbox 542 1471 834 1586; x_wconf 81' lang='lat' dir='ltr'>deprehendisse</span> <span class='ocrx_word' id='word_1_70' title='bbox 853 1469 892 1554; x_wconf 89' lang='lat' dir='ltr'>se</span> <span class='ocrx_word' id='word_1_71' title='bbox 914 1471 1051 1582; x_wconf 84' lang='lat' dir='ltr'>nuperi</span> <span class='ocrx_word' id='word_1_72' title='bbox 1074 1495 1211 1584; x_wconf 91' lang='lat' dir='ltr'>putant</span> <span class='ocrx_word' id='word_1_73' title='bbox 1225 1471 1477 1574; x_wconf 86' lang='lat' dir='ltr'>Anatomici,</span> <span class='ocrx_word' id='word_1_74' title='bbox 1498 1470 1677 1558; x_wconf 93' lang='lat' dir='ltr'>nondum</span> <span class='ocrx_word' id='word_1_75' title='bbox 1699 1471 1905 1560; x_wconf 90' lang='lat' dir='ltr'>definitum</span> 
     </span>
     <span class='ocr_line' id='line_1_11' title="bbox 479 1579 1902 1697; baseline 0.001 -27"><span class='ocrx_word' id='word_1_76' title='bbox 479 1589 531 1670; x_wconf 90' lang='lat' dir='ltr'>cst</span> <span class='ocrx_word' id='word_1_77' title='bbox 543 1648 557 1692; x_wconf 94' lang='lat'><em>‚</em></span> <span class='ocrx_word' id='word_1_78' title='bbox 581 1613 656 1668; x_wconf 92' lang='lat' dir='ltr'>nec</span> <span class='ocrx_word' id='word_1_79' title='bbox 674 1583 723 1666; x_wconf 89' lang='lat' dir='ltr'>ad</span> <span class='ocrx_word' id='word_1_80' title='bbox 745 1613 844 1696; x_wconf 89' lang='lat' dir='ltr'>opns</span> <span class='ocrx_word' id='word_1_81' title='bbox 865 1585 1037 1665; x_wconf 88' lang='lat' dir='ltr'>nostrum</span> <span class='ocrx_word' id='word_1_82' title='bbox 1057 1579 1355 1697; x_wconf 85' lang='lat' dir='ltr'>properantibus</span> <span class='ocrx_word' id='word_1_83' title='bbox 1374 1609 1457 1664; x_wconf 88' lang='lat' dir='ltr'>rem</span> <span class='ocrx_word' id='word_1_84' title='bbox 1475 1581 1687 1692; x_wconf 82' lang='lat' dir='ltr'>disquirere</span> <span class='ocrx_word' id='word_1_85' title='bbox 1708 1587 1902 1695; x_wconf 88' lang='lat' dir='ltr'>pertinet:</span> 
     </span>
     <span class='ocr_line' id='line_1_12' title="bbox 478 1692 1906 1808; baseline -0.001 -26"><span class='ocrx_word' id='word_1_86' title='bbox 478 1698 586 1782; x_wconf 75' lang='lat' dir='ltr'>certe</span> <span class='ocrx_word' id='word_1_87' title='bbox 597 1695 638 1778; x_wconf 92' lang='lat' dir='ltr'>id</span> <span class='ocrx_word' id='word_1_88' title='bbox 655 1692 983 1808; x_wconf 90' lang='lat' dir='ltr'>comprobatum,</span> <span class='ocrx_word' id='word_1_89' title='bbox 999 1721 1132 1779; x_wconf 91' lang='lat' dir='ltr'>cutem</span> <span class='ocrx_word' id='word_1_90' title='bbox 1145 1757 1159 1799; x_wconf 90' lang='lat'><em>,</em></span> <span class='ocrx_word' id='word_1_91' title='bbox 1174 1695 1353 1804; x_wconf 81' lang='lat' dir='ltr'>adeoque</span> <span class='ocrx_word' id='word_1_92' title='bbox 1373 1702 1414 1776; x_wconf 73' lang='grc' dir='ltr'>ὃ(</span> <span class='ocrx_word' id='word_1_93' title='bbox 1433 1693 1643 1778; x_wconf 89' lang='lat' dir='ltr'>reticulum</span> <span class='ocrx_word' id='word_1_94' title='bbox 1659 1757 1674 1800; x_wconf 89' lang='lat'><em>‚</em></span> <span class='ocrx_word' id='word_1_95' title='bbox 1696 1701 1737 1778; x_wconf 75' lang='grc' dir='ltr'>ὃ(</span> <span class='ocrx_word' id='word_1_96' title='bbox 1751 1697 1906 1808; x_wconf 91' lang='lat' dir='ltr'>epider-</span> 
     </span>
     <span class='ocr_line' id='line_1_13' title="bbox 479 1807 1905 1920; baseline 0.001 -28"><span class='ocrx_word' id='word_1_97' title='bbox 479 1808 627 1892; x_wconf 93' lang='lat' dir='ltr'>midem</span> <span class='ocrx_word' id='word_1_98' title='bbox 649 1811 699 1891; x_wconf 83' lang='lat' dir='ltr'>eb</span> <span class='ocrx_word' id='word_1_99' title='bbox 716 1810 894 1891; x_wconf 84' lang='lat' dir='ltr'>tenuiora</span> <span class='ocrx_word' id='word_1_100' title='bbox 915 1807 992 1890; x_wconf 81' lang='lat' dir='ltr'>elie</span> <span class='ocrx_word' id='word_1_101' title='bbox 1004 1869 1018 1911; x_wconf 91' lang='lat'>,</span> <span class='ocrx_word' id='word_1_102' title='bbox 1047 1809 1128 1916; x_wconf 84' lang='lat' dir='ltr'>qub</span> <span class='ocrx_word' id='word_1_103' title='bbox 1148 1811 1334 1920; x_wconf 92' lang='lat' dir='ltr'>propiora</span> <span class='ocrx_word' id='word_1_104' title='bbox 1354 1807 1442 1888; x_wconf 90' lang='lat' dir='ltr'>sunt</span> <span class='ocrx_word' id='word_1_105' title='bbox 1461 1809 1607 1917; x_wconf 83' lang='lat' dir='ltr'>origini</span> <span class='ocrx_word' id='word_1_106' title='bbox 1632 1836 1704 1890; x_wconf 94' lang='lat' dir='ltr'>cor</span> <span class='ocrx_word' id='word_1_107' title='bbox 1733 1837 1802 1890; x_wconf 92' lang='lat' dir='ltr'>ora</span> <span class='ocrx_word' id='word_1_108' title='bbox 1814 1869 1829 1911; x_wconf 91' lang='lat'>‚</span> <span class='ocrx_word' id='word_1_109' title='bbox 1851 1813 1905 1893; x_wconf 86' lang='lat' dir='ltr'>ita</span> 
     </span>
     <span class='ocr_line' id='line_1_14' title="bbox 478 1837 1904 2032; baseline -0.001 -29"><span class='ocrx_word' id='word_1_110' title='bbox 478 1945 522 2004; x_wconf 89' lang='lat' dir='ltr'>ut</span> <span class='ocrx_word' id='word_1_111' title='bbox 543 1919 565 2004; x_wconf 67' lang='lat' dir='ltr'>*a</span> <span class='ocrx_word' id='word_1_112' title='bbox 589 1947 713 2003; x_wconf 89' lang='lat' dir='ltr'>matre</span> <span class='ocrx_word' id='word_1_113' title='bbox 739 1918 921 2008; x_wconf 92' lang='lat' dir='ltr'>rubentes</span> <span class='ocrx_word' id='word_1_114' title='bbox 943 1918 1126 2002; x_wconf 86' lang='lat' dir='ltr'>infantuli</span> <span class='ocrx_word' id='word_1_115' title='bbox 1160 1923 1283 2002; x_wconf 67' lang='lat' dir='ltr'>tractu</span> <span class='ocrx_word' id='word_1_116' title='bbox 1302 1924 1453 2001; x_wconf 78' lang='lat' dir='ltr'>tantum</span> <span class='ocrx_word' id='word_1_117' title='bbox 1473 1923 1663 2032; x_wconf 84' lang='lat' dir='ltr'>temporis</span> <span class='ocrx_word' id='word_1_118' title='bbox 1679 1837 1904 2028; x_wconf 74' lang='lat' dir='ltr'>albescant,</span> 
     </span>
     <span class='ocr_line' id='line_1_15' title="bbox 477 2031 1904 2150; baseline 0.002 -35"><span class='ocrx_word' id='word_1_119' title='bbox 477 2031 546 2150; x_wconf 93' lang='lat' dir='ltr'>pul</span> <span class='ocrx_word' id='word_1_120' title='bbox 576 2033 709 2142; x_wconf 89' lang='lat' dir='ltr'>osrque</span> <span class='ocrx_word' id='word_1_121' title='bbox 730 2033 802 2120; x_wconf 89' lang='lat' dir='ltr'>smt</span> <span class='ocrx_word' id='word_1_122' title='bbox 814 2095 828 2137; x_wconf 89' lang='lat'>‚</span> <span class='ocrx_word' id='word_1_123' title='bbox 849 2061 895 2115; x_wconf 87' lang='lat' dir='ltr'>ac</span> <span class='ocrx_word' id='word_1_124' title='bbox 921 2061 1084 2114; x_wconf 91' lang='lat' dir='ltr'>mucum</span> <span class='ocrx_word' id='word_1_125' title='bbox 1108 2032 1298 2118; x_wconf 88' lang='lat' dir='ltr'>exsudent</span> <span class='ocrx_word' id='word_1_126' title='bbox 1323 2031 1608 2141; x_wconf 88' lang='lat' dir='ltr'>undequaque;</span> <span class='ocrx_word' id='word_1_127' title='bbox 1629 2032 1764 2116; x_wconf 80' lang='lat' dir='ltr'>srecari</span> <span class='ocrx_word' id='word_1_128' title='bbox 1786 2059 1904 2143; x_wconf 88' lang='lat' dir='ltr'>atque</span> 
     </span>
     <span class='ocr_line' id='line_1_16' title="bbox 478 2063 1906 2257; baseline 0.001 -29"><span class='ocrx_word' id='word_1_129' title='bbox 478 2063 652 2230; x_wconf 69' lang='lat' dir='ltr'>arescere</span> <span class='ocrx_word' id='word_1_130' title='bbox 679 2171 923 2257; x_wconf 72' lang='lat' dir='ltr'>perorarem</span> <span class='ocrx_word' id='word_1_131' title='bbox 948 2149 1083 2229; x_wconf 90' lang='lat' dir='ltr'>omnia</span> <span class='ocrx_word' id='word_1_132' title='bbox 1107 2142 1421 2228; x_wconf 85' lang='lat' dir='ltr'>:senescentibus</span> <span class='ocrx_word' id='word_1_133' title='bbox 1448 2147 1544 2230; x_wconf 82' lang='lat' dir='ltr'>vero</span> <span class='ocrx_word' id='word_1_134' title='bbox 1573 2147 1707 2228; x_wconf 88' lang='lat' dir='ltr'>omnia</span> <span class='ocrx_word' id='word_1_135' title='bbox 1729 2141 1906 2230; x_wconf 87' lang='lat' dir='ltr'>hebetari</span> 
     </span>
     <span class='ocr_line' id='line_1_17' title="bbox 478 2255 1904 2368; baseline 0 -26"><span class='ocrx_word' id='word_1_136' title='bbox 478 2285 597 2367; x_wconf 82' lang='lat' dir='ltr'>atque</span> <span class='ocrx_word' id='word_1_137' title='bbox 619 2255 786 2340; x_wconf 90' lang='lat' dir='ltr'>obtundi</span> <span class='ocrx_word' id='word_1_138' title='bbox 807 2283 849 2342; x_wconf 91' lang='lat' dir='ltr'>ut</span> <span class='ocrx_word' id='word_1_139' title='bbox 868 2257 1073 2362; x_wconf 87' lang='lat' dir='ltr'>sensuum,</span> <span class='ocrx_word' id='word_1_140' title='bbox 1093 2259 1145 2342; x_wconf 88' lang='lat' dir='ltr'>src</span> <span class='ocrx_word' id='word_1_141' title='bbox 1164 2259 1428 2342; x_wconf 89' lang='lat' dir='ltr'>secretionum</span> <span class='ocrx_word' id='word_1_142' title='bbox 1451 2283 1709 2342; x_wconf 86' lang='lat' dir='ltr'>cutaneorum</span> <span class='ocrx_word' id='word_1_143' title='bbox 1734 2286 1904 2368; x_wconf 84' lang='lat' dir='ltr'>organa,</span> 
     </span>
     <span class='ocr_line' id='line_1_18' title="bbox 478 2367 1904 2484; baseline -0.002 -30"><span class='ocrx_word' id='word_1_144' title='bbox 478 2377 521 2454; x_wconf 75' lang='lat' dir='ltr'>dt</span> <span class='ocrx_word' id='word_1_145' title='bbox 540 2395 738 2483; x_wconf 85' lang='lat' dir='ltr'>turgentes</span> <span class='ocrx_word' id='word_1_146' title='bbox 754 2398 822 2484; x_wconf 91' lang='lat' dir='ltr'>per</span> <span class='ocrx_word' id='word_1_147' title='bbox 847 2397 1009 2454; x_wconf 91' lang='lat' dir='ltr'>onmem</span> <span class='ocrx_word' id='word_1_148' title='bbox 1033 2373 1119 2456; x_wconf 84' lang='lat' dir='ltr'>vit&#39;ae</span> <span class='ocrx_word' id='word_1_149' title='bbox 1139 2370 1346 2454; x_wconf 90' lang='lat' dir='ltr'>decursum</span> <span class='ocrx_word' id='word_1_150' title='bbox 1363 2370 1597 2454; x_wconf 88' lang='lat' dir='ltr'>flaccescere</span> <span class='ocrx_word' id='word_1_151' title='bbox 1621 2373 1662 2450; x_wconf 93' lang='lat' dir='ltr'>in</span> <span class='ocrx_word' id='word_1_152' title='bbox 1687 2367 1798 2453; x_wconf 88' lang='lat' dir='ltr'>senili</span> <span class='ocrx_word' id='word_1_153' title='bbox 1818 2399 1904 2451; x_wconf 91' lang='lat' dir='ltr'>ma-</span> 
     </span>
     <span class='ocr_line' id='line_1_19' title="bbox 477 2477 1906 2595; baseline 0.002 -33"><span class='ocrx_word' id='word_1_154' title='bbox 477 2483 606 2564; x_wconf 86' lang='lat' dir='ltr'>rasmo</span> <span class='ocrx_word' id='word_1_155' title='bbox 630 2486 752 2566; x_wconf 86' lang='lat' dir='ltr'>varias</span> <span class='ocrx_word' id='word_1_156' title='bbox 783 2487 882 2566; x_wconf 92' lang='lat' dir='ltr'>cutis</span> <span class='ocrx_word' id='word_1_157' title='bbox 908 2509 1033 2595; x_wconf 89' lang='lat' dir='ltr'>partes</span> <span class='ocrx_word' id='word_1_158' title='bbox 1047 2497 1060 2587; x_wconf 58' lang='lat'>‚⁴</span> <span class='ocrx_word' id='word_1_159' title='bbox 1091 2486 1175 2563; x_wconf 82' lang='lat' dir='ltr'>tbm</span> <span class='ocrx_word' id='word_1_160' title='bbox 1200 2485 1268 2564; x_wconf 88' lang='lat' dir='ltr'>has</span> <span class='ocrx_word' id='word_1_161' title='bbox 1294 2481 1345 2564; x_wconf 92' lang='lat' dir='ltr'>de</span> <span class='ocrx_word' id='word_1_162' title='bbox 1367 2477 1506 2589; x_wconf 91' lang='lat' dir='ltr'>quibus</span> <span class='ocrx_word' id='word_1_163' title='bbox 1527 2484 1593 2566; x_wconf 84' lang='lat' dir='ltr'>hic</span> <span class='ocrx_word' id='word_1_164' title='bbox 1615 2482 1792 2592; x_wconf 89' lang='lat' dir='ltr'>agimus,</span> <span class='ocrx_word' id='word_1_165' title='bbox 1820 2486 1906 2566; x_wconf 82' lang='lat' dir='ltr'>tbm</span> 
     </span>
     <span class='ocr_line' id='line_1_20' title="bbox 478 2591 1905 2704; baseline -0.001 -26"><span class='ocrx_word' id='word_1_166' title='bbox 478 2591 564 2678; x_wconf 88' lang='lat' dir='ltr'>illas</span> <span class='ocrx_word' id='word_1_167' title='bbox 585 2595 634 2680; x_wconf 92' lang='lat' dir='ltr'>ad</span> <span class='ocrx_word' id='word_1_168' title='bbox 650 2603 743 2704; x_wconf 87' lang='lat' dir='ltr'>qu&#39;as</span> <span class='ocrx_word' id='word_1_169' title='bbox 767 2593 806 2678; x_wconf 92' lang='lat' dir='ltr'>se</span> <span class='ocrx_word' id='word_1_170' title='bbox 828 2597 955 2676; x_wconf 87' lang='lat' dir='ltr'>nostra</span> <span class='ocrx_word' id='word_1_171' title='bbox 986 2621 1113 2680; x_wconf 87' lang='lat' dir='ltr'>vertet</span> <span class='ocrx_word' id='word_1_172' title='bbox 1137 2597 1329 2678; x_wconf 66' lang='lat' dir='ltr'>tractatio.</span> <span class='ocrx_word' id='word_1_173' title='bbox 1362 2593 1551 2684; x_wconf 72' lang='lat' dir='ltr'>Praeterea</span> <span class='ocrx_word' id='word_1_174' title='bbox 1582 2595 1732 2678; x_wconf 91' lang='lat' dir='ltr'>constat</span> <span class='ocrx_word' id='word_1_175' title='bbox 1753 2591 1905 2676; x_wconf 88' lang='lat' dir='ltr'>nullam</span> 
     </span>
     <span class='ocr_line' id='line_1_21' title="bbox 479 2702 1908 2819; baseline 0.001 -31"><span class='ocrx_word' id='word_1_176' title='bbox 479 2705 598 2790; x_wconf 77' lang='lat' dir='ltr'>essee</span> <span class='ocrx_word' id='word_1_177' title='bbox 623 2709 801 2818; x_wconf 88' lang='lat' dir='ltr'>corporis</span> <span class='ocrx_word' id='word_1_178' title='bbox 827 2707 988 2788; x_wconf 87' lang='lat' dir='ltr'>humani</span> <span class='ocrx_word' id='word_1_179' title='bbox 1012 2703 1183 2819; x_wconf 89' lang='lat' dir='ltr'>partibus</span> <span class='ocrx_word' id='word_1_180' title='bbox 1223 2705 1324 2792; x_wconf 81' lang='lat' dir='ltr'>adeo</span> <span class='ocrx_word' id='word_1_181' title='bbox 1347 2703 1465 2788; x_wconf 77' lang='lat' dir='ltr'>facile</span> <span class='ocrx_word' id='word_1_182' title='bbox 1495 2733 1537 2788; x_wconf 90' lang='lat' dir='ltr'>re</span> <span class='ocrx_word' id='word_1_183' title='bbox 1565 2702 1749 2789; x_wconf 87' lang='lat' dir='ltr'>arabilem</span> <span class='ocrx_word' id='word_1_184' title='bbox 1787 2732 1908 2816; x_wconf 86' lang='lat' dir='ltr'>atque</span> 
     </span>
     <span class='ocr_line' id='line_1_22' title="bbox 480 2735 1905 2932; baseline -0.004 -30"><span class='ocrx_word' id='word_1_185' title='bbox 480 2819 688 2932; x_wconf 88' lang='lat' dir='ltr'>epidermis</span> <span class='ocrx_word' id='word_1_186' title='bbox 699 2879 713 2922; x_wconf 92' lang='lat'><em>,</em></span> <span class='ocrx_word' id='word_1_187' title='bbox 737 2847 818 2928; x_wconf 81' lang='lat' dir='ltr'>quae</span> <span class='ocrx_word' id='word_1_188' title='bbox 837 2817 1070 2929; x_wconf 88' lang='lat' dir='ltr'>quotidiano</span> <span class='ocrx_word' id='word_1_189' title='bbox 1086 2818 1154 2902; x_wconf 90' lang='lat' dir='ltr'>usu</span> <span class='ocrx_word' id='word_1_190' title='bbox 1177 2818 1387 2924; x_wconf 80' lang='lat' dir='ltr'>deteritur,</span> <span class='ocrx_word' id='word_1_191' title='bbox 1414 2735 1645 2925; x_wconf 78' lang='lat' dir='ltr'>quotidiano</span> <span class='ocrx_word' id='word_1_192' title='bbox 1662 2843 1804 2900; x_wconf 78' lang='lat' dir='ltr'>natura</span> <span class='ocrx_word' id='word_1_193' title='bbox 1832 2820 1905 2898; x_wconf 84' lang='lat' dir='ltr'>irn-</span> 
     </span>
     <span class='ocr_line' id='line_1_23' title="bbox 370 2926 1909 3043; baseline -0.001 -31"><span class='ocrx_word' id='word_1_194' title='bbox 370 2929 372 2934; x_wconf 71' lang='grc'><strong>’</strong></span> <span class='ocrx_word' id='word_1_195' title='bbox 478 2929 592 3043; x_wconf 92' lang='lat' dir='ltr'>pulsu</span> <span class='ocrx_word' id='word_1_196' title='bbox 614 2935 755 3042; x_wconf 86' lang='lat' dir='ltr'>pariter</span> <span class='ocrx_word' id='word_1_197' title='bbox 781 2957 989 3042; x_wconf 87' lang='lat' dir='ltr'>reparatur.</span> <span class='ocrx_word' id='word_1_198' title='bbox 1026 2929 1136 3010; x_wconf 82' lang='lat' dir='ltr'>Tum</span> <span class='ocrx_word' id='word_1_199' title='bbox 1165 2933 1261 3013; x_wconf 82' lang='lat' dir='ltr'>vero</span> <span class='ocrx_word' id='word_1_200' title='bbox 1293 2957 1381 3014; x_wconf 91' lang='lat' dir='ltr'>eam</span> <span class='ocrx_word' id='word_1_201' title='bbox 1411 2927 1489 3013; x_wconf 88' lang='lat' dir='ltr'>elle</span> <span class='ocrx_word' id='word_1_202' title='bbox 1523 2926 1638 3032; x_wconf 84' lang='lat' dir='ltr'>hujus</span> <span class='ocrx_word' id='word_1_203' title='bbox 1661 2933 1702 3010; x_wconf 91' lang='lat' dir='ltr'>in</span> <span class='ocrx_word' id='word_1_204' title='bbox 1724 2929 1909 3024; x_wconf 62' lang='lat' dir='ltr'>strublurd</span> 
     </span>
     <span class='ocr_line' id='line_1_24' title="bbox 479 3037 1907 3154; baseline 0.001 -32"><span class='ocrx_word' id='word_1_205' title='bbox 479 3041 801 3154; x_wconf 86' lang='lat' dir='ltr'>srrnplicitatem,</span> <span class='ocrx_word' id='word_1_206' title='bbox 839 3069 882 3124; x_wconf 92' lang='lat' dir='ltr'>ut</span> <span class='ocrx_word' id='word_1_207' title='bbox 914 3037 1022 3122; x_wconf 87' lang='lat' dir='ltr'>nulla</span> <span class='ocrx_word' id='word_1_208' title='bbox 1053 3041 1122 3152; x_wconf 91' lang='lat' dir='ltr'>ipsr</span> <span class='ocrx_word' id='word_1_209' title='bbox 1162 3039 1361 3128; x_wconf 88' lang='lat' dir='ltr'>subeunda</span> <span class='ocrx_word' id='word_1_210' title='bbox 1392 3042 1437 3122; x_wconf 86' lang='lat' dir='ltr'>stt</span> <span class='ocrx_word' id='word_1_211' title='bbox 1474 3038 1651 3128; x_wconf 89' lang='lat' dir='ltr'>alteratio</span> <span class='ocrx_word' id='word_1_212' title='bbox 1678 3067 1812 3152; x_wconf 83' lang='lat' dir='ltr'>praeter</span> <span class='ocrx_word' id='word_1_213' title='bbox 1839 3069 1907 3126; x_wconf 85' lang='lat' dir='ltr'>ex-</span> 
     </span>
     <span class='ocr_line' id='line_1_25' title="bbox 479 3151 1907 3268; baseline -0.001 -32"><span class='ocrx_word' id='word_1_214' title='bbox 479 3155 732 3245; x_wconf 76' lang='lat' dir='ltr'>siccationem</span> <span class='ocrx_word' id='word_1_215' title='bbox 745 3213 758 3257; x_wconf 89' lang='lat'>,</span> <span class='ocrx_word' id='word_1_216' title='bbox 783 3153 848 3236; x_wconf 91' lang='lat' dir='ltr'>sed</span> <span class='ocrx_word' id='word_1_217' title='bbox 870 3151 1115 3268; x_wconf 83' lang='lat' dir='ltr'>putrescente</span> <span class='ocrx_word' id='word_1_218' title='bbox 1144 3151 1311 3258; x_wconf 65' lang='lat' dir='ltr'>subject</span> <span class='ocrx_word' id='word_1_219' title='bbox 1332 3178 1423 3237; x_wconf 92' lang='lat' dir='ltr'>cute</span> <span class='ocrx_word' id='word_1_220' title='bbox 1445 3152 1564 3266; x_wconf 87' lang='lat' dir='ltr'>ipsam</span> <span class='ocrx_word' id='word_1_221' title='bbox 1590 3155 1752 3266; x_wconf 86' lang='lat' dir='ltr'>perstare</span> <span class='ocrx_word' id='word_1_222' title='bbox 1770 3155 1907 3236; x_wconf 82' lang='lat' dir='ltr'>incor-</span> 
     </span>
     <span class='ocr_line' id='line_1_26' title="bbox 478 3265 1908 3380; baseline 0.003 -30"><span class='ocrx_word' id='word_1_223' title='bbox 478 3293 657 3379; x_wconf 89' lang='lat' dir='ltr'>ruptam,</span> <span class='ocrx_word' id='word_1_224' title='bbox 676 3266 853 3373; x_wconf 78' lang='lat' dir='ltr'>adeoque</span> <span class='ocrx_word' id='word_1_225' title='bbox 868 3294 954 3349; x_wconf 88' lang='lat' dir='ltr'>cam</span> <span class='ocrx_word' id='word_1_226' title='bbox 975 3267 1075 3348; x_wconf 86' lang='lat' dir='ltr'>cutis</span> <span class='ocrx_word' id='word_1_227' title='bbox 1096 3265 1291 3378; x_wconf 87' lang='lat' dir='ltr'>putredini</span> <span class='ocrx_word' id='word_1_228' title='bbox 1306 3265 1580 3380; x_wconf 69' lang='lat' dir='ltr'>praepediendo</span> <span class='ocrx_word' id='word_1_229' title='bbox 1597 3293 1738 3378; x_wconf 90' lang='lat' dir='ltr'>aptam.</span> <span class='ocrx_word' id='word_1_230' title='bbox 1755 3265 1908 3354; x_wconf 78' lang='lat' dir='ltr'>Verum</span> 
     </span>
     <span class='ocr_line' id='line_1_27' title="bbox 482 3375 1908 3492; baseline 0 -32"><span class='ocrx_word' id='word_1_231' title='bbox 482 3377 603 3486; x_wconf 77' lang='lat' dir='ltr'>quam</span> <span class='ocrx_word' id='word_1_232' title='bbox 628 3376 730 3462; x_wconf 90' lang='lat' dir='ltr'>levia</span> <span class='ocrx_word' id='word_1_233' title='bbox 760 3377 881 3492; x_wconf 91' lang='lat' dir='ltr'>ipsam</span> <span class='ocrx_word' id='word_1_234' title='bbox 915 3381 997 3461; x_wconf 90' lang='lat' dir='ltr'>cuti</span> <span class='ocrx_word' id='word_1_235' title='bbox 1017 3380 1172 3462; x_wconf 70' lang='lat' dir='ltr'>neclant</span> <span class='ocrx_word' id='word_1_236' title='bbox 1199 3379 1384 3483; x_wconf 85' lang='lat' dir='ltr'>vincula,</span> <span class='ocrx_word' id='word_1_237' title='bbox 1414 3386 1455 3461; x_wconf 78' lang='lat' dir='ltr'>dr</span> <span class='ocrx_word' id='word_1_238' title='bbox 1485 3383 1673 3488; x_wconf 75' lang='lat' dir='ltr'>quantum</span> <span class='ocrx_word' id='word_1_239' title='bbox 1701 3375 1815 3459; x_wconf 79' lang='lat' dir='ltr'>simul</span> <span class='ocrx_word' id='word_1_240' title='bbox 1834 3381 1908 3460; x_wconf 85' lang='lat' dir='ltr'>hu-</span> 
     </span>
     <span class='ocr_line' id='line_1_28' title="bbox 477 3487 1908 3604; baseline 0 -30"><span class='ocrx_word' id='word_1_241' title='bbox 477 3495 599 3576; x_wconf 88' lang='lat' dir='ltr'>moris</span> <span class='ocrx_word' id='word_1_242' title='bbox 624 3488 645 3571; x_wconf 73' lang='lat' dir='ltr'>a</span> <span class='ocrx_word' id='word_1_243' title='bbox 671 3520 792 3572; x_wconf 93' lang='lat' dir='ltr'>muco</span> <span class='ocrx_word' id='word_1_244' title='bbox 820 3488 991 3596; x_wconf 74' lang='lat' dir='ltr'>subjetto</span> <span class='ocrx_word' id='word_1_245' title='bbox 1011 3487 1205 3594; x_wconf 85' lang='lat' dir='ltr'>exstiller,</span> <span class='ocrx_word' id='word_1_246' title='bbox 1227 3491 1357 3604; x_wconf 71' lang='lat' dir='ltr'>aperte</span> <span class='ocrx_word' id='word_1_247' title='bbox 1386 3491 1649 3576; x_wconf 81' lang='lat' dir='ltr'>demonstrant</span> <span class='ocrx_word' id='word_1_248' title='bbox 1671 3491 1804 3572; x_wconf 79' lang='lat' dir='ltr'>vesrcae</span> <span class='ocrx_word' id='word_1_249' title='bbox 1829 3487 1908 3574; x_wconf 83' lang='lat' dir='ltr'>illae</span> 
     </span>
     <span class='ocr_line' id='line_1_29' title="bbox 481 3597 1908 3714; baseline 0.003 -32"><span class='ocrx_word' id='word_1_250' title='bbox 481 3599 818 3690; x_wconf 84' lang='lat' dir='ltr'>combustionibus</span> <span class='ocrx_word' id='word_1_251' title='bbox 837 3603 950 3688; x_wconf 77' lang='lat' dir='ltr'>illico</span> <span class='ocrx_word' id='word_1_252' title='bbox 972 3601 1315 3714; x_wconf 66' lang='lat' dir='ltr'>supervenientem,</span> <span class='ocrx_word' id='word_1_253' title='bbox 1339 3633 1421 3712; x_wconf 79' lang='lat' dir='ltr'>qna</span> <span class='ocrx_word' id='word_1_254' title='bbox 1445 3600 1573 3684; x_wconf 80' lang='lat' dir='ltr'>subito</span> <span class='ocrx_word' id='word_1_255' title='bbox 1598 3601 1645 3684; x_wconf 88' lang='lat' dir='ltr'>ab</span> <span class='ocrx_word' id='word_1_256' title='bbox 1669 3604 1762 3682; x_wconf 76' lang='lat' dir='ltr'>ione</span> <span class='ocrx_word' id='word_1_257' title='bbox 1781 3597 1908 3712; x_wconf 75' lang='lat' dir='ltr'>plena:</span> 
     </span>
     <span class='ocr_line' id='line_1_30' title="bbox 478 3667 1773 3832; baseline -0.005 -30"><span class='ocrx_word' id='word_1_258' title='bbox 478 3711 693 3802; x_wconf 77' lang='lat' dir='ltr'>exuberant</span> <span class='ocrx_word' id='word_1_259' title='bbox 709 3745 831 3802; x_wconf 89' lang='lat' dir='ltr'>muco</span> <span class='ocrx_word' id='word_1_260' title='bbox 846 3780 862 3825; x_wconf 84' lang='lat'>‚</span> <span class='ocrx_word' id='word_1_261' title='bbox 883 3719 1021 3832; x_wconf 86' lang='lat' dir='ltr'>partlm</span> <span class='ocrx_word' id='word_1_262' title='bbox 1039 3745 1231 3800; x_wconf 89' lang='lat' dir='ltr'>concreto</span> <span class='ocrx_word' id='word_1_263' title='bbox 1249 3779 1264 3824; x_wconf 91' lang='lat'><em>,</em></span> <span class='ocrx_word' id='word_1_264' title='bbox 1287 3720 1425 3830; x_wconf 82' lang='lat' dir='ltr'>partim</span> <span class='ocrx_word' id='word_1_265' title='bbox 1442 3667 1773 3802; x_wconf 83' lang='lat' dir='ltr'>inconcrescibili.</span> 
     </span>
    </p>
   </div>
   <div class='ocr_carea' id='block_1_4' title="bbox 830 3877 1553 4276">
    <p class='ocr_par' dir='ltr' id='par_1_8' title="bbox 830 3877 1553 4276">
     <span class='ocr_line' id='line_1_31' title="bbox 830 3877 1553 4032; baseline -0.015 0"><span class='ocrx_word' id='word_1_266' title='bbox 830 3877 1370 4032; x_wconf 75' lang='lat' dir='ltr'>anricuuus</span> <span class='ocrx_word' id='word_1_267' title='bbox 1468 3937 1553 4022; x_wconf 90' lang='lat'>11.</span> 
     </span>
     <span class='ocr_line' id='line_1_32' title="bbox 966 4160 1384 4276; baseline 0.019 -30"><span class='ocrx_word' id='word_1_268' title='bbox 966 4161 1032 4258; x_wconf 85' lang='lat' dir='ltr'>De</span> <span class='ocrx_word' id='word_1_269' title='bbox 1051 4160 1241 4276; x_wconf 66' lang='lat' dir='ltr'>structure</span> <span class='ocrx_word' id='word_1_270' title='bbox 1262 4161 1384 4254; x_wconf 78' lang='lat' dir='ltr'>cutis.</span> 
     </span>
    </p>
   </div>
   <div class='ocr_carea' id='block_1_5' title="bbox 479 4383 1914 4842">
    <p class='ocr_par' dir='ltr' id='par_1_9' title="bbox 479 4383 1914 4842">
     <span class='ocr_line' id='line_1_33' title="bbox 531 4383 1911 4505; baseline -0.001 -33"><span class='ocrx_word' id='word_1_271' title='bbox 531 4385 579 4472; x_wconf 88' lang='lat' dir='ltr'>ln</span> <span class='ocrx_word' id='word_1_272' title='bbox 599 4409 710 4470; x_wconf 93' lang='lat' dir='ltr'>tanto</span> <span class='ocrx_word' id='word_1_273' title='bbox 729 4409 888 4496; x_wconf 88' lang='lat' dir='ltr'>tamque</span> <span class='ocrx_word' id='word_1_274' title='bbox 905 4390 1059 4476; x_wconf 82' lang='lat' dir='ltr'>diverso</span> <span class='ocrx_word' id='word_1_275' title='bbox 1077 4417 1317 4505; x_wconf 83' lang='lat' dir='ltr'>organorum</span> <span class='ocrx_word' id='word_1_276' title='bbox 1333 4411 1516 4498; x_wconf 90' lang='lat' dir='ltr'>apparatu</span> <span class='ocrx_word' id='word_1_277' title='bbox 1530 4441 1545 4492; x_wconf 84' lang='lat'>,</span> <span class='ocrx_word' id='word_1_278' title='bbox 1561 4385 1665 4470; x_wconf 88' lang='lat' dir='ltr'>deest</span> <span class='ocrx_word' id='word_1_279' title='bbox 1679 4383 1799 4472; x_wconf 76' lang='lat' dir='ltr'>totius</span> <span class='ocrx_word' id='word_1_280' title='bbox 1816 4386 1911 4471; x_wconf 55' lang='lat' dir='ltr'>eds</span> 
     </span>
     <span class='ocr_line' id='line_1_34' title="bbox 479 4497 1914 4614; baseline 0 -31"><span class='ocrx_word' id='word_1_281' title='bbox 479 4503 560 4584; x_wconf 86' lang='lat' dir='ltr'>ficii</span> <span class='ocrx_word' id='word_1_282' title='bbox 585 4497 688 4582; x_wconf 72' lang='lat' dir='ltr'>basts&#39;</span> <span class='ocrx_word' id='word_1_283' title='bbox 712 4524 827 4608; x_wconf 85' lang='lat' dir='ltr'>atque</span> <span class='ocrx_word' id='word_1_284' title='bbox 851 4501 1147 4586; x_wconf 82' lang='lat' dir='ltr'>fundamentum</span> <span class='ocrx_word' id='word_1_285' title='bbox 1171 4566 1185 4610; x_wconf 93' lang='lat'><em>‚</em></span> <span class='ocrx_word' id='word_1_286' title='bbox 1207 4505 1303 4585; x_wconf 90' lang='lat' dir='ltr'>hinc</span> <span class='ocrx_word' id='word_1_287' title='bbox 1332 4501 1452 4614; x_wconf 82' lang='lat' dir='ltr'>ipsam</span> <span class='ocrx_word' id='word_1_288' title='bbox 1485 4525 1616 4582; x_wconf 87' lang='lat' dir='ltr'>cutem</span> <span class='ocrx_word' id='word_1_289' title='bbox 1646 4503 1914 4608; x_wconf 84' lang='lat' dir='ltr'>requirimus,</span> 
     </span>
     <span class='ocr_line' id='line_1_35' title="bbox 481 4611 1913 4726; baseline -0.002 -27"><span class='ocrx_word' id='word_1_290' title='bbox 481 4613 558 4700; x_wconf 79' lang='lat' dir='ltr'>slve</span> <span class='ocrx_word' id='word_1_291' title='bbox 577 4611 740 4696; x_wconf 89' lang='lat' dir='ltr'>densum</span> <span class='ocrx_word' id='word_1_292' title='bbox 762 4611 859 4694; x_wconf 88' lang='lat' dir='ltr'>illud</span> <span class='ocrx_word' id='word_1_293' title='bbox 884 4613 1137 4700; x_wconf 91' lang='lat' dir='ltr'>involucrum</span> <span class='ocrx_word' id='word_1_294' title='bbox 1159 4615 1267 4726; x_wconf 94' lang='lat' dir='ltr'>quod</span> <span class='ocrx_word' id='word_1_295' title='bbox 1293 4611 1314 4698; x_wconf 74' lang='lat' dir='ltr'>a</span> <span class='ocrx_word' id='word_1_296' title='bbox 1342 4639 1511 4711; x_wconf 89' lang='lat' dir='ltr'>corpore</span> <span class='ocrx_word' id='word_1_297' title='bbox 1528 4611 1746 4694; x_wconf 77' lang='lat' dir='ltr'>detratium</span> <span class='ocrx_word' id='word_1_298' title='bbox 1761 4611 1913 4724; x_wconf 86' lang='lat' dir='ltr'>pellem</span> 
     </span>
     <span class='ocr_line' id='line_1_36' title="bbox 480 4715 1912 4842; baseline -0.002 -34"><span class='ocrx_word' id='word_1_299' title='bbox 480 4752 654 4826; x_wconf 86' lang='lat' dir='ltr'>vocant,</span> <span class='ocrx_word' id='word_1_300' title='bbox 686 4725 923 4808; x_wconf 78' lang='lat' dir='ltr'>exsiccatum</span> <span class='ocrx_word' id='word_1_301' title='bbox 940 4729 1102 4810; x_wconf 90' lang='lat' dir='ltr'>vertitur</span> <span class='ocrx_word' id='word_1_302' title='bbox 1126 4730 1348 4812; x_wconf 74' lang='lat' dir='ltr'>in&#39;corium.</span> <span class='ocrx_word' id='word_1_303' title='bbox 1365 4715 1471 4842; x_wconf 77' lang='lat' dir='ltr'>Illqd</span> <span class='ocrx_word' id='word_1_304' title='bbox 1497 4755 1579 4806; x_wconf 92' lang='lat' dir='ltr'>non</span> <span class='ocrx_word' id='word_1_305' title='bbox 1607 4724 1755 4806; x_wconf 85' lang='lat' dir='ltr'>induas</span> <span class='ocrx_word' id='word_1_306' title='bbox 1779 4751 1912 4834; x_wconf 76' lang='lat' dir='ltr'>partes</span> 
     </span>
    </p>
   </div>
   <div class='ocr_carea' id='block_1_6' title="bbox 482 4833 1915 4956">
    <p class='ocr_par' dir='ltr' id='par_1_10' title="bbox 482 4833 1915 4956">
     <span class='ocr_line' id='line_1_37' title="bbox 482 4833 1915 4956; baseline -0.001 -30"><span class='ocrx_word' id='word_1_307' title='bbox 482 4867 575 4926; x_wconf 84' lang='lat' dir='ltr'>cum</span> <span class='ocrx_word' id='word_1_308' title='bbox 594 4833 772 4925; x_wconf 74' lang='lat' dir='ltr'>menno</span> <span class='ocrx_word' id='word_1_309' title='bbox 794 4839 917 4926; x_wconf 80' lang='lat' dir='ltr'>bialsa</span> <span class='ocrx_word' id='word_1_310' title='bbox 942 4837 1188 4956; x_wconf 82' lang='lat' dir='ltr'>dividemus,</span> <span class='ocrx_word' id='word_1_311' title='bbox 1215 4869 1379 4956; x_wconf 86' lang='lat' dir='ltr'>quarum</span> <span class='ocrx_word' id='word_1_312' title='bbox 1401 4865 1564 4924; x_wconf 79' lang='lat' dir='ltr'>externa</span> <span class='ocrx_word' id='word_1_313' title='bbox 1593 4837 1747 4927; x_wconf 79' lang='lat' dir='ltr'>densior</span> <span class='ocrx_word' id='word_1_314' title='bbox 1770 4837 1815 4922; x_wconf 85' lang='lat' dir='ltr'>lit</span> <span class='ocrx_word' id='word_1_315' title='bbox 1827 4895 1843 4944; x_wconf 85' lang='lat'><em>,</em></span> <span class='ocrx_word' id='word_1_316' title='bbox 1864 4843 1915 4926; x_wconf 68' lang='lat' dir='ltr'>bc</span> 
     </span>
    </p>
   </div>
   <div class='ocr_carea' id='block_1_7' title="bbox 0 0 2102 5884">
    <p class='ocr_par' dir='ltr' id='par_1_11' title="bbox 0 0 2102 5884">
     <span class='ocr_line' id='line_1_38' title="bbox 0 0 2102 5884; baseline 0 0"><span class='ocrx_word' id='word_1_317' title='bbox 0 0 2102 5884; x_wconf 95' lang='lat' dir='ltr'> </span> 
     </span>
    </p>
   </div>
  </div>
 </body>
</html>
