4228 5898
473 447 527 532 80
716 435 811 520 DE
867 427 1163 520 MORBIS
1212 431 1620 521 CUTANEIS.

471 623 688 705 excavant,
705 607 747 683 &
764 629 857 682 cum
876 596 1018 681 ulceris
1037 583 1186 687 ainbitu
1206 598 1514 683 confunduntur.
1528 591 1716 681 Praeterei
1728 591 1900 708 pruritur

469 718 510 798 in
526 738 660 828 parte,
677 711 796 795 dolor
818 739 923 793 nunc
938 707 1164 815 lancinatis,
1189 740 1294 794 nunc
1311 713 1446 794 anxius
1468 738 1541 824 pro
1564 707 1699 794 natural
1714 705 1809 790 mali
1826 737 1897 792 cu-

471 830 575 911 tanei
601 822 812 940 junguntur
837 819 984 928 ulceri,
1010 850 1091 934 quo
1106 822 1302 938 precipue
1328 850 1508 938 tempore
1524 823 1658 906 omnia
1681 815 1897 907 debuerant

467 939 684 1024 mitescere.

522 1052 670 1136 Veritm
691 1049 937 1160 quantumvis
961 1049 1119 1162 impurae
1137 1051 1178 1130 in
1191 1045 1390 1130 ulceribus
1406 1042 1573 1129 miscela
1588 1046 1695 1186 srpna
1709 1047 1792 1129 haec
1807 1073 1896 1131 cer-

465 1163 604 1249 tissima
629 1165 721 1265 srnt,
749 1188 841 1244 vera
873 1159 966 1242 mali
989 1156 1144 1243 latentis
1170 1158 1363 1271 diagnusis
1397 1156 1586 1274 pendebit
1611 1187 1633 1239 a
1656 1158 1895 1273 praecognitis
1946 1225 1950 1232 .

438 1361 441 1368 ,
467 1278 662 1392 preterita
682 1276 768 1357 vitae
789 1271 965 1378 historial,
987 1269 1262 1382 malorumque
1276 1269 1378 1356 male
1393 1297 1620 1355 curatorum
1636 1269 1848 1372 inemorib;
1863 1274 1898 1366 sr,

466 1389 627 1498 quidem
645 1381 757 1468 ulcus
807 1381 1030 1496 uscunque
1045 1385 1094 1469 de
1110 1383 1226 1469 causti
1246 1385 1287 1466 in
1311 1411 1402 1467 cute
1427 1409 1560 1498 natum
1581 1381 1893 1469 fonticuliinusti

464 1501 603 1584 locum
617 1521 748 1604 tenet,
772 1413 907 1608 ibique
920 1496 1126 1608 imminutb
1144 1493 1345 1586 resistentie
1356 1497 1448 1580 ferri
1468 1492 1613 1580 debent
1633 1525 1894 1607 quacumque

465 1612 583 1696 crassa
609 1639 674 1694 aut
693 1614 798 1693 acria
820 1608 913 1693 alibi
939 1637 1117 1725 parerent
1145 1611 1354 1715 infarelus5
1384 1612 1476 1694 hinc
1502 1607 1570 1691 tali
1596 1612 1699 1696 intus
1731 1614 1908 1722 vigente

464 1724 630 1830 fomite,
660 1749 726 1806 aut
748 1721 855 1805 nulla
878 1721 1062 1836 speranda
1084 1725 1138 1808 eli
1170 1715 1359 1826 cicatrix,
1389 1749 1454 1805 aut
1472 1723 1500 1804 st
1524 1718 1627 1804 male
1649 1723 1817 1807 formata
1838 1726 1893 1808 est

464 1837 557 1943 illa,
582 1839 708 1920 rursirs
725 1840 894 1951 aperitur
919 1845 960 1920 dt
980 1837 1132 1928 redime
1160 1861 1263 1926 ratur
1293 1831 1420 1930 ulcru.

517 1951 665 2035 Veritm
682 1977 765 2059 quae
775 1948 823 2031 ab
838 1945 988 2037 interni
1002 1946 1116 2032 causi
1129 1867 1286 2030 sumunt
1300 1946 1507 2034 exordium
1518 1945 1652 2032 ulcera
1659 1952 1728 2052 ,bt
1767 1974 1892 2033 artent

463 2061 695 2146 morborum
711 2088 969 2145 cutaneorum
985 2063 1224 2144 constituunt
1235 2065 1326 2143 non
1337 2061 1563 2166 minimam,
1587 2089 1633 2144 ea
1646 2058 1711 2144 vel
1725 1977 1889 2176 liiperli-

464 2179 568 2260 ciem
587 2177 741 2257 tantiam
765 2173 993 2257 adoriuntur
1004 2235 1019 2280 ,
1040 2179 1083 2256 dt
1104 2170 1173 2260 sub
1191 2171 1273 2287 ipsi
1290 2199 1315 2255 e
1340 2172 1532 2258 idermide
1549 2173 1731 2264 videntur
1745 2177 1890 2266 reticu-

462 2285 533 2370 lari
548 2291 697 2373 tantlrnt
708 2289 832 2371 textui
846 2290 1045 2392 inhaerere,
1054 2284 1120 2370 vel
1133 2282 1245 2370 altius
1258 2201 1420 2370 cellulas
1432 2289 1513 2366 cuti
1524 2283 1709 2391 subjeetas
1719 2285 1890 2402 adipem-

463 2427 540 2510 que
564 2401 774 2504 inficiunt,
810 2396 874 2482 vel
897 2397 1001 2514 ipsos
1029 2401 1131 2482 cutis
1160 2398 1367 2592 deturpant
1393 2395 1620 2503 folliculos,
1649 2398 1793 2507 eosque
1816 2427 1887 2482 ro-

462 2511 571 2595 dunt
591 2511 728 2594 Priora
741 2508 857 2595 facile
877 2510 1056 2627 serpunt,
1072 2516 1113 2595 dt
1127 2512 1274 2624 erysrpe
1291 2509 1438 2604 atulam
1456 2533 1632 2593 naturam
1649 2511 1884 2596 sortiuntur:

459 2621 579 2708 altera
601 2621 996 2764 phlegmonodeam,
1027 2627 1139 2709 tertia
1166 2622 1325 2716 demlrm
1345 2623 1549 2707 inferitum
1577 2626 1706 2736 primb
1737 2623 1887 2738 suppo-

459 2763 584 2843 nunt,
605 2740 735 2851 postea
754 2739 1103 2821 inflammationem
1121 2734 1214 2850 phle
1244 2733 1496 2822 monodeam.
1509 2735 1571 2818 Ex
1593 2739 1653 2820 his
1669 2737 1791 2850 prima
1810 2765 1887 2848 pus

457 2849 629 2934 sundunt
648 2839 866 2960 aquosum,
888 2846 1103 2954 biliosum,
1129 2765 1364 2933 viritiescens
1389 2876 1461 2959 pro
1477 2845 1610 2931 natural
1633 2847 1776 2952 causa,
1793 2875 1891 2966 pru·¹

459 2962 630 3070 ritusque
654 2963 858 3054 concitant
885 2959 1095 3070 aliquandb
1125 2985 1329 3065 enormes,
1354 2984 1420 3042 aut
1444 2963 1589 3043 urentis
1612 2963 1713 3073 ignis
1737 2987 1883 3044 accen*

462 3073 560 3156 dunt
586 3071 763 3155 sensum:
786 3069 861 3154 alia
881 3069 1086 3154 doloribus
1107 3073 1289 3185 stipantur
1308 3069 1615 3177 lancinantibus,
1668 3071 1882 3157 ulsantibus

460 3191 501 3268 dt
518 3187 559 3266 in
582 3182 757 3268 secundo
772 3209 917 3296 genere
938 3181 1285 3300 profundioribus,
1313 3189 1354 3268 in
1373 3183 1498 3270 altero
1514 3103 1760 3299 superliciem
1781 3185 1883 3270 cutis

457 3293 748 3409 attingentibus,

514 3409 605 3492 Nec
624 3435 669 3492 ea
687 3435 819 3508 tamen
835 3406 971 3494 divino
990 3436 1128 3495 omnes
1149 3414 1190 3494 in
1212 3415 1319 3525 praxi
1343 3437 1564 3525 compertas
1580 3409 1885 3525 comprehendit

457 3521 705 3606 differentias.
721 3521 912 3606 Ulcerum
927 3521 1144 3636 superficiei
1158 3528 1258 3608 cutis
1275 3522 1518 3608 addislorum
1531 3521 1741 3608 subdivisro
1758 3521 1881 3606 subti-

454 3633 531 3716 lior
545 3636 742 3722 statuenda
753 3638 817 3719 est.
830 3633 920 3724 Alia
934 3639 1039 3722 enim
1053 3633 1166 3719 srrnul
1179 3633 1408 3720 rubedinem
1417 3634 1586 3748 aliquam
1599 3636 1765 3722 afferunt
1774 3699 1788 3741 ,
1805 3633 1882 3721 alia

453 3744 599 3831 limbos
616 3745 796 3834 obtinent
818 3745 924 3830 mere
940 3746 1224 3864 lymphaticos,
1235 3747 1382 3860 eosque
1398 3749 1594 3864 praduros
1612 3755 1654 3832 dt
1668 3746 1881 3859 aliquandb

455 3861 558 3968 quasr
576 3863 795 3944 coriaceos.
816 3857 952 3942 Priora
972 3860 1038 3944 seu
1062 3859 1319 3976 tryfipelacea
1339 3859 1474 3944 ulcera
1494 3861 1648 3946 causam
1670 3889 1753 3950 non
1777 3859 1880 3944 adeo

454 3974 575 4055 firmis
606 3970 801 4069 radicibus
831 3972 949 4054 fixam
972 4000 1176 4086 arguunt,
1216 3977 1321 4059 circa
1346 4003 1461 4085 quarn
1490 3999 1633 4055 natura
1658 3970 1772 4056 labor
1794 4002 1878 4056 non

452 4081 602 4200 semper
617 4087 757 4170 irritus.
782 4085 884 4196 Qua
901 4087 998 4168 verb
1015 4086 1140 4190 ficta,
1157 4085 1278 4191 dura,
1294 4084 1442 4170 lemosa
1455 4085 1541 4168 sunt
1550 4147 1564 4190 ,
1581 4110 1757 4166 naturam
1771 4087 1880 4168 inet-

452 4220 534 4278 tem
562 4225 741 4308 arguunt.
765 4197 909 4281 Ulcera
935 4195 1207 4312 simpliciora,
1244 4199 1310 4288 seu
1339 4195 1613 4312 erysipelatoso
1639 4193 1768 4279 limbo
1797 4197 1878 4280 cir-

345 4321 350 4334 “
452 4307 716 4420 cumscripra,
752 4307 912 4423 lymphis
966 4315 1108 4394 rlmirm
1137 4307 1336 4425 pellucidi
1364 4311 1506 4424 plena,
1538 4313 1728 4425 temporis
1752 4309 1879 4394 tradlu

451 4415 677 4526 turbantur,
702 4425 904 4504 materiem
923 4341 1093 4509 sindunt
1107 4422 1378 4536 purulentam,
1400 4422 1468 4507 sed
1482 4424 1694 4534 aquosam,
1718 4421 1879 4536 serpen-

449 4555 555 4634 tem,
579 4537 760 4644 &partes
774 4559 868 4642 quas
882 4531 992 4618 alluit
1011 4535 1314 4641 corrodentem,
1330 4564 1369 4620 at
1384 4565 1468 4646 quoe
1485 4537 1680 4618 mirificari
1694 4535 1734 4619 se
1750 4537 1878 4648 patia-

448 4667 524 4726 tur.
544 4641 1027 4731 Posteriora‘indurescunt
1038 4709 1052 4752 ,
1078 4657 1120 4732 bt
1136 4651 1177 4731 in
1194 4647 1315 4732 lentas
1336 4647 1473 4732 crassas
1491 4646 1699 4732 indivulsas
1721 4673 1877 4730 mutan-

447 4781 533 4858 tur,
554 4756 770 4865 crustasque
794 4755 1008 4844 lamellatas
1023 4759 1277 4874 superpositas
1291 4761 1501 4844 efformant
1514 4823 1528 4867 ,
1551 4759 1679 4844 subter
1694 4789 1789 4870 quas
1802 4789 1876 4872 pus
1900 4833 1904 4840 .

447 4868 497 4962 ad
515 4867 679 4954 surdum
694 4876 736 4971 br
754 4865 875 4955 latera
897 4873 1125 4960 excavando
1147 4870 1284 4969 locum
1302 4868 1373 4956 srbi
1390 4873 1528 4982 cudit,
1558 4873 1733 5066 dlunqule
1749 4901 1876 5064 noplas

1712 5011 1801 5068 ame
1834 5013 1875 5068 us
