<?xml version="1.0" encoding="UTF-8"?>
<!DOCTYPE html PUBLIC "-//W3C//DTD XHTML 1.0 Transitional//EN"
    "http://www.w3.org/TR/xhtml1/DTD/xhtml1-transitional.dtd">
<html xmlns="http://www.w3.org/1999/xhtml" xml:lang="en" lang="en">
 <head>
  <title>
</title>
<meta http-equiv="Content-Type" content="text/html;charset=utf-8" />
  <meta name='ocr-system' content='tesseract 3.04.00' />
  <meta name='ocr-capabilities' content='ocr_page ocr_carea ocr_par ocr_line ocrx_word'/>
</head>
<body>
  <div class='ocr_page' id='page_1' title='image "./tractatusdemorb00cavegoog_0247.png"; bbox 0 0 4156 5892; ppageno 0'>
   <div class='ocr_carea' id='block_1_1' title="bbox 454 363 1440 480">
    <p class='ocr_par' dir='ltr' id='par_1_1' title="bbox 454 363 1440 480">
     <span class='ocr_line' id='line_1_1' title="bbox 454 363 1440 480; baseline -0.009 0"><span class='ocrx_word' id='word_1_1' title='bbox 454 426 538 480; x_wconf 82' lang='lat' dir='ltr'>aaa</span> <span class='ocrx_word' id='word_1_2' title='bbox 910 389 1018 476; x_wconf 88' lang='lat' dir='ltr'>DE</span> <span class='ocrx_word' id='word_1_3' title='bbox 1077 363 1440 474; x_wconf 78' lang='lat' dir='ltr'>MORBIS</span> 
     </span>
    </p>
   </div>
   <div class='ocr_carea' id='block_1_2' title="bbox 228 540 1897 4610">
    <p class='ocr_par' dir='ltr' id='par_1_2' title="bbox 453 540 1895 674">
     <span class='ocr_line' id='line_1_2' title="bbox 453 540 1895 674; baseline 0.001 -34"><span class='ocrx_word' id='word_1_4' title='bbox 453 553 717 674; x_wconf 80' lang='lat' dir='ltr'>aperiennbus</span> <span class='ocrx_word' id='word_1_5' title='bbox 744 551 960 642; x_wconf 85' lang='lat' dir='ltr'>lenioribus</span> <span class='ocrx_word' id='word_1_6' title='bbox 989 557 1031 636; x_wconf 70' lang='grc' dir='ltr'>ὃ(</span> <span class='ocrx_word' id='word_1_7' title='bbox 1059 551 1342 639; x_wconf 89' lang='lat' dir='ltr'>diureticorum</span> <span class='ocrx_word' id='word_1_8' title='bbox 1369 540 1447 632; x_wconf 74' lang='lat' dir='ltr'>usu&#39;</span> <span class='ocrx_word' id='word_1_9' title='bbox 1464 550 1635 632; x_wconf 83' lang='lat' dir='ltr'>tota&#39;res</span> <span class='ocrx_word' id='word_1_10' title='bbox 1663 543 1895 642; x_wconf 75' lang='lat' dir='ltr'><strong>absolvitur.</strong></span> 
     </span>
    </p>

    <p class='ocr_par' dir='ltr' id='par_1_3' title="bbox 453 663 1897 2016">
     <span class='ocr_line' id='line_1_3' title="bbox 508 663 1897 782; baseline -0.002 -28"><span class='ocrx_word' id='word_1_11' title='bbox 508 673 549 754; x_wconf 88' lang='lat' dir='ltr'>A</span> <span class='ocrx_word' id='word_1_12' title='bbox 578 667 718 781; x_wconf 73' lang='lat' dir='ltr'>pituiti</span> <span class='ocrx_word' id='word_1_13' title='bbox 745 665 978 754; x_wconf 85' lang='lat' dir='ltr'>redundanti</span> <span class='ocrx_word' id='word_1_14' title='bbox 1004 663 1177 752; x_wconf 88' lang='lat' dir='ltr'>maculas</span> <span class='ocrx_word' id='word_1_15' title='bbox 1207 668 1413 782; x_wconf 64' lang='lat' dir='ltr'>expedare</span> <span class='ocrx_word' id='word_1_16' title='bbox 1441 687 1625 746; x_wconf 87' lang='lat' dir='ltr'>cutaneas</span> <span class='ocrx_word' id='word_1_17' title='bbox 1656 663 1897 777; x_wconf 89' lang='lat' dir='ltr'>impossibile</span> 
     </span>
     <span class='ocr_line' id='line_1_4' title="bbox 455 769 1897 890; baseline -0.003 -23"><span class='ocrx_word' id='word_1_18' title='bbox 455 784 531 890; x_wconf 85' lang='lat' dir='ltr'>est,</span> <span class='ocrx_word' id='word_1_19' title='bbox 560 787 652 865; x_wconf 83' lang='lat' dir='ltr'>clun</span> <span class='ocrx_word' id='word_1_20' title='bbox 673 779 847 865; x_wconf 91' lang='lat' dir='ltr'>maculas</span> <span class='ocrx_word' id='word_1_21' title='bbox 869 773 1009 863; x_wconf 70' lang='lat' dir='ltr'>contri</span> <span class='ocrx_word' id='word_1_22' title='bbox 1028 807 1172 890; x_wconf 85' lang='lat' dir='ltr'>aqueus</span> <span class='ocrx_word' id='word_1_23' title='bbox 1192 781 1338 862; x_wconf 93' lang='lat' dir='ltr'>humor</span> <span class='ocrx_word' id='word_1_24' title='bbox 1362 773 1495 876; x_wconf 82' lang='lat' dir='ltr'>eluat3</span> <span class='ocrx_word' id='word_1_25' title='bbox 1515 779 1653 858; x_wconf 76' lang='lat' dir='ltr'>verum</span> <span class='ocrx_word' id='word_1_26' title='bbox 1674 769 1696 858; x_wconf 77' lang='lat' dir='ltr'>i</span> <span class='ocrx_word' id='word_1_27' title='bbox 1714 803 1897 864; x_wconf 90' lang='lat' dir='ltr'>veterum</span> 
     </span>
     <span class='ocr_line' id='line_1_5' title="bbox 456 889 1894 1006; baseline -0.004 -24"><span class='ocrx_word' id='word_1_28' title='bbox 456 899 510 983; x_wconf 85' lang='lat' dir='ltr'>stc</span> <span class='ocrx_word' id='word_1_29' title='bbox 527 893 628 978; x_wconf 73' lang='lat' dir='ltr'>dine</span> <span class='ocrx_word' id='word_1_30' title='bbox 643 891 722 978; x_wconf 74' lang='lat' dir='ltr'>atri</span> <span class='ocrx_word' id='word_1_31' title='bbox 737 891 818 978; x_wconf 90' lang='lat' dir='ltr'>bile</span> <span class='ocrx_word' id='word_1_32' title='bbox 835 901 877 978; x_wconf 80' lang='lat' dir='ltr'>dt</span> <span class='ocrx_word' id='word_1_33' title='bbox 890 890 1019 1006; x_wconf 85' lang='lat' dir='ltr'>plures</span> <span class='ocrx_word' id='word_1_34' title='bbox 1034 896 1203 1006; x_wconf 88' lang='lat' dir='ltr'>reperire</span> <span class='ocrx_word' id='word_1_35' title='bbox 1218 900 1261 975; x_wconf 71' lang='grc' dir='ltr'>ὅ(</span> <span class='ocrx_word' id='word_1_36' title='bbox 1276 889 1496 994; x_wconf 90' lang='lat' dir='ltr'>diuturnas,</span> <span class='ocrx_word' id='word_1_37' title='bbox 1520 915 1596 972; x_wconf 90' lang='lat' dir='ltr'>nec</span> <span class='ocrx_word' id='word_1_38' title='bbox 1611 890 1727 974; x_wconf 85' lang='lat' dir='ltr'>unius</span> <span class='ocrx_word' id='word_1_39' title='bbox 1740 895 1894 1004; x_wconf 84' lang='lat' dir='ltr'>generis</span> 
     </span>
     <span class='ocr_line' id='line_1_6' title="bbox 453 997 1894 1118; baseline -0.001 -28"><span class='ocrx_word' id='word_1_40' title='bbox 453 1005 574 1106; x_wconf 78' lang='lat' dir='ltr'>facile</span> <span class='ocrx_word' id='word_1_41' title='bbox 599 1009 676 1112; x_wconf 87' lang='lat' dir='ltr'>est,</span> <span class='ocrx_word' id='word_1_42' title='bbox 698 1007 776 1090; x_wconf 88' lang='lat' dir='ltr'>srve</span> <span class='ocrx_word' id='word_1_43' title='bbox 800 999 868 1090; x_wconf 85' lang='lat' dir='ltr'>illa</span> <span class='ocrx_word' id='word_1_44' title='bbox 895 999 1164 1090; x_wconf 84' lang='lat' dir='ltr'>melancholia</span> <span class='ocrx_word' id='word_1_45' title='bbox 1188 999 1352 1118; x_wconf 78' lang='lat' dir='ltr'>simplex</span> <span class='ocrx_word' id='word_1_46' title='bbox 1378 1003 1552 1107; x_wconf 88' lang='lat' dir='ltr'>dicatur,</span> <span class='ocrx_word' id='word_1_47' title='bbox 1573 1001 1651 1086; x_wconf 89' lang='lat' dir='ltr'>srve</span> <span class='ocrx_word' id='word_1_48' title='bbox 1678 997 1768 1086; x_wconf 89' lang='lat' dir='ltr'>bilis</span> <span class='ocrx_word' id='word_1_49' title='bbox 1788 1029 1894 1112; x_wconf 87' lang='lat' dir='ltr'>atra,</span> 
     </span>
     <span class='ocr_line' id='line_1_7' title="bbox 455 1114 1894 1231; baseline -0.003 -24"><span class='ocrx_word' id='word_1_50' title='bbox 455 1123 621 1231; x_wconf 81' lang='lat' dir='ltr'>haecque</span> <span class='ocrx_word' id='word_1_51' title='bbox 639 1115 705 1202; x_wconf 89' lang='lat' dir='ltr'>vel</span> <span class='ocrx_word' id='word_1_52' title='bbox 724 1121 856 1229; x_wconf 81' lang='lat' dir='ltr'>quieta</span> <span class='ocrx_word' id='word_1_53' title='bbox 876 1117 945 1224; x_wconf 84' lang='lat' dir='ltr'>srt,</span> <span class='ocrx_word' id='word_1_54' title='bbox 968 1115 1034 1203; x_wconf 90' lang='lat' dir='ltr'>vel</span> <span class='ocrx_word' id='word_1_55' title='bbox 1053 1142 1190 1226; x_wconf 87' lang='lat' dir='ltr'>mota,</span> <span class='ocrx_word' id='word_1_56' title='bbox 1215 1116 1328 1200; x_wconf 84' lang='lat' dir='ltr'>idest</span> <span class='ocrx_word' id='word_1_57' title='bbox 1345 1116 1387 1198; x_wconf 92' lang='lat' dir='ltr'>in</span> <span class='ocrx_word' id='word_1_58' title='bbox 1409 1114 1586 1198; x_wconf 86' lang='lat' dir='ltr'>furorem</span> <span class='ocrx_word' id='word_1_59' title='bbox 1603 1118 1687 1198; x_wconf 74' lang='lat' dir='ltr'>asia</span> <span class='ocrx_word' id='word_1_60' title='bbox 1706 1118 1894 1202; x_wconf 75' lang='lat' dir='ltr'>circuitis</span> 
     </span>
     <span class='ocr_line' id='line_1_8' title="bbox 456 1225 1895 1346; baseline -0.001 -30"><span class='ocrx_word' id='word_1_61' title='bbox 456 1236 496 1326; x_wconf 82' lang='lat' dir='ltr'>vi</span> <span class='ocrx_word' id='word_1_62' title='bbox 518 1241 561 1316; x_wconf 76' lang='lat' dir='ltr'>bt</span> <span class='ocrx_word' id='word_1_63' title='bbox 585 1235 747 1346; x_wconf 88' lang='lat' dir='ltr'>impetu.</span> <span class='ocrx_word' id='word_1_64' title='bbox 772 1229 868 1314; x_wconf 86' lang='lat' dir='ltr'>Bilis</span> <span class='ocrx_word' id='word_1_65' title='bbox 888 1231 1049 1342; x_wconf 88' lang='lat' dir='ltr'>quidem</span> <span class='ocrx_word' id='word_1_66' title='bbox 1070 1255 1152 1315; x_wconf 84' lang='lat' dir='ltr'>atra</span> <span class='ocrx_word' id='word_1_67' title='bbox 1172 1233 1214 1313; x_wconf 92' lang='lat' dir='ltr'>in</span> <span class='ocrx_word' id='word_1_68' title='bbox 1233 1253 1390 1318; x_wconf 88' lang='lat' dir='ltr'>motum</span> <span class='ocrx_word' id='word_1_69' title='bbox 1411 1229 1494 1310; x_wconf 73' lang='lat' dir='ltr'>asia</span> <span class='ocrx_word' id='word_1_70' title='bbox 1512 1225 1701 1333; x_wconf 87' lang='lat' dir='ltr'>efferum,</span> <span class='ocrx_word' id='word_1_71' title='bbox 1721 1255 1895 1314; x_wconf 89' lang='lat' dir='ltr'>mortem</span> 
     </span>
     <span class='ocr_line' id='line_1_9' title="bbox 455 1338 1894 1452; baseline -0.003 -20"><span class='ocrx_word' id='word_1_72' title='bbox 455 1343 706 1432; x_wconf 84' lang='lat' dir='ltr'>certiffimam</span> <span class='ocrx_word' id='word_1_73' title='bbox 726 1349 768 1428; x_wconf 72' lang='lat' dir='ltr'>dt</span> <span class='ocrx_word' id='word_1_74' title='bbox 788 1343 1065 1430; x_wconf 80' lang='lat' dir='ltr'>atrocillrmam</span> <span class='ocrx_word' id='word_1_75' title='bbox 1090 1373 1175 1428; x_wconf 91' lang='lat' dir='ltr'>non</span> <span class='ocrx_word' id='word_1_76' title='bbox 1194 1345 1274 1426; x_wconf 86' lang='lat' dir='ltr'>stne</span> <span class='ocrx_word' id='word_1_77' title='bbox 1297 1338 1463 1424; x_wconf 85' lang='lat' dir='ltr'>maculis</span> <span class='ocrx_word' id='word_1_78' title='bbox 1484 1341 1739 1452; x_wconf 78' lang='lat' dir='ltr'>gangraenicis</span> <span class='ocrx_word' id='word_1_79' title='bbox 1762 1341 1894 1428; x_wconf 89' lang='lat' dir='ltr'>infert.</span> 
     </span>
     <span class='ocr_line' id='line_1_10' title="bbox 455 1452 1895 1570; baseline -0.001 -31"><span class='ocrx_word' id='word_1_80' title='bbox 455 1453 539 1539; x_wconf 87' lang='lat' dir='ltr'>Sed</span> <span class='ocrx_word' id='word_1_81' title='bbox 556 1453 652 1568; x_wconf 89' lang='lat' dir='ltr'>quid</span> <span class='ocrx_word' id='word_1_82' title='bbox 670 1457 736 1540; x_wconf 88' lang='lat' dir='ltr'>hic</span> <span class='ocrx_word' id='word_1_83' title='bbox 752 1457 802 1540; x_wconf 87' lang='lat' dir='ltr'>de</span> <span class='ocrx_word' id='word_1_84' title='bbox 822 1482 915 1542; x_wconf 91' lang='lat' dir='ltr'>cute</span> <span class='ocrx_word' id='word_1_85' title='bbox 934 1485 1123 1570; x_wconf 85' lang='lat' dir='ltr'>agamus,</span> <span class='ocrx_word' id='word_1_86' title='bbox 1148 1461 1240 1540; x_wconf 81' lang='lat' dir='ltr'>ciam</span> <span class='ocrx_word' id='word_1_87' title='bbox 1259 1459 1300 1538; x_wconf 93' lang='lat' dir='ltr'>in</span> <span class='ocrx_word' id='word_1_88' title='bbox 1317 1479 1447 1538; x_wconf 91' lang='lat' dir='ltr'>totum</span> <span class='ocrx_word' id='word_1_89' title='bbox 1466 1479 1613 1564; x_wconf 85' lang='lat' dir='ltr'>corpus</span> <span class='ocrx_word' id='word_1_90' title='bbox 1634 1478 1726 1565; x_wconf 83' lang='lat' dir='ltr'>agat</span> <span class='ocrx_word' id='word_1_91' title='bbox 1744 1452 1895 1538; x_wconf 82' lang='lat' dir='ltr'>malum</span> 
     </span>
     <span class='ocr_line' id='line_1_11' title="bbox 453 1564 1894 1684; baseline 0.001 -33"><span class='ocrx_word' id='word_1_92' title='bbox 453 1573 612 1684; x_wconf 75' lang='lat' dir='ltr'>prorsus</span> <span class='ocrx_word' id='word_1_93' title='bbox 639 1566 996 1658; x_wconf 81' lang='lat' dir='ltr'>immedicabile&amp;</span> <span class='ocrx_word' id='word_1_94' title='bbox 1022 1598 1243 1682; x_wconf 92' lang='lat' dir='ltr'>paucorum</span> <span class='ocrx_word' id='word_1_95' title='bbox 1274 1567 1426 1650; x_wconf 89' lang='lat' dir='ltr'>dierum</span> <span class='ocrx_word' id='word_1_96' title='bbox 1458 1564 1584 1678; x_wconf 83' lang='lat' dir='ltr'>spatio</span> <span class='ocrx_word' id='word_1_97' title='bbox 1619 1593 1713 1650; x_wconf 90' lang='lat' dir='ltr'>curn</span> <span class='ocrx_word' id='word_1_98' title='bbox 1741 1567 1894 1680; x_wconf 84' lang='lat' dir='ltr'><strong>ingenti</strong></span> 
     </span>
     <span class='ocr_line' id='line_1_12' title="bbox 454 1673 1894 1796; baseline -0.001 -31"><span class='ocrx_word' id='word_1_99' title='bbox 454 1680 627 1766; x_wconf 85' lang='lat' dir='ltr'>tumultu</span> <span class='ocrx_word' id='word_1_100' title='bbox 642 1681 866 1768; x_wconf 87' lang='lat' dir='ltr'>universum</span> <span class='ocrx_word' id='word_1_101' title='bbox 883 1711 1029 1796; x_wconf 81' lang='lat' dir='ltr'>corpus</span> <span class='ocrx_word' id='word_1_102' title='bbox 1042 1681 1250 1766; x_wconf 85' lang='lat' dir='ltr'>destruens.</span> <span class='ocrx_word' id='word_1_103' title='bbox 1272 1682 1329 1763; x_wconf 80' lang='lat' dir='ltr'>At</span> <span class='ocrx_word' id='word_1_104' title='bbox 1347 1676 1520 1761; x_wconf 85' lang='lat' dir='ltr'>maculas</span> <span class='ocrx_word' id='word_1_105' title='bbox 1536 1675 1618 1796; x_wconf 80' lang='lat' dir='ltr'>dari</span> <span class='ocrx_word' id='word_1_106' title='bbox 1636 1673 1894 1791; x_wconf 77' lang='lat' dir='ltr'>simpliciores</span> 
     </span>
     <span class='ocr_line' id='line_1_13' title="bbox 454 1787 1893 1905; baseline 0.001 -30"><span class='ocrx_word' id='word_1_107' title='bbox 454 1791 767 1878; x_wconf 85' lang='lat' dir='ltr'>melancholicas</span> <span class='ocrx_word' id='word_1_108' title='bbox 788 1820 921 1881; x_wconf 89' lang='lat' dir='ltr'>tamen</span> <span class='ocrx_word' id='word_1_109' title='bbox 938 1820 1056 1905; x_wconf 90' lang='lat' dir='ltr'>atque</span> <span class='ocrx_word' id='word_1_110' title='bbox 1078 1794 1128 1878; x_wconf 89' lang='lat' dir='ltr'>de</span> <span class='ocrx_word' id='word_1_111' title='bbox 1156 1794 1346 1878; x_wconf 83' lang='lat' dir='ltr'>oratorias</span> <span class='ocrx_word' id='word_1_112' title='bbox 1363 1787 1441 1897; x_wconf 85' lang='lat' dir='ltr'>jam</span> <span class='ocrx_word' id='word_1_113' title='bbox 1458 1789 1611 1903; x_wconf 83' lang='lat' dir='ltr'>pridem</span> <span class='ocrx_word' id='word_1_114' title='bbox 1630 1790 1733 1904; x_wconf 89' lang='lat' dir='ltr'>apud</span> <span class='ocrx_word' id='word_1_115' title='bbox 1752 1819 1893 1878; x_wconf 88' lang='lat' dir='ltr'>omnes</span> 
     </span>
     <span class='ocr_line' id='line_1_14' title="bbox 455 1900 1895 2016; baseline -0.001 -27"><span class='ocrx_word' id='word_1_116' title='bbox 455 1908 497 1989; x_wconf 92' lang='lat' dir='ltr'>in</span> <span class='ocrx_word' id='word_1_117' title='bbox 520 1905 698 1990; x_wconf 87' lang='lat' dir='ltr'>confelio</span> <span class='ocrx_word' id='word_1_118' title='bbox 722 1909 787 1991; x_wconf 85' lang='lat' dir='ltr'>eil.</span> <span class='ocrx_word' id='word_1_119' title='bbox 813 1907 875 2008; x_wconf 86' lang='lat' dir='ltr'>Ita</span> <span class='ocrx_word' id='word_1_120' title='bbox 895 1903 1056 1992; x_wconf 85' lang='lat' dir='ltr'>Plautus</span> <span class='ocrx_word' id='word_1_121' title='bbox 1074 1910 1117 1992; x_wconf 92' lang='lat' dir='ltr'>in</span> <span class='ocrx_word' id='word_1_122' title='bbox 1182 1905 1431 1990; x_wconf 77' lang='lat' dir='ltr'>oencohmis:</span> <span class='ocrx_word' id='word_1_123' title='bbox 1457 1900 1586 1986; x_wconf 60' lang='lat' dir='ltr'>viden:</span> <span class='ocrx_word' id='word_1_124' title='bbox 1614 1931 1750 2016; x_wconf 85' lang='lat' dir='ltr'>corpus</span> <span class='ocrx_word' id='word_1_125' title='bbox 1772 1929 1895 1988; x_wconf 85' lang='lat' dir='ltr'>totum</span> 
     </span>
    </p>

    <p class='ocr_par' dir='ltr' id='par_1_4' title="bbox 403 2014 1897 2358">
     <span class='ocr_line' id='line_1_15' title="bbox 403 2014 1894 2214; baseline -0.001 -112"><span class='ocrx_word' id='word_1_126' title='bbox 403 2050 410 2060; x_wconf 89' lang='lat'><strong>·</strong></span> <span class='ocrx_word' id='word_1_127' title='bbox 455 2017 616 2102; x_wconf 78' lang='lat' dir='ltr'>oraculis</span> <span class='ocrx_word' id='word_1_128' title='bbox 641 2017 801 2214; x_wconf 76' lang='lat' dir='ltr'>psperori</span> <span class='ocrx_word' id='word_1_129' title='bbox 829 2018 961 2104; x_wconf 83' lang='lat' dir='ltr'>luridis</span> <span class='ocrx_word' id='word_1_130' title='bbox 967 2081 982 2126; x_wconf 91' lang='lat'><em>,</em></span> <span class='ocrx_word' id='word_1_131' title='bbox 1009 2044 1093 2104; x_wconf 82' lang='lat' dir='ltr'>atro</span> <span class='ocrx_word' id='word_1_132' title='bbox 1118 2018 1206 2102; x_wconf 83' lang='lat' dir='ltr'>bilis</span> <span class='ocrx_word' id='word_1_133' title='bbox 1232 2041 1355 2110; x_wconf 75' lang='lat' dir='ltr'>vexor</span> <span class='ocrx_word' id='word_1_134' title='bbox 1374 2016 1560 2098; x_wconf 70' lang='lat' dir='ltr'>roronem</span> <span class='ocrx_word' id='word_1_135' title='bbox 1585 2047 1603 2114; x_wconf 90' lang='lat'><em>;</em></span> <span class='ocrx_word' id='word_1_136' title='bbox 1630 2014 1760 2099; x_wconf 87' lang='lat' dir='ltr'>dehis</span> <span class='ocrx_word' id='word_1_137' title='bbox 1781 2043 1894 2102; x_wconf 85' lang='lat' dir='ltr'>men-</span> 
     </span>
     <span class='ocr_line' id='line_1_16' title="bbox 456 2124 1897 2246; baseline 0.002 -33"><span class='ocrx_word' id='word_1_138' title='bbox 456 2132 610 2214; x_wconf 88' lang='lat' dir='ltr'>tionem</span> <span class='ocrx_word' id='word_1_139' title='bbox 658 2131 778 2214; x_wconf 68' lang='lat' dir='ltr'>·ecete</span> <span class='ocrx_word' id='word_1_140' title='bbox 810 2129 868 2213; x_wconf 90' lang='lat' dir='ltr'>Hi</span> <span class='ocrx_word' id='word_1_141' title='bbox 896 2157 1110 2246; x_wconf 86' lang='lat' dir='ltr'>pocrates‚</span> <span class='ocrx_word' id='word_1_142' title='bbox 1142 2133 1303 2238; x_wconf 71' lang='lat' dir='ltr'>Aetius,</span> <span class='ocrx_word' id='word_1_143' title='bbox 1337 2124 1481 2212; x_wconf 90' lang='lat' dir='ltr'>Paulus</span> <span class='ocrx_word' id='word_1_144' title='bbox 1507 2135 1550 2210; x_wconf 77' lang='lat' dir='ltr'>dt</span> <span class='ocrx_word' id='word_1_145' title='bbox 1574 2128 1817 2242; x_wconf 91' lang='lat' dir='ltr'>quicumque</span> <span class='ocrx_word' id='word_1_146' title='bbox 1845 2129 1897 2216; x_wconf 88' lang='lat' dir='ltr'>de</span> 
     </span>
     <span class='ocr_line' id='line_1_17' title="bbox 454 2162 1144 2358; baseline 0.001 -30"><span class='ocrx_word' id='word_1_147' title='bbox 454 2162 930 2358; x_wconf 61' lang='lat' dir='ltr'>melancholii·scripsire</span> <span class='ocrx_word' id='word_1_148' title='bbox 954 2248 1144 2329; x_wconf 69' lang='lat' dir='ltr'>tutiores.</span> 
     </span>
    </p>

    <p class='ocr_par' dir='ltr' id='par_1_5' title="bbox 452 2351 1895 3365">
     <span class='ocr_line' id='line_1_18' title="bbox 510 2351 1894 2471; baseline 0 -35"><span class='ocrx_word' id='word_1_149' title='bbox 510 2353 597 2440; x_wconf 89' lang='lat' dir='ltr'>Has</span> <span class='ocrx_word' id='word_1_150' title='bbox 617 2354 685 2438; x_wconf 80' lang='lat' dir='ltr'>diu</span> <span class='ocrx_word' id='word_1_151' title='bbox 702 2355 929 2471; x_wconf 83' lang='lat' dir='ltr'>perdurare,</span> <span class='ocrx_word' id='word_1_152' title='bbox 946 2359 1030 2440; x_wconf 75' lang='lat' dir='ltr'>imo</span> <span class='ocrx_word' id='word_1_153' title='bbox 1044 2354 1159 2440; x_wconf 91' lang='lat' dir='ltr'>nullo</span> <span class='ocrx_word' id='word_1_154' title='bbox 1175 2351 1370 2438; x_wconf 77' lang='lat' dir='ltr'>limitans</span> <span class='ocrx_word' id='word_1_155' title='bbox 1390 2357 1472 2436; x_wconf 86' lang='lat' dir='ltr'>atio</span> <span class='ocrx_word' id='word_1_156' title='bbox 1486 2375 1640 2438; x_wconf 86' lang='lat' dir='ltr'>certum</span> <span class='ocrx_word' id='word_1_157' title='bbox 1653 2353 1733 2454; x_wconf 83' lang='lat' dir='ltr'>est3</span> <span class='ocrx_word' id='word_1_158' title='bbox 1749 2354 1894 2470; x_wconf 75' lang='lat' dir='ltr'>quippe</span> 
     </span>
     <span class='ocr_line' id='line_1_19' title="bbox 455 2385 1895 2582; baseline 0.002 -33"><span class='ocrx_word' id='word_1_159' title='bbox 455 2469 526 2578; x_wconf 93' lang='lat' dir='ltr'>qui</span> <span class='ocrx_word' id='word_1_160' title='bbox 549 2495 613 2552; x_wconf 88' lang='lat' dir='ltr'>eas</span> <span class='ocrx_word' id='word_1_161' title='bbox 640 2497 709 2581; x_wconf 88' lang='lat' dir='ltr'>per</span> <span class='ocrx_word' id='word_1_162' title='bbox 732 2473 929 2582; x_wconf 84' lang='lat' dir='ltr'>integrum</span> <span class='ocrx_word' id='word_1_163' title='bbox 953 2471 1165 2554; x_wconf 86' lang='lat' dir='ltr'>triennium</span> <span class='ocrx_word' id='word_1_164' title='bbox 1190 2385 1411 2580; x_wconf 80' lang='lat' dir='ltr'>perduralie</span> <span class='ocrx_word' id='word_1_165' title='bbox 1433 2465 1613 2552; x_wconf 87' lang='lat' dir='ltr'>viderim.</span> <span class='ocrx_word' id='word_1_166' title='bbox 1642 2465 1895 2580; x_wconf 83' lang='lat' dir='ltr'>Exceperont</span> 
     </span>
     <span class='ocr_line' id='line_1_20' title="bbox 453 2577 1895 2689; baseline 0.001 -28"><span class='ocrx_word' id='word_1_167' title='bbox 453 2582 662 2663; x_wconf 90' lang='lat' dir='ltr'>hominem</span> <span class='ocrx_word' id='word_1_168' title='bbox 685 2578 706 2662; x_wconf 74' lang='lat' dir='ltr'>i</span> <span class='ocrx_word' id='word_1_169' title='bbox 729 2580 872 2668; x_wconf 86' lang='lat' dir='ltr'>delirio</span> <span class='ocrx_word' id='word_1_170' title='bbox 896 2579 1195 2666; x_wconf 88' lang='lat' dir='ltr'>melancholico</span> <span class='ocrx_word' id='word_1_171' title='bbox 1219 2578 1363 2664; x_wconf 85' lang='lat' dir='ltr'>furenti</span> <span class='ocrx_word' id='word_1_172' title='bbox 1385 2604 1504 2689; x_wconf 90' lang='lat' dir='ltr'>atque</span> <span class='ocrx_word' id='word_1_173' title='bbox 1523 2577 1829 2684; x_wconf 82' lang='lat' dir='ltr'>violentiffimo,</span> <span class='ocrx_word' id='word_1_174' title='bbox 1851 2582 1895 2663; x_wconf 91' lang='lat' dir='ltr'>in</span> 
     </span>
     <span class='ocr_line' id='line_1_21' title="bbox 453 2688 1890 2810; baseline 0 -38"><span class='ocrx_word' id='word_1_175' title='bbox 453 2688 770 2778; x_wconf 83' lang='lat' dir='ltr'>imbecillitatem</span> <span class='ocrx_word' id='word_1_176' title='bbox 794 2691 1007 2810; x_wconf 86' lang='lat' dir='ltr'>delapsum.</span> <span class='ocrx_word' id='word_1_177' title='bbox 1037 2696 1128 2778; x_wconf 78' lang='lat' dir='ltr'>Imb</span> <span class='ocrx_word' id='word_1_178' title='bbox 1150 2696 1279 2778; x_wconf 89' lang='lat' dir='ltr'>virum</span> <span class='ocrx_word' id='word_1_179' title='bbox 1302 2695 1399 2776; x_wconf 90' lang='lat' dir='ltr'>novi</span> <span class='ocrx_word' id='word_1_180' title='bbox 1422 2689 1544 2794; x_wconf 67' lang='lat' dir='ltr'>hodie</span> <span class='ocrx_word' id='word_1_181' title='bbox 1574 2689 1702 2776; x_wconf 75' lang='lat' dir='ltr'>adhuc</span> <span class='ocrx_word' id='word_1_182' title='bbox 1726 2693 1863 2774; x_wconf 87' lang='lat' dir='ltr'>vivum</span> <span class='ocrx_word' id='word_1_183' title='bbox 1875 2753 1890 2797; x_wconf 91' lang='lat'>‚</span> 
     </span>
     <span class='ocr_line' id='line_1_22' title="bbox 452 2799 1890 2920; baseline 0.001 -34"><span class='ocrx_word' id='word_1_184' title='bbox 452 2803 523 2888; x_wconf 88' lang='lat' dir='ltr'>sed</span> <span class='ocrx_word' id='word_1_185' title='bbox 558 2805 773 2890; x_wconf 90' lang='lat' dir='ltr'>causarium</span> <span class='ocrx_word' id='word_1_186' title='bbox 812 2810 878 2918; x_wconf 91' lang='lat' dir='ltr'>qui</span> <span class='ocrx_word' id='word_1_187' title='bbox 915 2806 936 2892; x_wconf 69' lang='lat' dir='ltr'>*a</span> <span class='ocrx_word' id='word_1_188' title='bbox 973 2810 1172 2892; x_wconf 88' lang='lat' dir='ltr'>mercurio</span> <span class='ocrx_word' id='word_1_189' title='bbox 1204 2807 1308 2892; x_wconf 79' lang='lat' dir='ltr'>intits</span> <span class='ocrx_word' id='word_1_190' title='bbox 1344 2832 1414 2920; x_wconf 86' lang='lat' dir='ltr'>per</span> <span class='ocrx_word' id='word_1_191' title='bbox 1446 2806 1611 2888; x_wconf 91' lang='lat' dir='ltr'>nimium</span> <span class='ocrx_word' id='word_1_192' title='bbox 1640 2799 1769 2888; x_wconf 89' lang='lat' dir='ltr'>morbi</span> <span class='ocrx_word' id='word_1_193' title='bbox 1804 2831 1890 2888; x_wconf 92' lang='lat' dir='ltr'>non</span> 
     </span>
     <span class='ocr_line' id='line_1_23' title="bbox 455 2913 1892 3033; baseline 0.001 -33"><span class='ocrx_word' id='word_1_194' title='bbox 455 2919 650 3000; x_wconf 86' lang='lat' dir='ltr'>exilientis</span> <span class='ocrx_word' id='word_1_195' title='bbox 670 2922 858 3003; x_wconf 90' lang='lat' dir='ltr'>timorem</span> <span class='ocrx_word' id='word_1_196' title='bbox 876 2919 1083 3033; x_wconf 87' lang='lat' dir='ltr'>suscepto,</span> <span class='ocrx_word' id='word_1_197' title='bbox 1111 2914 1250 3032; x_wconf 70' lang='lat' dir='ltr'>ignoti</span> <span class='ocrx_word' id='word_1_198' title='bbox 1273 2945 1348 3030; x_wconf 79' lang='lat' dir='ltr'>pra</span> <span class='ocrx_word' id='word_1_199' title='bbox 1377 2920 1553 3002; x_wconf 85' lang='lat' dir='ltr'>aratione</span> <span class='ocrx_word' id='word_1_200' title='bbox 1574 2943 1690 3026; x_wconf 89' lang='lat' dir='ltr'>atque</span> <span class='ocrx_word' id='word_1_201' title='bbox 1709 2913 1892 3029; x_wconf 88' lang='lat' dir='ltr'>pondere</span> 
     </span>
     <span class='ocr_line' id='line_1_24' title="bbox 453 2947 1894 3143; baseline 0.003 -35"><span class='ocrx_word' id='word_1_202' title='bbox 453 3029 542 3141; x_wconf 88' lang='lat' dir='ltr'>post</span> <span class='ocrx_word' id='word_1_203' title='bbox 566 3031 761 3116; x_wconf 85' lang='lat' dir='ltr'>cruciatus</span> <span class='ocrx_word' id='word_1_204' title='bbox 789 3059 971 3116; x_wconf 89' lang='lat' dir='ltr'>enormes</span> <span class='ocrx_word' id='word_1_205' title='bbox 995 3035 1036 3113; x_wconf 93' lang='lat' dir='ltr'>in</span> <span class='ocrx_word' id='word_1_206' title='bbox 1061 3028 1222 3114; x_wconf 89' lang='lat' dir='ltr'>artubus</span> <span class='ocrx_word' id='word_1_207' title='bbox 1245 3033 1312 3140; x_wconf 89' lang='lat' dir='ltr'>qui</span> <span class='ocrx_word' id='word_1_208' title='bbox 1336 2947 1466 3114; x_wconf 73' lang='lat' dir='ltr'>libito</span> <span class='ocrx_word' id='word_1_209' title='bbox 1492 3031 1698 3113; x_wconf 88' lang='lat' dir='ltr'>hominem</span> <span class='ocrx_word' id='word_1_210' title='bbox 1720 3027 1894 3143; x_wconf 77' lang='lat' dir='ltr'>prehen-</span> 
     </span>
     <span class='ocr_line' id='line_1_25' title="bbox 454 3137 1890 3254; baseline 0.001 -32"><span class='ocrx_word' id='word_1_211' title='bbox 454 3137 614 3246; x_wconf 69' lang='lat' dir='ltr'>derunt,</span> <span class='ocrx_word' id='word_1_212' title='bbox 641 3144 697 3223; x_wconf 89' lang='lat' dir='ltr'>ita</span> <span class='ocrx_word' id='word_1_213' title='bbox 721 3145 829 3226; x_wconf 93' lang='lat' dir='ltr'>utin</span> <span class='ocrx_word' id='word_1_214' title='bbox 854 3141 1017 3250; x_wconf 84' lang='lat' dir='ltr'>ejulatus</span> <span class='ocrx_word' id='word_1_215' title='bbox 1043 3141 1159 3228; x_wconf 86' lang='lat' dir='ltr'>mlser</span> <span class='ocrx_word' id='word_1_216' title='bbox 1184 3167 1341 3249; x_wconf 88' lang='lat' dir='ltr'>rueret,</span> <span class='ocrx_word' id='word_1_217' title='bbox 1369 3144 1476 3252; x_wconf 82' lang='lat' dir='ltr'>quast</span> <span class='ocrx_word' id='word_1_218' title='bbox 1499 3138 1730 3254; x_wconf 80' lang='lat' dir='ltr'>explostone</span> <span class='ocrx_word' id='word_1_219' title='bbox 1760 3139 1890 3247; x_wconf 74' lang='lat' dir='ltr'>faeti,</span> 
     </span>
     <span class='ocr_line' id='line_1_26' title="bbox 454 3251 1891 3365; baseline 0.003 -31"><span class='ocrx_word' id='word_1_220' title='bbox 454 3253 579 3336; x_wconf 91' lang='lat' dir='ltr'>cutim</span> <span class='ocrx_word' id='word_1_221' title='bbox 593 3251 817 3340; x_wconf 85' lang='lat' dir='ltr'>densrffimis</span> <span class='ocrx_word' id='word_1_222' title='bbox 831 3254 995 3340; x_wconf 90' lang='lat' dir='ltr'>maculis</span> <span class='ocrx_word' id='word_1_223' title='bbox 1005 3255 1141 3340; x_wconf 90' lang='lat' dir='ltr'>habuit</span> <span class='ocrx_word' id='word_1_224' title='bbox 1152 3254 1355 3362; x_wconf 86' lang='lat' dir='ltr'>foedatam,</span> <span class='ocrx_word' id='word_1_225' title='bbox 1369 3251 1584 3365; x_wconf 75' lang='lat' dir='ltr'>quaehodie</span> <span class='ocrx_word' id='word_1_226' title='bbox 1594 3256 1714 3340; x_wconf 85' lang='lat' dir='ltr'>etiam</span> <span class='ocrx_word' id='word_1_227' title='bbox 1725 3256 1891 3360; x_wconf 70' lang='lat' dir='ltr'>exitam,</span> 
     </span>
    </p>

    <p class='ocr_par' dir='ltr' id='par_1_6' title="bbox 405 3361 1896 3614">
     <span class='ocr_line' id='line_1_27' title="bbox 405 3361 1893 3480; baseline 0.001 -32"><span class='ocrx_word' id='word_1_228' title='bbox 405 3387 429 3432; x_wconf 76' lang='lat'>0</span> <span class='ocrx_word' id='word_1_229' title='bbox 455 3361 553 3448; x_wconf 72' lang='lat' dir='ltr'>licet</span> <span class='ocrx_word' id='word_1_230' title='bbox 581 3361 711 3480; x_wconf 67' lang='lat' dir='ltr'>posted</span> <span class='ocrx_word' id='word_1_231' title='bbox 743 3375 784 3450; x_wconf 70' lang='grc' dir='ltr'>ἃ</span> <span class='ocrx_word' id='word_1_232' title='bbox 814 3362 954 3456; x_wconf 80' lang='lat' dir='ltr'>balnea</span> <span class='ocrx_word' id='word_1_233' title='bbox 983 3376 1026 3453; x_wconf 65' lang='grc' dir='ltr'>ὅ(</span> <span class='ocrx_word' id='word_1_234' title='bbox 1054 3367 1167 3472; x_wconf 82' lang='lat' dir='ltr'>usum</span> <span class='ocrx_word' id='word_1_235' title='bbox 1195 3372 1392 3452; x_wconf 88' lang='lat' dir='ltr'>internum</span> <span class='ocrx_word' id='word_1_236' title='bbox 1421 3396 1609 3478; x_wconf 88' lang='lat' dir='ltr'>aquarum</span> <span class='ocrx_word' id='word_1_237' title='bbox 1639 3364 1893 3450; x_wconf 85' lang='lat' dir='ltr'>thermalium</span> 
     </span>
     <span class='ocr_line' id='line_1_28' title="bbox 455 3475 1896 3614; baseline 0.001 -54"><span class='ocrx_word' id='word_1_238' title='bbox 455 3503 507 3560; x_wconf 80' lang='lat' dir='ltr'>ex</span> <span class='ocrx_word' id='word_1_239' title='bbox 535 3502 639 3562; x_wconf 85' lang='lat' dir='ltr'>etrus</span> <span class='ocrx_word' id='word_1_240' title='bbox 667 3475 811 3587; x_wconf 86' lang='lat' dir='ltr'>fuerit,</span> <span class='ocrx_word' id='word_1_241' title='bbox 846 3489 887 3566; x_wconf 78' lang='lat' dir='ltr'>bt</span> <span class='ocrx_word' id='word_1_242' title='bbox 915 3479 1098 3614; x_wconf 82' lang='lat' dir='ltr'>abreptus</span> <span class='ocrx_word' id='word_1_243' title='bbox 1124 3482 1414 3594; x_wconf 80' lang='lat' dir='ltr'>imaginationis</span> <span class='ocrx_word' id='word_1_244' title='bbox 1446 3481 1668 3594; x_wconf 73' lang='lat' dir='ltr'>egrotantis</span> <span class='ocrx_word' id='word_1_245' title='bbox 1695 3475 1896 3592; x_wconf 72' lang='lat' dir='ltr'>phantastl</span> 
     </span>
    </p>

    <p class='ocr_par' dir='ltr' id='par_1_7' title="bbox 228 3587 1896 4378">
     <span class='ocr_line' id='line_1_29' title="bbox 358 3587 1896 3706; baseline 0.003 -37"><span class='ocrx_word' id='word_1_246' title='bbox 358 3681 363 3690; x_wconf 28' lang='lat'><strong>¹</strong></span> <span class='ocrx_word' id='word_1_247' title='bbox 454 3617 483 3669; x_wconf 92' lang='lat' dir='ltr'>n</span> <span class='ocrx_word' id='word_1_248' title='bbox 596 3618 690 3672; x_wconf 93' lang='lat' dir='ltr'>non·</span> <span class='ocrx_word' id='word_1_249' title='bbox 711 3618 895 3706; x_wconf 85' lang='lat' dir='ltr'>expertus</span> <span class='ocrx_word' id='word_1_250' title='bbox 925 3595 1044 3680; x_wconf 84' lang='lat' dir='ltr'>suern</span> <span class='ocrx_word' id='word_1_251' title='bbox 1075 3591 1259 3680; x_wconf 87' lang='lat' dir='ltr'>remedia.</span> <span class='ocrx_word' id='word_1_252' title='bbox 1306 3592 1354 3674; x_wconf 89' lang='lat' dir='ltr'>In</span> <span class='ocrx_word' id='word_1_253' title='bbox 1389 3591 1498 3677; x_wconf 87' lang='lat' dir='ltr'>hisce</span> <span class='ocrx_word' id='word_1_254' title='bbox 1529 3587 1714 3674; x_wconf 81' lang='lat' dir='ltr'>omnibus</span> <span class='ocrx_word' id='word_1_255' title='bbox 1743 3587 1896 3676; x_wconf 76' lang='lat' dir='ltr'>casibus</span> 
     </span>
     <span class='ocr_line' id='line_1_30' title="bbox 228 3696 1893 3822; baseline 0.002 -40"><span class='ocrx_word' id='word_1_256' title='bbox 228 3729 244 3767; x_wconf 70' lang='lat' dir='ltr'>r</span> <span class='ocrx_word' id='word_1_257' title='bbox 453 3696 545 3784; x_wconf 88' lang='lat' dir='ltr'>bilis</span> <span class='ocrx_word' id='word_1_258' title='bbox 570 3701 724 3791; x_wconf 85' lang='lat' dir='ltr'>videtur</span> <span class='ocrx_word' id='word_1_259' title='bbox 751 3707 792 3788; x_wconf 89' lang='lat' dir='ltr'>in</span> <span class='ocrx_word' id='word_1_260' title='bbox 819 3703 886 3790; x_wconf 74' lang='lat' dir='ltr'>sue</span> <span class='ocrx_word' id='word_1_261' title='bbox 908 3707 991 3822; x_wconf 74' lang='lat' dir='ltr'>ipsi</span> <span class='ocrx_word' id='word_1_262' title='bbox 1017 3711 1172 3822; x_wconf 86' lang='lat' dir='ltr'>origine</span> <span class='ocrx_word' id='word_1_263' title='bbox 1194 3704 1461 3820; x_wconf 84' lang='lat' dir='ltr'>pessumdata,</span> <span class='ocrx_word' id='word_1_264' title='bbox 1489 3703 1582 3790; x_wconf 70' lang='lat' dir='ltr'>inde</span> <span class='ocrx_word' id='word_1_265' title='bbox 1609 3704 1708 3788; x_wconf 82' lang='lat' dir='ltr'>verb</span> <span class='ocrx_word' id='word_1_266' title='bbox 1732 3706 1775 3788; x_wconf 92' lang='lat' dir='ltr'>in</span> <span class='ocrx_word' id='word_1_267' title='bbox 1802 3701 1893 3786; x_wconf 88' lang='lat' dir='ltr'>san-</span> 
     </span>
     <span class='ocr_line' id='line_1_31' title="bbox 454 3811 1893 3934; baseline 0.004 -38"><span class='ocrx_word' id='word_1_268' title='bbox 454 3814 616 3924; x_wconf 85' lang='lat' dir='ltr'>guinem</span> <span class='ocrx_word' id='word_1_269' title='bbox 668 3841 710 3900; x_wconf 87' lang='lat' dir='ltr'>et</span> <span class='ocrx_word' id='word_1_270' title='bbox 732 3811 924 3931; x_wconf 83' lang='lat' dir='ltr'>spasmum</span> <span class='ocrx_word' id='word_1_271' title='bbox 945 3821 1096 3934; x_wconf 84' lang='lat' dir='ltr'>hepatis</span> <span class='ocrx_word' id='word_1_272' title='bbox 1115 3821 1259 3925; x_wconf 86' lang='lat' dir='ltr'>reflua,</span> <span class='ocrx_word' id='word_1_273' title='bbox 1285 3821 1325 3901; x_wconf 92' lang='lat' dir='ltr'>vi</span> <span class='ocrx_word' id='word_1_274' title='bbox 1346 3844 1488 3902; x_wconf 72' lang='lat' dir='ltr'>naturae</span> <span class='ocrx_word' id='word_1_275' title='bbox 1504 3815 1553 3900; x_wconf 88' lang='lat' dir='ltr'>ad</span> <span class='ocrx_word' id='word_1_276' title='bbox 1569 3841 1744 3902; x_wconf 80' lang='lat' dir='ltr'>extrema</span> <span class='ocrx_word' id='word_1_277' title='bbox 1767 3813 1893 3926; x_wconf 81' lang='lat' dir='ltr'>usque</span> 
     </span>
     <span class='ocr_line' id='line_1_32' title="bbox 456 3923 1889 4039; baseline 0.001 -29"><span class='ocrx_word' id='word_1_278' title='bbox 456 3927 558 4012; x_wconf 81' lang='lat' dir='ltr'>eutis</span> <span class='ocrx_word' id='word_1_279' title='bbox 582 3957 609 4014; x_wconf 88' lang='lat' dir='ltr'>v</span> <span class='ocrx_word' id='word_1_280' title='bbox 675 3923 741 4012; x_wconf 83' lang='lat' dir='ltr'>ula</span> <span class='ocrx_word' id='word_1_281' title='bbox 758 3927 886 4020; x_wconf 78' lang='lat' dir='ltr'>delata</span> <span class='ocrx_word' id='word_1_282' title='bbox 905 3931 1013 4034; x_wconf 80' lang='lat' dir='ltr'>suit3</span> <span class='ocrx_word' id='word_1_283' title='bbox 1042 3934 1126 4018; x_wconf 76' lang='lat' dir='ltr'>imi&gt;</span> <span class='ocrx_word' id='word_1_284' title='bbox 1149 3941 1191 4018; x_wconf 83' lang='lat' dir='ltr'>dt</span> <span class='ocrx_word' id='word_1_285' title='bbox 1210 3933 1253 4016; x_wconf 89' lang='lat' dir='ltr'>in</span> <span class='ocrx_word' id='word_1_286' title='bbox 1277 3929 1427 4016; x_wconf 76' lang='lat' dir='ltr'>casibus</span> <span class='ocrx_word' id='word_1_287' title='bbox 1452 3933 1494 4012; x_wconf 92' lang='lat' dir='ltr'>in</span> <span class='ocrx_word' id='word_1_288' title='bbox 1522 3927 1663 4039; x_wconf 79' lang='lat' dir='ltr'>quibus</span> <span class='ocrx_word' id='word_1_289' title='bbox 1686 3953 1889 4012; x_wconf 85' lang='lat' dir='ltr'>remanent</span> 
     </span>
     <span class='ocr_line' id='line_1_33' title="bbox 457 4033 1893 4154; baseline 0.001 -34"><span class='ocrx_word' id='word_1_290' title='bbox 457 4033 630 4124; x_wconf 68' lang='lat' dir='ltr'>immoto</span> <span class='ocrx_word' id='word_1_291' title='bbox 655 4035 817 4154; x_wconf 74' lang='lat' dir='ltr'>maculo</span> <span class='ocrx_word' id='word_1_292' title='bbox 833 4041 997 4130; x_wconf 83' lang='lat' dir='ltr'>solidata</span> <span class='ocrx_word' id='word_1_293' title='bbox 1019 4041 1108 4128; x_wconf 82' lang='lat' dir='ltr'>bilis</span> <span class='ocrx_word' id='word_1_294' title='bbox 1126 4045 1234 4128; x_wconf 89' lang='lat' dir='ltr'>suam</span> <span class='ocrx_word' id='word_1_295' title='bbox 1255 4044 1379 4128; x_wconf 76' lang='lat' dir='ltr'>amisit</span> <span class='ocrx_word' id='word_1_296' title='bbox 1394 4042 1652 4150; x_wconf 82' lang='lat' dir='ltr'>fluiditatem,</span> <span class='ocrx_word' id='word_1_297' title='bbox 1675 4043 1718 4126; x_wconf 91' lang='lat' dir='ltr'>in</span> <span class='ocrx_word' id='word_1_298' title='bbox 1736 4038 1760 4124; x_wconf 92' lang='lat' dir='ltr'>s</span> <span class='ocrx_word' id='word_1_299' title='bbox 1778 4039 1893 4124; x_wconf 86' lang='lat' dir='ltr'>ilium</span> 
     </span>
     <span class='ocr_line' id='line_1_34' title="bbox 456 4071 1895 4270; baseline 0.007 -42"><span class='ocrx_word' id='word_1_300' title='bbox 456 4145 616 4239; x_wconf 70' lang='lat' dir='ltr'>redona</span> <span class='ocrx_word' id='word_1_301' title='bbox 651 4183 831 4270; x_wconf 84' lang='lat' dir='ltr'>corpus,</span> <span class='ocrx_word' id='word_1_302' title='bbox 874 4156 959 4242; x_wconf 86' lang='lat' dir='ltr'>foex</span> <span class='ocrx_word' id='word_1_303' title='bbox 998 4163 1020 4240; x_wconf 80' lang='lat' dir='ltr'>tl</span> <span class='ocrx_word' id='word_1_304' title='bbox 1107 4151 1228 4240; x_wconf 86' lang='lat' dir='ltr'>rtibus</span> <span class='ocrx_word' id='word_1_305' title='bbox 1263 4153 1388 4242; x_wconf 82' lang='lat' dir='ltr'>rubris</span> <span class='ocrx_word' id='word_1_306' title='bbox 1420 4154 1639 4269; x_wconf 76' lang='lat' dir='ltr'>sanguineis</span> <span class='ocrx_word' id='word_1_307' title='bbox 1670 4071 1818 4238; x_wconf 70' lang='lat' dir='ltr'>residua</span> <span class='ocrx_word' id='word_1_308' title='bbox 1848 4159 1895 4238; x_wconf 80' lang='lat' dir='ltr'>dt</span> 
     </span>
     <span class='ocr_line' id='line_1_35' title="bbox 457 4259 1892 4378; baseline 0.005 -38"><span class='ocrx_word' id='word_1_309' title='bbox 457 4259 628 4348; x_wconf 85' lang='lat' dir='ltr'>crailior.</span> <span class='ocrx_word' id='word_1_310' title='bbox 656 4261 807 4350; x_wconf 79' lang='lat' dir='ltr'>Verum</span> <span class='ocrx_word' id='word_1_311' title='bbox 831 4274 933 4356; x_wconf 88' lang='lat' dir='ltr'>utin</span> <span class='ocrx_word' id='word_1_312' title='bbox 950 4271 1063 4356; x_wconf 90' lang='lat' dir='ltr'>omni</span> <span class='ocrx_word' id='word_1_313' title='bbox 1091 4299 1136 4354; x_wconf 84' lang='lat' dir='ltr'>us</span> <span class='ocrx_word' id='word_1_314' title='bbox 1161 4267 1268 4352; x_wconf 89' lang='lat' dir='ltr'>hisce</span> <span class='ocrx_word' id='word_1_315' title='bbox 1296 4265 1445 4352; x_wconf 81' lang='lat' dir='ltr'>morbis</span> <span class='ocrx_word' id='word_1_316' title='bbox 1460 4265 1892 4378; x_wconf 80' lang='lat' dir='ltr'>sacilicestdiagnosrs,</span> 
     </span>
    </p>

    <p class='ocr_par' dir='ltr' id='par_1_8' title="bbox 455 4371 1897 4610">
     <span class='ocr_line' id='line_1_36' title="bbox 456 4371 1897 4570; baseline 0.003 -115"><span class='ocrx_word' id='word_1_317' title='bbox 456 4371 510 4455; x_wconf 70' lang='lat' dir='ltr'>iti</span> <span class='ocrx_word' id='word_1_318' title='bbox 524 4377 729 4570; x_wconf 69' lang='lat' dir='ltr'>prognosin</span> <span class='ocrx_word' id='word_1_319' title='bbox 742 4379 871 4466; x_wconf 90' lang='lat' dir='ltr'>morbi</span> <span class='ocrx_word' id='word_1_320' title='bbox 887 4381 1007 4470; x_wconf 82' lang='lat' dir='ltr'>causae</span> <span class='ocrx_word' id='word_1_321' title='bbox 1023 4381 1251 4497; x_wconf 76' lang='lat' dir='ltr'>prognosim</span> <span class='ocrx_word' id='word_1_322' title='bbox 1266 4380 1438 4493; x_wconf 85' lang='lat' dir='ltr'>sequitur</span> <span class='ocrx_word' id='word_1_323' title='bbox 1450 4381 1627 4492; x_wconf 81' lang='lat' dir='ltr'>adquam</span> <span class='ocrx_word' id='word_1_324' title='bbox 1641 4379 1793 4498; x_wconf 85' lang='lat' dir='ltr'>semper</span> <span class='ocrx_word' id='word_1_325' title='bbox 1809 4405 1897 4460; x_wconf 88' lang='lat' dir='ltr'>orn·</span> 
     </span>
     <span class='ocr_line' id='line_1_37' title="bbox 455 4484 1895 4610; baseline 0.005 -43"><span class='ocrx_word' id='word_1_326' title='bbox 455 4484 593 4568; x_wconf 85' lang='lat' dir='ltr'>nisme</span> <span class='ocrx_word' id='word_1_327' title='bbox 622 4489 741 4577; x_wconf 80' lang='lat' dir='ltr'>icatio</span> <span class='ocrx_word' id='word_1_328' title='bbox 753 4487 872 4576; x_wconf 88' lang='lat' dir='ltr'>debet</span> <span class='ocrx_word' id='word_1_329' title='bbox 887 4491 1145 4609; x_wconf 77' lang='lat' dir='ltr'>dirigi‚circi</span> <span class='ocrx_word' id='word_1_330' title='bbox 1157 4523 1276 4607; x_wconf 91' lang='lat' dir='ltr'>quam</span> <span class='ocrx_word' id='word_1_331' title='bbox 1288 4492 1490 4610; x_wconf 85' lang='lat' dir='ltr'>longiores</span> <span class='ocrx_word' id='word_1_332' title='bbox 1502 4521 1584 4578; x_wconf 88' lang='lat' dir='ltr'>non</span> <span class='ocrx_word' id='word_1_333' title='bbox 1597 4495 1757 4580; x_wconf 84' lang='lat' dir='ltr'>erimus.</span> <span class='ocrx_word' id='word_1_334' title='bbox 1782 4491 1895 4574; x_wconf 87' lang='lat' dir='ltr'>Nam</span> 
     </span>
    </p>
   </div>
   <div class='ocr_carea' id='block_1_3' title="bbox 454 4593 1895 4804">
    <p class='ocr_par' dir='ltr' id='par_1_9' title="bbox 454 4593 1895 4804">
     <span class='ocr_line' id='line_1_38' title="bbox 454 4593 1895 4794; baseline 0.005 -109"><span class='ocrx_word' id='word_1_335' title='bbox 454 4593 594 4794; x_wconf 46' lang='grc' dir='ltr'>ἔξω</span> <span class='ocrx_word' id='word_1_336' title='bbox 620 4599 697 4686; x_wconf 83' lang='lat' dir='ltr'>elie</span> <span class='ocrx_word' id='word_1_337' title='bbox 713 4601 857 4734; x_wconf 80' lang='lat' dir='ltr'>debet,</span> <span class='ocrx_word' id='word_1_338' title='bbox 882 4606 1083 4696; x_wconf 83' lang='lat' dir='ltr'>ficausam</span> <span class='ocrx_word' id='word_1_339' title='bbox 1102 4605 1312 4718; x_wconf 80' lang='lat' dir='ltr'>sejunxeris</span> <span class='ocrx_word' id='word_1_340' title='bbox 1323 4667 1338 4720; x_wconf 89' lang='lat'><em>,</em></span> <span class='ocrx_word' id='word_1_341' title='bbox 1363 4604 1606 4696; x_wconf 83' lang='lat' dir='ltr'>macularum</span> <span class='ocrx_word' id='word_1_342' title='bbox 1629 4631 1747 4718; x_wconf 82' lang='lat' dir='ltr'>atque</span> <span class='ocrx_word' id='word_1_343' title='bbox 1766 4631 1895 4722; x_wconf 55' lang='lat' dir='ltr'>papus</span> 
     </span>
     <span class='ocr_line' id='line_1_39' title="bbox 540 4738 765 4804; baseline 0.036 -8"><span class='ocrx_word' id='word_1_344' title='bbox 540 4738 580 4796; x_wconf 81' lang='lat' dir='ltr'>tn</span> <span class='ocrx_word' id='word_1_345' title='bbox 602 4739 765 4804; x_wconf 84' lang='lat' dir='ltr'>turano.</span> 
     </span>
    </p>
   </div>
   <div class='ocr_carea' id='block_1_4' title="bbox 0 0 2082 5892">
    <p class='ocr_par' dir='ltr' id='par_1_10' title="bbox 0 0 2082 5892">
     <span class='ocr_line' id='line_1_40' title="bbox 0 0 2082 5892; baseline 0 0"><span class='ocrx_word' id='word_1_346' title='bbox 0 0 2082 5892; x_wconf 95' lang='lat' dir='ltr'> </span> 
     </span>
    </p>
   </div>
  </div>
 </body>
</html>
