4188 5916
497 389 579 487 382
947 369 1469 470 DEMORBIS

501 542 632 656 potiirs
648 561 782 646 enata,
808 536 925 650 quim
945 539 994 622 de
1010 533 1119 647 olita
1139 541 1405 628 rancescentia
1422 541 1587 668 quavis,
1608 539 1686 656 qui
1700 547 1746 632 fit
1765 573 1813 634 ut
1838 555 1929 638 chnr

500 653 570 738 illa
592 651 782 738 resorberi
803 681 886 735 non
908 681 962 764 po
995 677 1051 759 rt,
1074 653 1345 740 accumuletur
1363 660 1404 739 in
1422 655 1577 741 cellulis
1600 658 1772 767 fracida,
1795 661 1928 772 olida,

495 765 663 858 'friabilis
681 775 723 852 ἃ
742 765 924 868 acescens
938 765 1038 848 fabia
1045 829 1059 872 ‚
1080 770 1133 850 ira
1149 783 1193 850 ut
1208 766 1372 880 legerim
1388 773 1505 854 etiam
1521 775 1572 874 (a)
1588 769 1636 854 ab
1651 770 1928 887 elephantiaco

428 937 431 942 ·
500 884 747 972 distillantem
768 880 952 964 'ichorem
980 908 1073 963 cum
1096 883 1231 963 terreis
1260 878 1557 966 absorbentibus
1581 883 1927 972 fermentationem
1979 927 1983 936 ¹

499 999 637 1084 iniisse.
654 999 708 1079 ¹In
729 1025 809 1108 quo
832 990 939 1077 certe
960 1022 1052 1075 curn
1077 999 1286 1076 cancro&
1306 993 1386 1076 atri
1405 991 1485 1078 bile
1500 999 1690 1079 convenit
1707 997 1926 1104 cujusana-

499 1110 627 1225 logias
643 1110 797 1195 secutus
817 1105 870 1193 est
880 1169 894 1214 ‚
911 1133 956 1191 ut
968 1105 1163 1212 diximus,
1180 1107 1416 1190 Avicennas.
1440 1106 1556 1191 Unde
1572 1136 1655 1190 non
1678 1115 1848 1221 omnino
1862 1112 1926 1196 ab·

499 1224 612 1309 surda
638 1227 847 1332 humorem
864 1225 976 1304 ¹hunc
1000 1248 1094 1304 cum
1115 1217 1196 1302 atri
1220 1216 1301 1302 bile
1319 1247 1471 1304 veteres
1489 1220 1767 1328 confuderint,
1792 1229 1926 1309 omnia

498 1367 641 1449 magna
660 1343 702 1419 ὃ(
721 1337 879 1451 pessima
896 1334 947 1417 ad
963 1338 1079 1418 hunc'
1090 1334 1305 1425 humorem¹
1321 1334 1531 1416 referentes
1541 1396 1556 1441 ,
1572 1330 1648 1416 hbe
1663 1361 1795 1419 tamen
1815 1337 1925 1421 diffe-

497 1447 647 1555 rential,'
661 1450 770 1560 quod
783 1454 825 1534 in
839 1447 1087 1561 elephantiasi
1101 1443 1200 1530 nihil
1216 1444 1396 1529 scirrhosr
1411 1445 1590 1553 deliteat,
1607 1443 1794 1558 nullaque
1813 1479 1923 1564 orga-

496 1592 642 1648 nomm
658 1565 840 1648 strubiura
860 1559 988 1645 deleta
1006 1563 1061 1644 stt.

554 1673 694 1759 Morbi
706 1674 769 1760 ele
796 1677 965 1760 hanriaci
978 1673 1169 1787 diagnosrs
1183 1672 1319 1788 inipso
1336 1673 1489 1787 aspeilu
1503 1677 1557 1756 ita
1571 1672 1651 1758 sese
1666 1672 1921 1787 conspicuam

498 1789 631 1905 prodit
649 1815 695 1870 ut
717 1709 870 1873 nullum
894 1789 1019 1902 posset
1040 1784 1145 1888 circi
1167 1782 1247 1893 ejus
1266 1786 1517 1870 foediffimum
1539 1784 1804 1901 spebiaculum
1826 1816 1922 1871 exo·

497 1907 563 1988 riri
580 1929 723 2014 anceps
747 1899 959 2009 judicium,
980 1901 1049 1982 nist
1071 1900 1179 2010 quod
1199 1929 1279 2009 quo
1299 1927 1480 2015 tempore
1504 1897 1572 1982 illa
1595 1902 1698 2012 apud
1722 1928 1798 1984 nos
1824 1904 1921 1986 erni·

498 2037 589 2101 care
617 2013 800 2122 cessavit,
828 2013 946 2098 altera
972 2039 1109 2096 exorta
1135 2013 1254 2097 fuerit
1277 2014 1425 2097 miseris
1450 2010 1682 2096 mortalibus
1704 2011 1818 2120 lues,
1845 2016 1919 2100 slve

496 2126 565 2210 illa
586 2154 636 2214 ex
655 2127 846 2212 Ametica
872 2124 1005 2210 insulis
1028 2124 1178 2208 funesto
1193 2125 1324 2209 ‚suerit
1341 2127 1387 2208 as
1407 2151 1532 2209 ortata
1550 2129 1823 2232 commercio,
1846 2128 1919 2210 srve

496 2239 636 2354 sponte
654 2237 720 2323 sua
749 2247 791 2323 bt
815 2268 863 2324 ex
885 2236 1078 2354 epidemii
1101 2263 1190 2320 nata
1208 2236 1339 2351 poste‘a
1356 2155 1504 2348 ubique
1525 2236 1735 2322 invaluerit
1753 2267 1919 2323 venerea

496 2351 631 2459 labes,
657 2349 704 2436 ab
725 2354 891 2464 antiquis
911 2382 994 2436 non
1012 2349 1233 2458 observata,
1255 2356 1516 2464 &perperam
1537 2380 1609 2462 pro
1626 2348 1916 2466 elephantiasrh

496 2464 671 2579 pluribus
694 2463 837 2550 habita.
856 2465 967 2550 Huic
992 2465 1173 2578 opinioni
1189 2460 1411 2548 refellenda
1430 2491 1480 2548 ne
1497 2463 1641 2548 diutiirs
1660 2463 1917 2550 insudandum

494 2575 706 2662 habeamus
729 2577 897 2663 effecere
921 2579 1098 2664 immensr
1117 2576 1154 2667 J.
1179 2578 1316 2678 Astruc
1336 2578 1401 2682 (b)
1427 2574 1582 2660 labores
1605 2574 1746 2704 quibus
1766 2577 1919 2663 diversr-

495 2717 617 2776 tatem
634 2690 834 2802 utriusque
852 2689 982 2776 morbi
1001 2694 1055 2775 ita
1074 2689 1372 2795 demonstravit,
1395 2714 1441 2773 ut
1466 2688 1595 2774 nullus
1621 2720 1698 2796 Jarn
1722 2689 1828 2773 disce
1858 2717 1918 2776 ta·

493 2805 595 2889 tioni
612 2802 728 2888 locus
744 2806 815 2910 srr,
839 2807 1015 2916 quamvis
1033 2832 1082 2888 ex
1106 2803 1251 2888 eodem
1269 2801 1367 2887 loco
1389 2800 1512 2885 multa
1528 2801 1627 2886 scitu
1644 2800 1751 2888 utilia
1770 2721 1918 2912 deduci

493 2914 663 3000 debeant
680 2917 730 3005 ad
757 2921 986 3030 contagium
1010 2915 1348 3030 elephantiaseos‚
1375 2940 1582 3028 pateatque
1607 2943 1656 3000 ex
1680 2918 1873 3028 congestis
1895 2917 1919 3003 a

492 3029 672 3113 Bekketo
688 3037 744 3133 (c)
764 3033 1054 3135 monumentis,
1078 3033 1267 3140 quantirm
1281 3027 1331 3113 ad
1351 3028 1660 3112 contrahendam
1682 3026 1918 3142 elephantia-

491 3142 563 3225 srm
585 3139 751 3254 periculi
771 3145 960 3256 importet
985 3141 1222 3226 concubitus
1256 3171 1348 3226 cum
1376 3138 1604 3225 mulieribus
1632 3137 1819 3254 leprofis‚
1853 3171 1916 3227 aur

492 3257 610 3338 etiam
634 3251 656 3336 a
674 3250 832 3367 leproso
853 3279 1031 3338 recenter
1051 3255 1312 3369 compress1s5¹
1332 3251 1407 3365 quai
1427 3257 1579 3337 ratione
1602 3253 1829 3367 congressus
1849 3253 1916 3340 ille

488 3363 682 3451 stillicidia
709 3368 977 3479 gonorrho'r'ca
1005 3366 1173 3472 inferat,
1200 3365 1353 3478 aliaque
1381 3363 1549 3480 plurima
1580 3370 1733 3481 pigeret
1758 3369 1826 3452 hic
1856 3396 1915 3452 re-

489 3479 614 3586 ferre,
637 3482 730 3564 clun
749 3475 925 3563 manibus
947 3481 1126 3563 omnium
1143 3486 1186 3563 ὃ(
1202 3506 1366 3586 teratur,
1392 3486 1433 3562 dt
1452 3483 1526 3565 teri
1543 3476 1686 3564 debeat
1704 3476 1807 3564 liber
1823 3479 1913 3567 vere

489 3619 642 3680 aureus.
1752 3639 1762 3656 ·

543 3702 664 3788 Aliud
680 3704 732 3786 est
751 3701 969 3816 periculum
985 3733 1036 3789 ne
1054 3735 1146 3789 cum
1164 3701 1387 3821 herperibus
1406 3705 1750 3790 vehementissimis
1768 3712 1809 3790 ὅ(
1826 3735 1915 3821 pro·

488 3814 728 3932 serpentibus
741 3816 1004 3901 confundatur
1015 3816 1294 3934 elephantiasrs.
1310 3817 1458 3902 Verhm
1471 3821 1523 3903 he
1569 3845 1651 3904 eres
1666 3849 1729 3902 ma
1758 3821 1791 3902 is
1807 3817 1914 3904 exuit
2002 3892 2011 3913 ,

489 3932 609 4044 ipsam
626 3957 759 4014 cutem
770 3933 997 4045 prominent
1002 3992 1016 4037 ,
1033 3960 1107 4015 nec
1123 3932 1172 4016 ad
1181 3935 1335 4018 intimas
1346 3932 1397 4016 us
1417 3958 1468 4014 ue
1482 3849 1644 4016 cellulas
1657 3850 1773 4047 prose
1822 3959 1910 4040 unt,

489 4045 753 4157 intaslumque
772 4043 899 4127 finunt
919 4069 1070 4128 textum
1089 4042 1319 4130 cellularem
1339 3961 1660 4158 &lymphaticas
1680 4042 1773 4157 glan
1803 4043 1885 4130 ulas
1894 4106 1910 4152 ‚

490 4181 556 4236 aut
576 4154 710 4240 saltem
733 4185 797 4240 eas
816 4154 1005 4240 levissime
1028 4155 1266 4241 adoriuntur.
1298 4154 1381 4239 Sub
1404 4155 1743 4270 herpetibus-sana
1766 4164 1808 4240 dt
1832 4158 1913 4240 san-

484 4268 607 4378 guine
626 4267 740 4378 plena
759 4274 859 4354 cutis
882 4271 1088 4354 invenitur.
1111 4270 1202 4353 Nec
1222 4271 1289 4352 nisr
1310 4265 1363 4352 ob
1385 4269 1577 4353 leviorem
1594 4269 1916 4355 inflammationis

378 4401 381 4412 ·
487 4376 651 4490 gradum
671 4379 869 4490 nunquhm
882 4387 922 4464 in
944 4414 1015 4496 pus
1036 4381 1257 4495 legitimum
1268 4407 1501 4483 vertuntur;
1522 4412 1611 4466 nam
1636 4380 1747 4466 ausiti
1766 4385 1916 4468 inflam-

489 4491 663 4575 matione
687 4492 785 4607 ipsas
819 4497 861 4576 in
887 4525 959 4609 pus
990 4499 1171 4584 converti
1199 4496 1255 4581 fas
1284 4499 1363 4606 est,
1395 4497 1480 4581 imh
1509 4502 1674 4610 &pure
1703 4501 1914 4582 concitato

526 4699 583 4775 (a)
604 4695 719 4764 Jouberr
737 4701 771 4760 de
788 4699 866 4762 Curis
885 4697 972 4764 affre
992 4723 1052 4785 cap.
1075 4715 1104 4767 6.

529 4779 586 4854 (b)
608 4777 666 4838 Lib.
687 4799 719 4850 r,
737 4801 793 4860 cap.
813 4801 839 4850 7.

531 4859 581 4943 (r)
602 4857 706 4921 Philas.
725 4860 847 4926 musae.
864 4879 905 4928 η’.
926 4881 995 4944 357.
1018 4871 1103 4948 ¹71⁸q
