4228 5898
529 407 1259 540 rNTRODUCTro
1560 447 1646 529 ua

200 599 266 670 aut
282 578 354 670 illa
375 581 577 668 tenuanda
591 609 667 668 nos
679 581 880 667 vertimus.
895 580 952 666 Ut
968 605 1101 668 wautern
1118 584 1265 668 horum
1279 575 1525 698 intelligatur
1538 589 1641 674 aiiio

199 699 280 787 duo
296 698 437 812 previa
459 697 501 800 in
525 697 636 790 omni
661 695 856 782 methodo
872 692 993 784 liceat
1015 721 1216 784 annotate.

260 809 316 896 1⁰.
347 809 544 921 Quamvis
570 806 703 892 morbi
729 808 972 925 depuratorii
1005 837 1090 896 non
1122 813 1229 896 acuti
1268 811 1380 918 sint,
1429 839 1506 898 nec
1539 816 1642 906 inter

201 954 271 1010 eos
285 926 354 1033 qui
368 924 498 1008 critici
517 922 606 1006 sunt
621 930 662 1005 bt
684 921 868 1008 dicuutur
890 925 1086 1008 numerari
1103 926 1271 1040 possint,
1296 953 1479 1038 magnam
1509 952 1643 1016 tamen

202 1047 293 1124 cim
310 1034 389 1120 illis
410 1035 563 1122 servant
578 1033 825 1150 analogiam,
873 1035 981 1143 uod,
1002 1040 1071 1122 erst
1085 1066 1155 1150 per
1168 1037 1299 1170 plures
1319 1067 1442 1122 annos
1459 1039 1643 1154 perdura-

203 1180 245 1236 re
265 1151 433 1265 poffint,
461 1152 633 1264 primum
648 1174 782 1234 tamen
803 1065 973 1232 habeant
988 1175 1143 1266 tempus
1168 1180 1210 1233 rn
1231 1179 1312 1262 quo
1328 1151 1439 1238 crudi
1460 1153 1576 1260 sunt,
1596 1163 1640 1242 bt

202 1266 339 1368 omnia
363 1261 497 1348 oculis
511 1259 725 1348 exhibeant
748 1263 1019 1378 phoenomena
1045 1263 1278 1370 cruditatis,
1305 1262 1456 1380 semper
1481 1267 1642 1384 exaspe-

203 1381 304 1483 rati,
324 1373 509 1462 duritiem
528 1373 705 1460 scabram
728 1373 1006 1460 ira-tumoribus
1032 1383 1073 1459 bt
1094 1374 1295 1462 ulceribui
1312 1365 1549 1487 offerentes,
1572 1387 1641 1494 qui

201 1487 352 1574 nullam
391 1493 709 1598 terminationis,
738 1515 805 1574 aut
837 1489 963 1575 exitiis
986 1514 1125 1574 notam
1150 1491 1401 1604 significant,
1432 1491 1501 1576 sed
1524 1493 1642 1584 labra

203 1603 461 1702 retorrida&
483 1606 671 1688 viciniam
705 1603 892 1710 crudam,
907 1605 1075 1688 inertem
1101 1611 1143 1688 δι
1166 1605 1270 1714 quast
1299 1602 1492 1690 devinam
1518 1609 1643 1695 osten·

203 1743 302 1802 tent.
310 1717 545 1822 Mutantur,
562 1741 628 1799 aut
642 1715 748 1830 lapsu
762 1719 974 1830 temporis,
985 1742 1052 1800 aut
1064 1745 1133 1830 per
1147 1713 1388 1802 laxationem
1405 1745 1486 1804 arte
1500 1719 1642 1808 fartam

205 1833 363 1934 omnia,
385 1837 427 1913 ἃ
445 1855 541 1914 tunc
564 1812 684 1912 rubor
706 1831 816 1945 ipse,
835 1829 979 1914 laevitas
1001 1826 1180 1914 ulcerum
1202 1892 1217 1936 ,
1250 1834 1354 1942 puris
1377 1830 1506 1916 forma
1534 1837 1642 1920 miti·-

204 1945 437 2027 ficationem
457 1969 656 2056 arguunt,
676 1941 773 2028 licit
795 1943 876 2058 ipsa
895 1942 1073 2026 humoris
1093 1971 1144 2026 co
1173 1947 1209 2026 ia
1230 1943 1408 2026 nonditm
1435 1947 1643 2034 imminuta

204 2057 261 2138 fit.
285 2055 388 2165 Qua
410 2055 572 2166 quidem
596 2055 678 2140 duo
704 2082 884 2170 tempora
903 2058 1084 2140 artentiits
1112 1973 1334 2142 observanti
1361 2085 1446 2140 non
1474 2055 1644 2150 obscure

203 2169 285 2252 sese
307 2167 480 2281 prodent
503 2196 573 2282 per
597 2167 750 2282 signai
778 2166 975 2255 veteribus
999 2165 1134 2274 jadata
1154 2170 1297 2254 merito
1310 2230 1324 2275 ,
1351 2172 1453 2256 cutis
1472 2175 1644 2262 nitorem

209 2279 439 2388 lubricum,
471 2280 657 2366 colorum
677 2284 717 2365 in
741 2283 844 2368 facie
871 2284 1043 2366 nativam
1076 2280 1277 2389 indolem,
1307 2284 1522 2368 humorum
1544 2284 1644 2374 libe-¹

207 2425 294 2479 rum
315 2397 468 2479 exintm
477 2455 493 2500 ,
508 2391 751 2506 illorumque
774 2393 954 2480 indolem
980 2395 1030 2480 ad
1050 2393 1132 2480 sani
1146 2399 1325 2509 corporis
1342 2421 1521 2496 naturam
1539 2400 1643 2484 sern-

208 2529 278 2620 per
303 2507 561 2593 referendam.
643 2606 651 2614 ,

268 2617 324 2705 2⁰.
338 2621 459 2710 Vero
488 2620 530 2706 id
559 2617 797 2735 postulatum
825 2619 998 2730 concedi
1031 2618 1154 2706 velim
1184 2620 1294 2733 posse
1320 2647 1390 2734 per
1416 2649 1539 2708 artent
1569 2624 1644 2710 rita

206 2733 418 2820 institutam
450 2736 753 2818 maturationem
780 2735 883 2816 hanc
912 2760 1030 2844 atque
1052 2735 1280 2821 coffionem
1307 2729 1491 2839 adjuvari.
1513 2736 1644 2846 Quod

235 2845 370 2930 uidem
395 2843 557 2960 cogniti
583 2845 698 2931 causti
710 2909 725 2953 ,
749 2843 1034 2957 intelleiloque
1052 2845 1230 2930 humoris
1252 2847 1445 2932 carabiere
1456 2907 1470 2952 ,
1486 2845 1644 2935 facilius

207 2875 284 3066 it,
306 2985 352 3043 ut
371 2961 398 3042 st
419 2962 574 3076 eruptio
595 2964 637 3044 in
658 2985 792 3044 cutem
816 2957 837 3042 ir
857 2957 946 3044 bilis
966 2962 1066 3044 vitio
1088 2957 1258 3072 pendeat
1271 2957 1468 3064 evidenti,
1490 2989 1645 3048 certum

211 3075 287 3158 erit
312 3071 417 3183 qubd
452 3103 581 3157 amara
606 3070 775 3160 laxantia
806 3071 901 3156 ditm
927 3073 1044 3188 ipsius
1066 3073 1219 3156 fluxum
1243 3066 1401 3178 juvant,
1431 3076 1550 3158 etiam
1576 3073 1644 3160 de·

210 3187 410 3300 purationi
426 3214 496 3302 per
514 3211 646 3270 cutem
665 3184 816 3270 summe
838 3185 1021 3284 faveant;
1046 3209 1091 3268 ut
1109 3184 1137 3267 st
1160 3186 1422 3298 quiapropter
1443 3185 1644 3297 putridum

211 3295 451 3410 alkalescens
480 3325 573 3384 cute
598 3297 711 3384 erosi
743 3297 971 3404 sordescat,
1001 3297 1208 3382 acidorum
1236 3295 1306 3378 usu
1335 3294 1564 3402 sanabitur,
1601 3307 1644 3385 bt

211 3415 403 3524 quoniam
424 3409 579 3496 nullum
612 3416 665 3496 est
686 3411 878 3496 acredinis
906 3441 1031 3528 genus
1061 3407 1171 3521 quod
1195 3435 1278 3492 non
1303 3408 1420 3520 possit
1445 3409 1493 3494 ad
1520 3414 1645 3494 cutim

213 3525 331 3640 ferri,
353 3523 507 3610 nullum
531 3528 584 3609 est
608 3527 751 3638 pariter
783 3524 894 3636 quod
919 3554 1003 3610 non
1028 3522 1146 3641 possit
1165 3549 1240 3668 per
1262 3518 1447 3634 specifica
1467 3525 1645 3638 opposita

214 3641 320 3723 vinci
349 3664 468 3748 atque
497 3637 649 3722 destrui.

265 3754 325 3835 At
345 3751 456 3834 casus
473 3753 514 3833 in
537 3749 679 3861 quibus
699 3776 789 3833 acre
812 3749 1039 3835 evidentem
1060 3742 1181 3830 habet
1199 3741 1380 3832 indolem
1409 3749 1485 3830 rari
1509 3744 1649 3830 admo·

216 3863 307 3946 ditm
334 3861 435 3946 sunt.
467 3863 648 3978 Superest
671 3889 713 3946 er
743 3891 769 3944 o
792 3887 837 3945 ut
863 3861 1050 3946 Medicus
1080 3859 1129 3942 ad
1163 3888 1287 3973 agros
1315 3856 1428 3944 malis
1456 3862 1556 3944 cutis
1575 3858 1647 3944 de·
1694 3855 1701 3868 '

215 3979 425 4092 potatoriis
445 3972 667 4060 laborantes
683 3893 924 4083 advocatus,
946 3970 1119 4089 apprime
1142 3970 1340 4082 sequentia
1353 3970 1572 4084 intelligat,
1593 3973 1646 4062 1⁰.

242 4119 298 4176 uo
332 4093 375 4173 in
404 4090 507 4172 ,statu
537 4089 583 4174 stt
614 4091 811 4205 eruptio,
846 4117 930 4200 qure
973 4088 1099 4203 parvis
1127 4087 1315 4170 inchoata
1355 4087 1643 4196 incrementis„

214 4119 370 4288 summa
391 4227 522 4287 tamen
545 4205 589 4286 in
614 4229 722 4317 parte
745 4201 1007 4318 symptomata
1032 4202 1235 4300 concitat,
1256 4198 1422 4308 pruritus
1438 4227 1646 4308 enormes,

217 4315 381 4400 dolores
396 4312 585 4421 acerbos,
613 4325 655 4399 bt
675 4318 809 4398 omnia
827 4313 1081 4400 increscentis
1099 4307 1193 4392 mali
1207 4309 1314 4425 signa
1332 4310 1504 4408 indubia.
1525 4311 1649 4400 Tunc

217 4432 324 4514 enim
354 4428 486 4512 frustra
504 4429 688 4542 specifica
734 4430 913 4512 uaesreris.
930 4427 1089 4508 Natura
1110 4419 1545 4538 contri‘opitulandum
1564 4431 1647 4534 est,

218 4540 376 4627 laxandi
396 4567 545 4624 meatur
557 4603 572 4648 ,
585 4540 675 4624 vasa
693 4455 819 4624 libera
839 4537 1023 4624 servanda
1043 4535 1151 4645 sunt,
1173 4543 1215 4622 bt
1243 4543 1431 4649 quantum
1448 4541 1520 4624 arti
1534 4535 1646 4648 licet,

221 4653 455 4740 mitificandi
477 4652 564 4740 sunt
581 4657 782 4738 humores.
798 4653 909 4738 Hinc
925 4649 1117 4737 laxabitur
1134 4651 1362 4738 erethismus
1371 4714 1386 4758 ,
1401 4653 1495 4737 hinc
1515 4657 1649 4738 omnia

222 4771 354 4854 mitiis
379 4765 674 4854 ordinabunnu.
702 4767 831 4854 Diata
855 4793 953 4880 ergo
976 4763 1099 4873 levia,
1114 4768 1242 4852 tenuis
1254 4827 1269 4872 ,
1297 4767 1433 4850 mitior
1444 4792 1493 4851 ex
1511 4764 1648 4850 laxan-

220 4879 322 4973 tibus
349 4891 392 4972 bt
411 4879 566 4998 leuibus
589 4878 763 4970 oleribus
791 4909 874 4996 qua
900 4907 1079 4972 ventrem
1100 4878 1259 4996 proluat
1286 4885 1328 4964 bt
1359 4875 1431 4966 bili
1450 4876 1648 4967 subtrahat
