4250 5898
394 457 396 463 ,
457 415 579 498 ¹-554
884 407 886 412 ·
935 382 1048 482 Ε”Ε
1104 379 1160 472 ’Μ
1179 379 1240 467 θ’
1258 382 1302 470 R
1330 381 1375 480 B·
1392 379 1470 467 ΓΒ

493 550 584 634 Imb
603 537 813 657 al1quandb
833 545 1115 629 intenerrimis
1135 544 1353 661 puellarum
1374 539 1556 660 cuticulae
1581 537 1733 654 papillis
1754 538 1934 630 incessis

493 661 552 745 sui
570 661 739 742 formica
758 656 916 766 reliquit
934 660 1092 771 vestigia
1114 691 1126 758 3
1157 668 1198 742 ὃ(
1219 659 1397 770 distingui
1413 653 1501 742 vult
1518 657 1742 738 Avicennas
1767 661 1826 758 (α)
1851 657 1929 736 im-

495 773 706 887 preffiones
728 769 750 853 i
768 767 935 864 formicas
957 768 1119 854 volante
1140 771 1257 854 fatias
1282 769 1330 852 ab
1351 767 1428 852 illis
1449 769 1702 850 formicarum
1719 796 1804 874 quae
1823 767 1933 850 desti·

393 931 399 936 ·
494 911 657 974 tuuntur
671 881 740 965 alis
756 880 872 982 silias
895 883 1000 964 enim
1022 886 1146 997 magis
1166 883 1243 968 elle
1262 885 1324 966 his
1337 906 1562 966 venenatas.
1581 877 1706 964 Penes
1722 879 1768 961 stt
1789 882 1929 961 aueto-

493 1024 578 1080 rem
598 994 707 1078 fides.
1514 1071 1516 1074 ,

493 1181 497 1186 .
552 1107 586 1190 F
589 1110 745 1189 ormicae
770 1101 921 1188 scilicet
941 1105 1097 1190 acidum
1118 1103 1281 1198 volatile
1304 1107 1457 1190 fortiter
1478 1103 1641 1218 spirant,
1667 1111 1709 1188 dt
1732 1102 1832 1186 illud
1853 1101 1927 1186 ali-

481 1215 655 1330 'quandb
678 1217 778 1300 adeo
800 1215 1028 1323 evolutum,
1054 1244 1098 1300 ut
1120 1247 1229 1303 nares
1252 1221 1528 1303 sternutatione
1546 1216 1692 1298 afficiat
1704 1278 1718 1320 ‚
1745 1215 1928 1324 adeoque

495 1359 630 1414 earum
656 1326 987 1441 multiplicatione
1011 1357 1265 1416 concentrata
1286 1361 1373 1445 pars
1401 1332 1588 1423 acerrima
1617 1331 1740 1413 cutim
1765 1329 1930 1414 afficere

494 1446 632 1556 potest.
659 1442 740 1525 Sed
761 1443 914 1524 affeblio
935 1445 1016 1539 haec
1040 1440 1137 1526 levis
1162 1447 1214 1526 est
1227 1505 1241 1550 ‚
1265 1473 1348 1553 quae
1374 1443 1561 1524 affusrone
1584 1469 1689 1550 aquae
1712 1440 1860 1552 frigide
1882 1448 1925 1524 dt

398 1577 400 1582 ·
494 1552 689 1668 pracipus
709 1554 856 1667 posca,
877 1554 943 1638 seu
962 1584 1068 1665 aqua
1088 1585 1181 1648 cum
1197 1581 1313 1650 aceto
1335 1557 1502 1644 intinslae
1520 1550 1693 1661 tollitur,
1711 1581 1925 1665 paucarum
1978 1658 1981 1666 .

493 1669 681 1750 horarum
704 1664 926 1760 intervallo.

550 1779 594 1860 N
597 1806 648 1859 on
661 1777 824 1861 difficile
839 1781 891 1863 est
906 1779 1084 1862 omnium
1098 1777 1321 1864 animalium
1335 1810 1417 1890 quae
1432 1781 1482 1864 stc
1495 1776 1695 1892 putridos,
1714 1802 1782 1860 aut
1794 1806 1924 1882 acres,

493 1913 562 1982 ‚aut
576 1889 711 1970 acidos
728 1894 911 1980 emittunt
925 1891 1092 1974 effluxus
1108 1891 1333 2006 catalogum
1350 1896 1543 1990 instituere
1553 1953 1567 1994 ,
1580 1894 1675 1972 citm
1689 1889 1771 2001 ipse
1784 1917 1920 1974 eorum

375 2041 377 2046 ·
491 2026 668 2098 naturam
689 1999 817 2092 sensus
831 2001 918 2084 satis
933 2001 1118 2088 declaret.
1138 2005 1182 2086 Si
1200 2011 1285 2113 quis
1303 2008 1344 2088 in
1364 2031 1507 2098 canum
1528 1999 1917 2114 conglomeratorum

487 2111 706 2226 hospitium
731 2115 875 2218 intrat,
900 2112 1046 2206 oculos
1068 2115 1137 2198 fibi
1160 2117 1266 2201 feriri
1288 2117 1402 2206 sentit
1424 2115 1549 2212 halitu
1568 2118 1726 2226 prorsbs
1749 2113 1917 2228 putrido.

493 2223 563 2319 Sic
584 2227 684 2306 &in
704 2220 873 2308 ovilibus
895 2225 1052 2316 acidum
1071 2227 1233 2341 spiratur
1248 2229 1358 2339 quod
1378 2229 1516 2324 fortius
1537 2226 1652 2340 poffit
1665 2229 1787 2308 cutim
1801 2225 1917 2310 laces·
1969 2267 1974 2282 ·

486 2335 588 2434 ⁸sere.
604 2336 673 2416 Sic
690 2335 782 2418 dum
797 2341 963 2420 urticam
977 2341 1184 2445 marinam,
1199 2340 1382 2455 medufiam
1398 2341 1570 2444 LinnaeI,
1589 2341 1806 2422 accuratius
1823 2367 1916 2421 con·

486 2445 754 2561 ,tenrplabatur
769 2447 826 2530 ill.
842 2449 892 2534 de
904 2450 1102 2564 Sauvages
1112 2514 1126 2557 ,
1141 2451 1297 2563 ejusque
1313 2479 1466 2539 motum
1481 2453 1765 2541 constrisiionis
1782 2457 1823 2533 &r
1834 2449 1917 2534 dila·

492 2563 653 2644 tationis
675 2558 931 2668 observabat,
949 2563 1062 2647 sensit
1074 2564 1257 2658 exhalare
1271 2593 1457 2679 vaporem
1474 2562 1762 2652 subtilissimum
1779 2561 1919 2648 oculos

493 2699 600 2784 cape
626 2675 1066 2764 instarinilammantem
1090 2709 1102 2778 3
1128 2679 1157 2770 ss
1183 2682 1404 2791 contigerat
1432 2671 1806 2785 manus·antequam
1834 2673 1919 2760 lore

492 2782 651 2867 fuissent
660 2847 675 2890 ‚
694 2784 821 2869 oculis
837 2786 1075 2896 admovere,
1094 2792 1265 2882 vividior
1280 2787 1411 2872 multb
1424 2785 1665 2878 excitabatur
1681 2785 1794 2870 calor
1807 2813 1919 2896 atque

492 2899 673 3006 pruritus.
702 2897 838 3006 Quam
863 2897 916 2981 ob
940 2928 1022 2987 rem
1048 2903 1173 2986 credit
1193 2902 1252 2996 ill.
1278 2906 1412 2986 ansior
1434 2905 1474 2986 in
1490 2897 1614 2984 urrici
1633 2897 1783 2984 matins
1803 2899 1918 2984 latere

490 3003 642 3114 aliquid
661 3007 841 3092 halituosr
864 3015 1063 3102 venenofi.
1454 3077 1459 3091 ι

547 3116 720 3212 Plurima
743 3120 858 3214 nobis
883 3122 1019 3207 similia
1044 3126 1226 3240 exempla
1251 3127 1497 3242 suppeditant
1519 3120 1729 3226 animalia;
1756 3154 1846 3208 nam
1871 3151 1919 3208 ex

494 3226 661 3343 plantis,
690 3228 787 3314 licit
804 3231 934 3316 multa
957 3239 1062 3320 virus
1080 3239 1225 3352 spirent
1245 3241 1493 3331 sortiffimum
1508 3300 1522 3342 ,
1539 3233 1695 3334 nullam
1720 3241 1818 3332 novi
1839 3267 1919 3348 φιτ

491 3339 606 3426 aliter
629 3345 680 3424 in‘
694 3347 817 3426 cutim
846 3373 934 3458 agat
955 3345 1101 3455 halitu,
1122 3350 1239 3460 quim
1257 3379 1326 3466 per
1345 3355 1496 3434 interna
1518 3347 1720 3431 fortiss'una
1745 3349 1918 3463 sympto-

479 3479 607 3536 mata.
633 3453 735 3562 Quae
756 3457 917 3566 quidem
932 3459 1152 3556 ‚differentia
1170 3464 1337 3576 petenda
1357 3467 1408 3560 est
1425 3463 1447 3545 ὲ
1464 3459 1681 3562 differendi
1700 3458 1920 3544 subtilitatis

493 3593 577 3674 quae
594 3565 741 3648 summa
754 3571 795 3650 in
815 3569 1067 3681 animalibus,
1088 3579 1219 3658 minor
1243 3579 1351 3660 estin
1372 3570 1670 3688 vegetantibus3
1696 3603 1790 3656 nam
1812 3571 1919 3683 quod

495 3677 544 3761 de
559 3675 736 3762 formicis
756 3682 856 3766 vivis
881 3683 1076 3791 dicimus,
1102 3687 1147 3770 id
1169 3691 1286 3776 eriam
1307 3689 1357 3772 de
1379 3689 1544 3773 mortuis
1571 3709 1719 3770 norunt
1742 3689 1920 3798 pharma-

494 3787 669 3913 copolae,
684 3791 794 3900 quod
809 3800 849 3876 dt
867 3795 916 3878 de
932 3795 1092 3908 apibus,
1114 3800 1189 3883 ves
1208 3805 1260 3907 is,
1276 3799 1478 3884 lumbricis
1500 3794 1737 3881 terrestribus
1759 3797 1921 3907 aliisque

491 3901 607 4004 hujus
630 3906 786 4014 generis
808 3905 960 3990 infestis
982 3917 1120 3992 ‘verum
1142 3833 1217 4017 eil,
1242 3943 1324 4024 qua
1350 3915 1483 3998 omnia
1506 3914 1625 3994 etiam
1651 3937 1805 3996 mortua
1828 3911 1920 3992 fun-

490 4011 591 4094 dunt
620 4014 828 4127 copiosum
858 4019 1015 4102 acidum
1048 4021 1212 4107 volatile
1238 4021 1338 4108 oleo,
1364 4020 1608 4106 subtilissimo
1634 4017 1884 4124 conjunsium
1898 4081 1918 4126 ,

495 4120 623 4206 oculis
642 4125 824 4211 feriendis
845 4159 1000 4242 aptum,
1023 4140 1064 4216 ὅ(
1082 4139 1182 4218 curis
1203 4134 1365 4218 ultImos
1380 4161 1555 4248 pungens
1576 4133 1784 4247 penicillos
1790 4151 1925 4245 ,quo-

485 4260 581 4316 -rum
605 4237 658 4318 im
688 4238 801 4321 tellio
826 4240 1052 4356 soli'posci
1078 4246 1252 4331 admbira
1274 4251 1457 4332 maturius
1485 4245 1649 4330 sanatur.

547 4345 603 4474 tlt
690 4347 844 4462 plantas
859 4356 1101 4467 atqueatquc
1120 4358 1300 4444 animalia
1321 4363 1488 4474 pertinet
1505 4357 1710 4470 impreffio,
1725 4387 1776 4444 ex
1798 4388 1845 4472 ap
1872 4355 1926 4442 li-

486 4479 591 4585 catrs
616 4464 657 4538 bt
682 4464 861 4573 appositis
889 4472 974 4550 cuti
1000 4498 1140 4557 eorum
1164 4471 1361 4586 partibus,
1387 4469 1751 4582 cujusexemplum
1775 4389 1927 4584 prebet

494 4591 708 4650 urticarum
722 4577 933 4686 appositio,
951 4585 1069 4664 etiam
1083 4612 1165 4666 non
1180 4582 1369 4669 violenta.
1391 4583 1506 4666 Unds
1525 4585 1642 4666 etiam
1663 4586 1703 4666 in
1721 4581 1926 4668 medicini

490 4675 541 4760 ad
562 4676 867 4768 exfirscitandam
891 4687 1143 4804 languentem
1168 4698 1269 4782 cutis
1291 4697 1487 4812 asiionem
1506 4693 1664 4805 ejusque
1681 4721 1826 4784 nervos
1846 4724 1925 4782 ex·

531 4832 587 4906 (a)
605 4825 668 4890 Lib.
689 4851 727 4906 4,
747 4833 802 4902 seu.
820 4847 851 4914 6,
871 4859 904 4902 rr·
923 4863 953 4914 4.
