4156 5892
442 409 537 504 294⁶
656 449 657 457 κ
883 377 1420 476 ΒΕιΜΟΒΒῙδ
1539 403 1544 410 ’

440 547 792 668 'mnnes'interiota'
814 547 1102 746 pnrpmrtiavix
1118 525 1403 640 commeddant
1413 607 1428 657 ,
1456 543 1586 662 quod,
1610 541 1747 660 aiunt,
1775 549 1888 642 nufla

445 674 598 757 ratiorm
619 699 721 786 opus
739 669 785 751 ht
804 694 853 750 ex
875 692 959 748 ato
978 666 1199 773 attrahere,
1221 663 1290 752 sed
1305 664 1398 753 uasa
1414 666 1520 758 cutis
1537 660 1621 752 sola
1639 669 1889 868 repurganda

330 819 333 828 ⁴
446 787 531 870 saar.
541 781 736 868 -Galenus
763 783 828 884 (a)
852 781 989 869 tamen
1010 779 1150 865 dsmre
1165 789 1390 880 &monuerat
1412 805 1555 866 cautos
1575 775 1652 864 else
1704 777 1823 866 ebere
1843 785 1889 874 in

447 898 724 985 deterseris&
768 890 997 1005 uagantibus
1014 896 1118 1006 'curis
1132 885 1366 980 adhibendis
1377 889 1569 1010 Medicus
1580 951 1596 1000 ,
1616 919 1788 1007 corpore
1800 913 1889 978 non

446 1041 584 1128 pauo,
618 1037 702 1116 qua
731 922 885 1108 siilica't
910 1005 1241 1118 tuucobsiruant
1264 1002 1559 1117 seoblliperu,
1576 1005 1890 1118 ,harescereque

448 1146 597 1238 cogant
621 1119 755 1204 sordes
776 1121 824 1202 in
852 1121 1107 1223 emundoriis
1130 1121 1319 1234 impuras.
1345 1115 1456 1200 Hinc
1481 1117 1614 1206 forsan
1635 1120 1891 1234 Archigenen

447 1237 511 1340 (b)
535 1232 627 1318 antd
655 1231 733 1316 alia
761 1235 907 1315 omnia·
921 1232 1096 1317 remedia
1115 1245 1223 1317 vena
1243 1230 1456 1316 seilionem
1473 1228 1668 1332 ‘celebrari
1693 1235 1887 1348 imperat,

446 1359 488 1434 ὃ(
501 1375 571 1462 per
586 1375 708 1431 omne
719 1344 1009 1452 remediorum,
1024 1350 1110 1430 tiam
1128 1344 1421 1460 pradislorum,
1433 1349 1518 1432 tiam
1531 1341 1699 1428 aliorum
1711 1343 1890 1451 ejusdem

444 1461 576 1544 farina
602 1455 844 1542 craticulam
872 1461 1071 1574 catapotia
1099 1458 1187 1544 sero
1216 1456 1343 1542 danda
1369 1483 1419 1571 ex
1444 1455 1556 1544 aloes
1581 1455 1666 1542 dosr
1689 1459 1893 1548 mediocri-

445 1573 568 1664 edicit
591 1604 610 1673 ς
647 1569 792 1664 balneo
812 1574 1055 1683 ceteroquin
1076 1570 1270 1675 utendum
1290 1578 1334 1656 ὅ(
1354 1567 1467 1660 diaeta
1488 1571 1573 1656 miti
1597 1595 1716 1680 atque
1735 1571 1890 1658 demus

422 1705 575 1770 'ceute
688 1749 693 1757 .
1484 1693 1505 1770 .’
1530 1688 1534 1694 ’

466 1849 474 1858 -
500 1798 657 1884 Frustra
677 1798 806 1880 lticin
825 1793 1093 1896 exscribendis
1115 1799 1264 1882 caretis
1289 1794 1465 1911 graculis
1487 1792 1767 1882 insudaremus.
1796 1797 1890 1882 No·

445 1911 539 2006 tasse
556 1907 754 1994 suffecerit
772 1914 814 2004 ὁ(
830 1897 961 1992 rm'rari
978 1907 1182 2018 quantulas
1199 1921 1328 2026 paries
1347 1915 1387 1993 in
1403 1938 1544 1994 eorum
1559 1910 1753 2016 methodo
1769 1937 1889 2024 agant

446 2028 600 2110 interna
618 2020 904 2128 mmmmm,
926 2019 1046 2132 quiam
1066 2052 1132 2104 ma
1161 2051 1219 2105 nae
1238 2033 1378 2107 contra
1396 2020 1531 2110 laudes
1551 2049 1737 2110 maneant
1753 2023 1887 2107 sortis-

446 2137 541 2220 smra
556 2133 844 2246 adshingentia,
857 2161 1117 2220 atramentum
1129 2053 1336 2241 sutorium,
1349 2134 1523 2241 alumen,
1536 2140 1616 2223 &c
1629 2139 1888 2244 quaeremixta

448 2244 755 2343 corrodentibus
768 2251 894 2362 magis
906 2248 1037 2333 adhuc
1053 2248 1226 2333 evadunt
1245 2246 1488 2362 obstipanria.
1506 2249 1573 2336 An
1586 2245 1715 2358 aliqua
1729 2251 1769 2330 in
1784 2279 1889 2332 mor·

448 2359 533 2464 bia,
558 2389 610 2444 au
630 2363 672 2442 iri
693 2363 907 2450 moritum
927 2364 1075 2456 narraris
1097 2361 1296 2446 emicabat
1315 2362 1547 2446 diversitas?
1624 2434 1627 2440 .

503 2471 663 2557 Plenius
684 2479 726 2557 dt
745 2473 887 2563 meliira
907 2473 1014 2562 circi
1030 2479 1181 2560 interna
1203 2474 1491 2560 medicamenta
1507 2469 1685 2559 Arabum
1732 2473 1888 2590 n'ncepa

445 2587 671 2670 Arioemaas
686 2591 736 2692 (c)
745 2649 759 2694 ,
774 2591 842 2698 qui
860 2587 909 2670 ad
924 2617 1060 2672 curam
1075 2589 1184 2700 effere
1198 2617 1317 2700 quam
1336 2583 1514 2700 legitime
1533 2615 1627 2670 cum
1641 2503 1771 2669 scabie
1789 2617 1891 2671 con-

446 2698 609 2806 fundas,
628 2701 757 2814 primo
770 2698 1089 2814 phlebotomiam
1110 2701 1292 2808 adhibet,
1309 2699 1440 2817 posted
1452 2700 1550 2785 verb
1563 2700 1763 2813 purgantia
1772 2758 1788 2805 ,
1811 2699 1887 2784 sed

446 2841 530 2898 nou
549 2811 601 2896 ad
616 2839 796 2901 vetonrm
818 2841 972 2898 morem
987 2815 1148 2898 drastica
1157 2876 1172 2921 ,
1195 2815 1263 2898 sed
1282 2812 1433 2920 leviora
1450 2843 1496 2896 ac
1516 2810 1769 2924 benigniora,
1793 2839 1884 2896 me-

445 2929 750 3031 choacaunam,
778 2925 1083 3032 mirobolaoos,
1115 2933 1197 3010 &c
1234 2923 1372 3010 Postea
1403 2929 1500 3010 verb
1532 2941 1586 3010 re'
1601 2926 1703 3010 eritis
1733 2921 1889 3036 pluries

445 3037 691 3144 catharticis,
713 3037 1046 3149 demulcenteque
1065 3037 1175 3124 direti
1193 3037 1352 3152 longiis
1371 3042 1599 3122 continuata
1608 3103 1621 3142 ‚
1642 3037 1691 3120 ad
1708 3036 1886 3123 lotiones

445 3149 722 3264 adstringentes
734 3153 880 3257 transrt,
895 3151 1036 3262 easque
1050 3179 1099 3236 ex
1113 3150 1401 3264 vegetabilibus
1412 3154 1582 3264 stypticis
1595 3151 1742 3257 sortes,
1758 3150 1892 3261 quod-.

445 3290 525 3375 que
538 3267 681 3352 mirere
693 3267 841 3379 magis,
865 3291 932 3348 eas
945 3267 1101 3348 interno
1116 3264 1186 3348 usu
1202 3265 1472 3350 commendat.
1495 3263 1584 3345 Una
1606 3269 1648 3346 dc
1668 3264 1805 3347 eadem
1828 3266 1885 3347 est

444 3403 678 3466 umerorum
698 3375 875 3464 Arabum
894 3377 1083 3462 dobrina.
1110 3377 1173 3460 Ex
1191 3377 1333 3490 quibus
1352 3375 1466 3462 srmul
1482 3379 1709 3460 commixtis
1723 3375 1884 3461 Medici

442 3491 566 3576 medii
585 3493 655 3576 evi
673 3489 780 3574 suam
799 3491 1057 3577 confecerant
1074 3494 1237 3605 praxim.
1264 3493 1414 3575 Sensrm
1436 3517 1569 3575 tuneo
1590 3516 1686 3602 opes
1710 3493 1882 3572 materiae

442 3603 690 3688 medicinalis
717 3631 908 3718 augentur
935 3633 1018 3716 quae
1041 3603 1125 3689 sola
1147 3635 1217 3720 per
1240 3603 1533 3689 obseruationes
1555 3601 1757 3716 augescit,
1783 3603 1882 3686 hinc

442 3715 847 3940 insiliis,
864 3715 1879 3974 issisllsylsssssslslsssnillst

442 3942 509 4028 bra
525 3943 723 4064 sulphuri,
740 3949 825 4028 tum
845 3949 980 4050 extbs,
1002 3971 1086 4028 tum
1101 3947 1206 4030 intbs
1226 3947 1403 4062 apposito
1418 3946 1589 4026 maxima
1603 3939 1777 4025 curandae
1789 3940 1880 4023 sca-

441 4051 521 4138 biei
540 4054 667 4187 gloria
685 4061 892 4258 competit
916 4057 1145 4172 Camphora
1166 4062 1263 4144 verb
1282 4055 1516 4201 adeosdem
1536 4053 1624 4138 usus
1644 4053 1666 4139 *a
1684 4050 1872 4138 Ballonio

390 4241 393 4259 '
440 4165 1923 4398 sss?nliaas?ssle‘hisssislsshslssrsn‘lssllss·

441 4391 653 4480 deterseria
667 4401 815 4486 uirtute
828 4399 1071 4516 pollentibus
1086 4396 1301 4503 absolvere.
1315 4397 1432 4494 Unde
1447 4395 1593 4482 famosa
1604 4395 1680 4480 fuit
1692 4394 1882 4480 adversita

440 4501 642 4594 scabiosos
657 4509 822 4598 morbos
840 4511 1041 4598 consessio
1062 4511 1111 4598 ab
1128 4511 1324 4600 Arabibus
1348 4515 1478 4598 lamec
1500 4509 1612 4598 disin
1640 4507 1740 4594 Hac
1755 4506 1880 4594 basam

479 4721 544 4796 (ι)
563 4711 598 4778 L.
615 4715 650 4778 de
664 4717 760 4780 Coun.
775 4720 837 4780 Art.
853 4719 954 4784 Medic.

481 4800 534 4878 (h)
552 4795 651 4862 Attius
666 4799 821 4864 Terrabibl.
834 4801 925 4866 serm.
941 4822 975 4874 1,
988 4823 1016 4866 c.
1031 4811 1080 4865 ιόε

478 4885 536 4968 (tl
554 4875 623 4944 fffl·
644 4901 676 4967 3r
693 4879 793 4950 W·
810 4902 843 4954 ¹»
857 4903 917 4964 “n
936 4903 982 4958 ¹4·
