4186 5908
674 377 1150 476 CUTANEIa
1553 407 1642 508 ἡγ

182 527 297 646 sequi
324 531 431 624 soret
462 539 626 627 animus.
656 544 807 632 Verum
839 545 936 632 licet
964 543 1133 634 secretio
1158 549 1302 661 quavis
1325 573 1504 663 retenta,
1534 555 1633 648 licbt

185 675 279 745 acre
311 653 482 762 quodvis
514 657 783 744 introdublum
811 660 930 774 poslrt
989 658 1208 771 hlybloenas
1236 665 1426 752 inducere
1439 730 1466 775 ,.
1509 671 1641 787 erspif·

183 765 331 847 rationi
360 790 493 851 tamen
523 771 583 854 his
613 775 755 858 atomis
785 776 927 858 nocuis
949 690 1055 857 sdetae
1079 774 1209 859 subito
1235 776 1434 894 supprellae
1487 781 1628 872 ebetur

183 873 419 990 plerumque
436 909 569 966 earum
587 912 762 972 exortus.
776 886 894 972 Unde
909 917 992 971 non
1006 885 1276 975 demulcendae
1293 899 1444 978 tantiam
1461 899 1626 985 acrimo-

183 991 257 1071 niae
287 992 479 1079 indicatio
507 994 647 1107 datur,
672 1000 879 1087 sedetiam
899 999 1057 1086 laxandi
1081 999 1300 1088 solidorum
1329 1007 1528 1094 erethismi
1552 1015 1624 1124 qui

182 1099 352 1190 subitam
366 1109 656 1224 perspirationis
671 1113 978 1229 suppressronem
995 1117 1208 1200 comitatur
1223 1116 1388 1233 semper.
1412 1122 1506 1206 Nec
1520 1123 1625 1212 deesl

183 1218 226 1299 in
251 1221 390 1306 nostris
413 1222 523 1309 hisce
548 1226 628 1311 oris
658 1224 792 1312 alvum
820 1226 979 1312 laxandi
1005 1230 1208 1314 necellrtas
1220 1291 1235 1336 ,
1262 1234 1354 1341 quia
1380 1229 1468 1319 bilis
1495 1240 1624 1324 exitus

184 1329 290 1524 apud
309 1363 384 1420 nos
402 1342 626 1456 promptior
640 1337 759 1451 quim
773 1344 815 1425 in
833 1339 923 1427 ullis
943 1339 1028 1425 aliis
1049 1345 1151 1448 oris,
1174 1346 1434 1429 acrimoniam
1451 1351 1622 1438 maxime

184 1445 283 1528 euit
301 1451 344 1528 bt
360 1445 496 1533 secum
517 1450 671 1568 abripit.
695 1453 807 1540 Hinc
826 1453 896 1538 ubi
915 1452 1040 1540 semel
1057 1453 1195 1541 laxitas
1212 1454 1348 1542 solidis
1365 1459 1622 1572 indueret,

131 1649 134 1654 ,
179 1560 426 1670 experientias
454 1563 546 1650 freti
576 1569 672 1652 huic
699 1569 871 1655 maxime
896 1570 1123 1654 vacuationi
1153 1570 1312 1656 fidimus
1337 1599 1457 1683 quam
1488 1574 1622 1664 frustra

182 1659 312 1784 speres
327 1702 398 1788 per
413 1674 531 1763 aliam
551 1709 843 1794 quamcumque
860 1679 1040 1797 supplere
1061 1717 1070 1765 ε
1098 1687 1191 1767 cum
1213 1687 1282 1768 vix
1301 1687 1411 1767 urina
1457 1686 1626 1802 erspira-·

183 1785 304 1869 tionis
323 1791 433 1874 vices
453 1819 573 1907 agens
593 1793 681 1879 satis
703 1821 882 1910 apertum
906 1793 1051 1880 callem
1072 1794 1250 1880 eluendis
1273 1717 1505 1885 humoribus
1526 1827 1628 1917 ape-⁶

184 1899 280 2004 riat,
299 1898 421 1988 sudor
439 1908 537 1992 verb
560 1908 655 1992 huic
673 1937 874 2021 nunquam
924 1907 1067 1994 erfesle
1090 1906 1279 2026 suppleat.

237 2013 391 2099 Verbm
404 2021 490 2136 post
501 2019 653 2134 fugatas
668 2047 786 2134 atque
800 1939 1014 2108 debellatas
1029 2025 1198 2106 exterius
1238 2020 1479 2132 hlystoenas,
1504 2023 1629 2112 resar:

184 2123 326 2244 cienda
345 2135 398 2217 est
416 2133 512 2249 pers
529 2139 645 2220 iratio
656 2199 673 2244 ,
701 2142 743 2220 bt
764 2134 982 2221 renascenti
1002 2053 1236 2251 epidermidi
1254 2165 1300 2220 ac
1321 2139 1363 2221 in
1379 2140 1522 2223 veteris
1540 2136 1624 2246 jam'

182 2264 253 2354 per
270 2237 490 2351 squammas
503 2165 613 2334 leves
634 2247 812 2335 abeuntis
830 2247 970 2333 locum
989 2247 1172 2332 redivivat
1189 2247 1378 2334 mollities
1393 2252 1620 2339 inducenda

183 2353 236 2433 est
261 2379 381 2466 atque
405 2361 616 2446 humiditas
642 2361 794 2448 lubrica
816 2387 861 2447 ut
885 2368 927 2446 bt
950 2363 1099 2468 sirmibs
1127 2361 1319 2448 adhaereat
1345 2367 1387 2445 bt
1415 2368 1617 2478 potentibs

182 2466 426 2556 extendatur.
465 2474 594 2585 Quod
626 2476 803 2560 efficient
834 2474 942 2560 fotus
974 2473 1098 2589 tepidi
1128 2471 1334 2579 laxantes,
1373 2474 1586 2594 semisupia
1598 2539 1619 2587 ,
1786 2499 1790 2504 ·

182 2573 350 2692 balnea,
372 2587 504 2672 sriblus
525 2590 627 2673 cutis
648 2586 758 2674 leves
777 2621 791 2690 3
815 2589 946 2672 forsan
959 2595 1002 2674 bt
1016 2589 1045 2668 sr
1059 2585 1218 2671 suaserit
1231 2588 1346 2670 causa
1362 2596 1405 2673 dt
1420 2593 1509 2703 aegri
1523 2613 1626 2676 tem·

183 2695 310 2806 peries
332 2699 500 2810 faverit,
521 2700 699 2818 proderit
718 2699 972 2786 interioribus
995 2703 1220 2784 aromaticis
1242 2697 1487 2808 levioribus,
1507 2701 1619 2788 vola·

181 2803 317 2890 tilibus
325 2875 340 2920 ,
356 2813 479 2901 mulrai
500 2810 601 2927 aqub
618 2812 781 2920 dilutis,
804 2811 996 2925 stmulque
1011 2810 1131 2927 operd
1148 2810 1291 2897 caloris
1307 2816 1458 2897 externi
1475 2814 1618 2948 sapien·

180 2920 245 3003 rer
275 2919 454 3036 adaucti,
489 2936 532 3014 bt
563 2927 705 3014 leniter
735 2931 966 3125 prorogati,
1002 2926 1163 3012 sudores
1201 2924 1356 3037 aliquos
1385 2925 1617 3043 probcere,

183 3059 304 3144 quem
326 3041 511 3128 effeslum
534 3045 709 3158 praestanr
765 3041 934 3151 ardanae‚
953 3038 1225 3126 scorzonnerae
1249 3039 1427 3147 radices,
1451 3038 1623 3153 aliaeque·

182 3142 357 3254 e'utsdem
384 3160 538 3270 generis
560 3189 573 3258 ;
601 3156 710 3272 ligna
735 3154 930 3264 saffafras,
962 3153 1224 3260 famulorum,
1248 3152 1348 3238 solia
1371 3152 1613 3270 botraginis,

181 3257 376 3458 buqlolsq
389 3273 493 3356 cchii
501 3332 516 3380 ,
531 3270 770 3356 summitates
780 3272 978 3355 veronica
986 3331 1000 3378 ,
1016 3267 1305 3379 chamaedryos,
1317 3270 1619 3382 chamaepytios,

180 3402 247 3462 me
265 3377 339 3466 'lla
354 3413 367 3483 3
394 3385 514 3470 flores
548 3383 749 3492 sambuci,
778 3381 975 3490 meliloti,
1002 3381 1147 3493 aliique
1175 3379 1341 3489 similes,
1373 3411 1544 3492 quorum
1573 3383 1618 3466 hi
1679 3433 1683 3453 ·

181 3499 334 3578 unum
347 3495 628 3614 inexemplum
639 3498 908 3605 adducrmtur,
924 3493 1066 3608 quibus
1085 3499 1317 3611 incorpore
1335 3493 1468 3578 laxato
1487 3491 1623 3579 calide·

181 3601 402 3732 assumptis,
453 3614 511 3694 ost
530 3612 713 3696 somnum
733 3611 964 3728 presertim,
988 3634 1167 3719 quorem
1198 3635 1267 3694 ore
1283 3611 1418 3693 omnia
1439 3605 1618 3693 melibse

182 3743 254 3802 cor
284 3748 356 3806 ore
380 3641 593 3830 critalant,
619 3753 744 3839 vapor
768 3727 896 3809 tenuis
921 3722 971 3808 ad
999 3724 1124 3806 cutim
1176 3719 1323 3828 eserrur
1347 3719 1548 3830 ubertim,
1573 3726 1617 3808 ὅ(

181 3751 413 3948 peripiratio
433 3833 659 3922 universalis
678 3864 819 3922 omnes
837 3837 1017 3952 corporis
1036 3861 1139 3922 artus
1157 3832 1313 3951 perluit.

238 3947 321 4034 Sed
342 3979 425 4034 non
441 3948 490 4035 ad
511 3977 650 4035 omnes
667 3949 776 4061 aeque
791 3948 861 4036 illa
879 3953 1048 4086 pertinet
1067 3953 1233 4036 curatio.
1262 3945 1431 4035 Senibus
1449 3978 1488 4048 u.
1540 4008 1551 4031 .
1573 3951 1621 4034 δι’

182 4061 418 4178 corporibus
442 4064 558 4148 aridis
581 4067 648 4149 vix
672 4060 755 4150 ulla
778 4063 912 4150 srmilrs
932 4067 1118 4149 vacuatio
1139 4059 1326 4176 speranda
1348 4061 1425 4166 est,
1448 4089 1470 4142 a
1575 4067 1616 4148 te'

181 4177 440 4290 procuranda.
475 4177 604 4262 Sariba
633 4175 711 4263 illis
741 4178 791 4264 ad
826 4176 1020 4265 cautelam
1059 4174 1169 4260 alvus
1206 4169 1358 4256 lubrica
1395 4171 1614 4258 identidem

179 4287 381 4396 redditur,
403 4318 449 4376 ut
467 4290 543 4375 illae
566 4321 650 4402 quae
673 4291 878 4487 sppersu'rit
901 4289 923 4376 ir
954 4292 1141 4375 coslione
1169 4287 1382 4370 humorum
1408 4284 1625 4374 universali

180 4399 254 4487 reli
283 4407 356 4488 uiae
383 4403 433 4488 ad
461 4433 649 4519 magnum
681 4407 690 4426 '
726 4405 781 4489 ud
807 4403 898 4489 bilis
929 4400 1219 4488 emunblorium
1250 4395 1422 4485 serantur
1433 4462 1447 4507 ,
1476 4407 1518 4485 bt
1547 4409 1624 4514 per'

180 4431 283 4604 illud
303 4513 554 4616 eliminentur
573 4515 597 4624 ὲ
617 4543 814 4632 corpore:
836 4545 920 4628 quae
940 4511 1100 4627 quidem
1119 4515 1246 4629 praxis
1258 4511 1358 4622 licet
1376 4511 1424 4598 ab
1441 4515 1618 4600 instituto

181 4656 325 4714 nature
352 4627 597 4742 aliquatenbs
626 4628 776 4716 diversa
801 4629 1009 4736 videatur,
1043 4652 1110 4713 aut
1135 4627 1184 4711 ab
1212 4655 1264 4714 eo
1297 4627 1452 4736 aversa,
1482 4652 1628 4711 tamen·

184 4743 454 4878 perspirationi
475 4742 640 4859 supplet.
663 4747 711 4832 In
731 4739 808 4856 qud
827 4742 988 4856 quidem
1008 4740 1205 4826 methodo
1224 4739 1437 4826 secundum
1459 4741 1621 4854 Hippo*

181 4883 300 4946 cratae
324 4863 368 4946 δι
392 4857 588 4948 smeoru
611 4859 800 4978 dogmata
821 4860 924 4951 tatio
947 4855 1190 4974 aliquatenus
1209 4857 1480 5055 temppslptum
1498 4873 1630 4966 atque·
