4188 5916
669 434 1164 530 curnnarn
1562 466 1647 557 a,

209 607 329 714 atque
351 601 432 688 hirc
457 605 499 686 dt
520 597 619 688 illirc
639 605 808 719 vagandi
830 602 1305 691 facultate-abundantior
1327 608 1445 722 copia
1468 608 1654 696 demonsA

210 739 363 822 tretur,
389 717 419 798 fi
441 716 621 801 crassitiei
646 717 842 803 elementa
860 723 902 803 in
923 722 1034 804 omni
1054 723 1217 833 herpere
1234 719 1424 806 latitantia
1447 749 1652 808 attenuan-

210 829 312 912 tium
336 856 453 940 arque
472 832 729 943 aperientium
750 831 862 916 usum
885 833 1086 938 indicent,
1106 862 1304 943 nunquam
1327 833 1439 938 hujus
1457 837 1654 922 facultatis

212 939 503 1026 medicamenta
520 941 817 1060 multiplicanda
834 946 944 1051 sunt,
966 949 1061 1055 quin
1079 944 1192 1027 simul
1210 947 1462 1059 purgantibus
1484 950 1550 1032 illa
1570 951 1657 1034 mis·

213 1082 389 1138 ceantur.
406 1051 570 1170 Quipple
586 1057 747 1173 sumptis
764 1055 812 1140 ab
827 1058 1116 1173 Hippocraticai
1129 1057 1306 1142 doslrind
1320 1061 1551 1170 vocabulis,
1572 1089 1655 1148 tut·

214 1168 414 1282 gescentia
432 1170 510 1251 srve
531 1169 733 1283 orgasmus
754 1171 883 1277 adest,
906 1180 948 1254 dr
968 1169 1119 1254 tardare
1137 1174 1178 1254 in
1196 1168 1338 1254 talibus
1358 1173 1518 1257 malum.
1538 1205 1544 1216 ·

271 1281 364 1365 Nec
389 1307 520 1364 tamen
542 1284 595 1365 ita
615 1311 677 1366 res
698 1284 928 1397 accipienda
952 1285 1036 1390 est,
1063 1285 1170 1393 quast
1188 1281 1310 1368 libeat
1335 1290 1543 1374 temeratio
1566 1318 1658 1403 pur·

214 1396 348 1506 gantia
375 1399 416 1476 dr
437 1398 677 1480 attenuantia
697 1423 907 1510 oggerere,
930 1393 1160 1505 malumque
1189 1395 1391 1482 cumulare
1411 1403 1657 1512 pharmacis,

212 1509 345 1620 potios
375 1503 493 1616 quam
517 1506 714 1593 medicinal
742 1509 918 1622 aggredi.
951 1506 1033 1592 Sed
1060 1513 1153 1592 cum
1182 1506 1414 1623 plerumque
1443 1541 1512 1626 per
1567 1543 1657 1598 aro-

212 1619 401 1730 xysmos,
425 1620 504 1702 five
527 1621 721 1736 periodici
746 1623 820 1706 stnt
845 1619 932 1728 illi,
958 1622 1037 1706 srve
1060 1624 1242 1728 erratici,
1269 1620 1421 1708 soleant
1444 1545 1658 1714 istiudrrodi

211 1731 396 1848 herpetes
413 1733 645 1818 reviviscere
664 1742 704 1818 dt
722 1737 915 1848 impemm
928 1760 1147 1839 renovare,
1166 1737 1261 1840 stet,
1285 1764 1353 1850 per
1371 1766 1444 1820 nos
1457 1737 1575 1844 licet,
1592 1741 1658 1824 sua

214 1849 432 1956 unicuique
470 1845 708 1957 paroxysmo
740 1849 876 1930 costio
890 1906 905 1952 ,
936 1872 1012 1928 nec
1042 1847 1111 1928 nist
1139 1873 1209 1961 per
1246 1848 1450 1932 intervalla
1478 1852 1657 1940 fortioris

213 1957 473 2042 admoveatur
487 1957 767 2044 medicamenti
780 1959 972 2042 efficacia.
983 1958 1343 2043 Vacuumautema
1358 1963 1661 2051 medicamentis

214 2093 371 2184 tempus
385 2071 531 2154 teratur
544 2074 585 2153 in
600 2061 835 2158 diluentium
847 2068 918 2155 usu
932 2069 1348 2183 refrigerandumque,
1364 2077 1448 2159 imo
1464 2084 1506 2160 dt
1521 2075 1659 2162 sedan-

214 2187 344 2288 tium,
366 2183 497 2266 donec
507 2245 521 2287 ,
547 2209 756 2294 antequam
772 2187 924 2268 curatio
944 2180 1123 2268 absolute
1140 2189 1293 2298 perada
1312 2186 1385 2292 stt,
1407 2185 1542 2273 saltem
1561 2190 1656 2276 mali

214 2297 437 2410 progressus
455 2300 599 2403 averti,
620 2324 737 2406 atque
759 2295 961 2410 compesci
981 2299 1164 2410 potuerit.
1190 2297 1310 2380 Tunc
1334 2304 1441 2384 enim
1462 2308 1597 2385 omnia
1613 2308 1657 2390 in

215 2415 394 2494 nativum
408 2408 589 2493 ordinem
603 2412 873 2516 restituuntur,
890 2407 1170 2523 supersuntque
1181 2405 1384 2521 generales
1396 2413 1661 2528 indicationes

214 2521 490 2636 adimplendae.

272 2639 330 2719 At
356 2631 425 2718 ubi
454 2663 548 2717 cum
579 2631 865 2748 phagaedenicis
895 2658 1013 2745 atque
1041 2631 1320 2758 phlysioenosrs
1353 2632 1548 2749 agendum
1580 2641 1660 2746 est,

215 2771 315 2834 tunc
343 2744 452 2831 nulla
478 2748 530 2831 est
554 2775 639 2855 quae
666 2774 747 2828 non
774 2741 925 2830 summa
954 2748 1044 2830 artis
1074 2772 1232 2859 expetat
1259 2746 1402 2831 auxilia
1428 2748 1660 2838 medicatio,

218 2862 265 2944 si
291 2858 440 2944 malum
468 2857 628 2970 quidem
655 2858 908 2944 efflorescens
935 2856 1065 2943 adhuc
1092 2862 1286 2973 &parvis
1311 2863 1380 2944 vix
1402 2862 1662 2948 metuendum

217 2976 342 3059 initiis
363 2975 520 3059 daretur
545 2975 796 3087 opprimere,
820 2970 877 3056 nil
905 2969 1044 3056 melius
1072 2970 1193 3057 soret.
1221 2975 1278 3056 At
1301 3001 1346 3056 ea
1371 2972 1544 3058 Medicis
1567 2974 1659 3060 feli·

217 3089 316 3172 citas
334 3091 425 3171 raro
436 3088 645 3198 contingit.
668 3087 862 3169 Intumuit
875 3089 977 3169 intirs
1001 3081 1170 3191 malum,
1194 3083 1402 3195 antequam
1424 3089 1590 3194 emicet,
1616 3097 1660 3174 dc

217 3197 311 3286 leve
338 3201 490 3316 aspedlu
519 3225 638 3311 atque
669 3201 814 3283 intuitu
843 3227 981 3312 parum
1018 3222 1170 3286 attento
1200 3196 1311 3282 brevi
1345 3197 1491 3282 indolis
1521 3203 1662 3284 nativae

218 3313 442 3419 ferociam,
468 3313 563 3398 dom
592 3308 661 3395 sub
689 3311 777 3425 ipsrs
809 3309 992 3396 remediis
1021 3310 1203 3396 efferatur
1235 3317 1277 3396 ὃ(
1309 3309 1541 3418 invalescit,
1569 3313 1662 3398 saris

218 3428 382 3512 indicat.
416 3425 585 3511 Scilicet
606 3421 810 3510 vellicatio
836 3427 975 3539 ingens
1007 3431 1049 3506 or
1082 3426 1252 3538 pruritus
1278 3426 1452 3508 enormis
1480 3426 1522 3506 in
1551 3424 1662 3510 malo

218 3544 288 3626 vix
307 3565 444 3622 notam
465 3542 645 3624 inurente
666 3536 919 3623 metuendam
940 3537 1029 3621 satis
1049 3535 1313 3622 demonstrant
1334 3537 1449 3621 nobis
1474 3563 1556 3620 rem
1583 3540 1663 3624 elle

219 3681 316 3737 eum
336 3653 445 3733 hoste
465 3655 682 3755 acerrimo,
701 3651 893 3747 erodente
914 3682 928 3750 3w
950 3658 990 3734 dt
1008 3652 1257 3760 quantumvis
1274 3648 1393 3734 liceat
1409 3649 1588 3737 diffidere
1609 3651 1663 3736 de

194 3760 459 3846 'auxiliorum
475 3765 695 3846 nostrorum
708 3761 873 3868 inertid,
893 3763 1025 3846 tamen
1042 3759 1143 3844 illud
1158 3769 1199 3845 dr
1217 3759 1365 3847 balneis
1386 3771 1426 3846 dr
1447 3761 1539 3844 sero
1550 3760 1661 3849 laslis

219 3873 530 3990 opprimendum
543 3875 596 3958 est
614 3906 626 3954 ε
645 3876 728 3957 imo
743 3877 827 3984 quo
838 3874 999 3989 longior
1018 3877 1070 3960 est
1087 3873 1331 3960 increscente
1348 3883 1389 3958 dt
1407 3871 1661 3960 adolescente

217 3985 328 4074 malo
344 3990 665 4104 preparationum
685 3986 795 4093 usus,
814 3991 893 4099 quo
908 3989 994 4102 plus
1012 3984 1186 4092 balneis,
1208 3988 1394 4070 fomentis
1405 4045 1418 4088 ,
1438 3983 1662 4094 liquoribus

218 4104 302 4188 acri
322 4102 511 4216 oppositis
528 4101 795 4205 decertamus,
817 4104 869 4186 eo
888 4100 977 4216 plus
996 4109 1038 4186 dt
1057 4095 1217 4214 prae‘srdii
1235 4107 1276 4183 dt
1291 4098 1477 4181 efficaciae
1496 4098 1660 4186 afferent

220 4211 443 4300 adhibenda
463 4211 594 4330 posted
615 4221 655 4298 dr
681 4216 893 4329 aperientia
916 4222 958 4298 dt
980 4217 1231 4298 attenuanria.
1263 4208 1345 4293 Sed
1365 4205 1536 4293 laxantia
1555 4241 1661 4321 qua-

218 4356 394 4438 cumque
413 4332 455 4411 in
477 4326 590 4412 usum
610 4326 920 4431 admoveantur,
941 4327 1021 4406 srve
1042 4321 1195 4404 interne
1216 4321 1269 4406 ad
1286 4325 1499 4406 humorum
1522 4351 1662 4438 repur-

252 4443 424 4525 ationem
449 4438 729 4524 &solidorum
751 4435 1018 4538 laxationem,
1044 4434 1123 4517 five
1148 4434 1283 4548 topice
1308 4443 1350 4518 dt
1378 4433 1427 4517 ad
1452 4438 1665 4521 mitifican-¹

220 4471 316 4637 dum
332 4552 415 4638 loci
432 4552 607 4636 morbosa
622 4549 830 4653 ardorem,
846 4546 913 4630 illa
930 4547 1081 4660 semper
1096 4547 1189 4631 huic
1204 4543 1591 4663 obstringendalegi,
1608 4577 1659 4634 ne

187 4697 190 4700 ·
221 4666 317 4776 quid
331 4668 480 4862 liqptici
498 4663 598 4750 intria
611 4663 652 4749 se
664 4660 915 4747 reconditum
932 4660 1105 4766 servent,
1124 4657 1300 4771 alioquin
1313 4659 1534 4777 periculum
1554 4663 1665 4744 soret¹
1774 4703 1775 4708 Ν

221 4805 273 4862 ne
296 4807 368 4892 pro
399 4775 566 4892 igialiter
591 4777 829 4862 incresceret
854 4802 924 4889 per
950 4799 1076 4859 totam
1098 4775 1290 4858 viciniam·
1308 4771 1402 4858 mali
1421 4773 1663 4907 prolongata

220 4892 401 4981 sevities.
417 4895 473 4978 At
493 4889 619 5004 vulgo
635 4895 678 4979 in
699 4894 835 4976 hocce
852 4888 962 4976 malo
982 4885 1091 4977 nulla
1108 4885 1220 4973 datur
1240 4886 1534 5105 findiligqtffiljca
1555 4885 1667 4968 adhi-
