4250 5898
500 433 581 522 5⁹0
930 343 1050 488 'or
1118 397 1486 492 morters

502 602 662 684 orgyae,
685 566 752 656 seu
773 565 876 652 ulna
896 563 1149 650 Hollaudicae
1166 563 1457 682 longitudinem
1470 567 1512 652 su
1567 565 1719 652 raverit
1734 559 1942 652 Accidilse

501 685 603 773 vidit
615 683 715 768 illud
728 685 835 766 Kena
863 679 974 762 serus
986 675 1119 784 juveni
1134 679 1326 765 helluoni.
1347 681 1495 764 Hinca
1536 678 1620 786 ejus
1634 683 1935 794 generationem

501 797 714 916 plurimum
735 823 815 876 con
833 819 920 876 erre
938 792 1066 876 credit
1077 795 1202 876 vidite
1219 797 1259 876 in
1289 791 1437 878 luviem
1453 825 1467 894 ;
1487 797 1542 876 ita
1562 820 1608 878 ut
1627 805 1670 878 bt
1684 794 1832 878 vermis
1850 790 1936 874 lon-

532 913 593 992 ior
614 911 681 1012 stt,
708 915 752 990 dt
776 935 908 1020 partus
936 902 1108 1010 ejusdem
1132 825 1335 989 difficifior
1359 905 1595 1022 corporibus
1622 907 1933 1016 cacochymicis.

501 941 671 1108 lidecur
698 1045 830 1104 autem
865 1046 916 1102 ex
952 1015 1291 1102 observationibus
1319 1023 1487 1104 meroris
1521 1021 1638 1102 nostri
1669 1015 1934 1102 dracunculus

502 1131 643 1252 polypi
665 1159 842 1216 nattrram
867 1128 1063 1216 obtinere.
1092 1132 1202 1216 Nam
1218 1162 1263 1214 ru
1290 1157 1335 1215 to
1352 1160 1488 1217 verme
1507 1130 1608 1238 illo,
1632 1131 1748 1216 ulcus
1771 1130 1935 1240 quidem

502 1245 628 1362 vulgo
650 1275 745 1330 cum
770 1245 921 1358 ingenti
946 1244 1153 1358 putredine
1178 1163 1339 1359 prodit,
1369 1275 1416 1330 ac
1441 1243 1584 1330 dolore
1607 1247 1777 1358 infigni,
1800 1243 1935 1326 donec

505 1390 599 1446 cum
630 1356 725 1442 tabo
756 1357 882 1442 fetido
903 1361 972 1442 vix
996 1356 1160 1469 aliquod
1180 1357 1413 1442 dracunculi
1435 1349 1638 1472 vestigium
1663 1355 1937 1475 deprehenda-

503 1501 592 1579 tur,
618 1475 687 1556 nili
708 1471 818 1584 quod
841 1500 892 1557 ex
915 1469 1013 1556 albis
1032 1469 1114 1554 tabi
1134 1473 1229 1554 striis
1254 1469 1435 1584 colligas.
1464 1473 1556 1554 Imb
1577 1480 1619 1556 bt
1641 1469 1691 1555 ab
1714 1501 1766 1558 eo
1792 1473 1937 1584 impru-

506 1587 660 1670 dentius
679 1613 797 1700 rupto
817 1611 1074 1670 conntmaces
1092 1581 1304 1694 aliquando
1326 1589 1506 1668 oriuntur
1524 1582 1666 1670 fistula.

559 1701 711 1784 Verum
728 1697 940 1810 aliquandi)
953 1725 1089 1811 ruptus
1105 1698 1342 1805 retrocedit,
1367 1705 1409 1781 bt
1419 1759 1433 1802 ,
1453 1698 1688 1812 interpofitis
1710 1693 1849 1780 diebus
1867 1693 1936 1780 ali-

507 1839 635 1952 quot,
658 1809 739 1894 alio
755 1815 797 1895 in
815 1810 915 1895 loco
934 1811 1092 1926 prodit,
1106 1837 1183 1893 nec
1197 1837 1330 1896 tamen
1348 1810 1503 1894 videtur
1521 1810 1619 1894 alius
1638 1811 1750 1896 fuisse
1768 1813 1933 1912 vermis,

505 1955 600 2012 cum
629 1930 869 2035 ceteroquin
900 1923 952 2008 de
983 1927 1179 2008 vermium
1216 1952 1382 2008 numero
1413 1952 1497 2005 non
1528 1925 1689 2007 constet
1725 1923 1936 2034 Contingit

506 2042 615 2124 enim
640 2035 787 2122 codem
811 2035 998 2120 decubitu
1024 2035 1155 2150 plures
1182 2036 1248 2121 edi
1277 2065 1444 2122 vennes.
1479 2033 1560 2119 Uni
1590 2033 1723 2142 juveni
1753 2031 1934 2121 helluoni

505 2149 704 2264 Europaeo
733 2148 871 2234 eduxit
895 2150 1139 2264 Kempfaerus
1166 2177 1236 2263 per
1259 2179 1379 2232 unam
1403 2150 1568 2232 estatem
1590 2146 1850 2233 dracunculos
1879 2147 1930 2232 ad

505 2264 717 2346 minimum
732 2262 903 2363 decem;
927 2261 1138 2372 aliquoties
1150 2291 1233 2346 uno
1245 2261 1379 2346 mense
1391 2286 1469 2345 tres
1489 2288 1539 2345 ex
1554 2259 1698 2346 eodem
1718 2288 1847 2365 crure,
1861 2257 1932 2344 vel

505 2401 677 2488 quatuor
717 2375 947 2490 susceperat
986 2377 1286 2487 Nonnunquam
1324 2403 1374 2460 ex
1407 2375 1554 2458 eodem
1585 2373 1719 2460 ulcere
1751 2377 1934 2487 geminos

505 2487 653 2574 eodem
682 2514 793 2602 partu
825 2487 974 2573 eduxit
1012 2491 1068 2572 At
1101 2487 1203 2572 illud
1236 2487 1386 2572 summe
1422 2487 1652 2602 stupendum
1685 2487 1796 2599 quod
1830 2488 1935 2572 idem

504 2603 642 2684 atteror
672 2599 904 2687 observavit.
941 2601 1105 2684 Accidit
1130 2599 1284 2687 scilicet
1317 2599 1512 2685 interdum
1546 2626 1592 2685 ut
1621 2599 1885 2684 dracunculus
1910 2599 1933 2686 ὲ

504 2739 666 2800 tumore
688 2719 897 2800 nativitatis
919 2715 1162 2829 prodromo,
1188 2717 1230 2797 in
1252 2744 1399 2798 annum
1424 2714 1620 2828 posterum
1646 2715 1727 2798 stne
1755 2714 1932 2830 parientis

418 2883 424 2896 ·
505 2827 774 2914 incommodo
791 2829 835 2911 so
863 2832 985 2934 iantr,
1007 2826 1197 2912 videlicet
1212 2825 1261 2910 ab
1278 2840 1384 2933 aere,
1403 2829 1588 2938 vistuque
1602 2853 1771 2912 mutato.
1796 2827 1933 2912 saneta

505 2938 634 3025 allerit
649 2859 862 3025 tractavisti
877 2942 919 3025 se
936 2943 1133 3025 Armenos
1143 3002 1156 3046 ,
1179 2938 1312 3023 Persas
1321 3002 1336 3046 ,
1353 2937 1579 3024 &batavos
1585 3000 1600 3045 ,
1624 2941 1693 3050 qui
1714 2943 1856 3028 itinere
1870 2966 1934 3056 per

509 3051 774 3138 Ormuziense
798 3051 906 3136 littus
934 3053 1037 3138 sado
1049 3116 1062 3160 ,
1089 3053 1303 3138 vermifero
1329 3052 1477 3138 semine
1504 3053 1727 3162 inquinati,
1760 3053 1932 3164 sequenti

505 3191 641 3268 anno,
663 3161 718 3246 nil
743 3161 881 3248 talium
906 3165 1087 3270 conscii,
1117 3163 1381 3250 dracunculos
1407 3165 1618 3280 peperdre,
1652 3165 1786 3250 alieno
1814 3165 1930 3252 coelo.

505 3275 690 3361 Noverat
707 3278 834 3360 virum
852 3281 916 3382 (a)
942 3279 1010 3386 qui
1027 3279 1231 3388 vestigium
1250 3277 1436 3363 lumbrici
1451 3277 1559 3389 quod
1579 3279 1790 3364 Gamrono
1806 3281 1931 3392 aspor-

505 3411 656 3474 taverat
688 3391 850 3502 gemino
885 3416 989 3471 anno
1026 3387 1206 3503 Ispahani
1237 3389 1436 3498 servaret,
1466 3419 1550 3474 non
1588 3393 1694 3508 priirs
1731 3391 1930 3480 exclusum

506 3497 626 3612 quam
659 3505 778 3587 tertio
814 3529 950 3609 anno,
987 3497 1057 3590 ubi
1094 3501 1217 3602 redux
1251 3505 1294 3588 in
1324 3500 1388 3592 viai
1418 3532 1501 3588 non
1539 3503 1682 3624 procul
1724 3507 1929 3596 Gamrono

505 3611 664 3700 adesset.
1363 3633 1370 3642 “

562 3727 609 3810 In
634 3735 779 3842 genere
803 3723 931 3809 multo
955 3723 1092 3834 majori
1113 3723 1251 3810 labore
1276 3722 1537 3812 dracunculos
1556 3730 1719 3842 parturit
1741 3731 1810 3840 qui
1831 3732 1934 3816 virus

505 3839 548 3928 in
579 3837 695 3924 aliam
726 3842 932 3952 regionem
958 3837 1173 3945 transtulit,
1203 3837 1320 3952 quim
1351 3844 1418 3949 qui
1449 3867 1519 3924 eos
1546 3844 1587 3925 in
1620 3838 1730 3926 coelo
1759 3843 1936 3930 excludit

505 3950 736 4038 vernaculo.
767 3953 878 4036 Aeris
902 3953 1008 4034 enirn
1033 3957 1171 4066 genius
1198 3978 1351 4069 partum
1379 3982 1425 4038 ac
1449 3951 1689 4042 sanationem
1717 3955 1937 4056 accelerat3

506 4071 550 4148 bt
569 4090 659 4150 toto
679 4070 760 4154 hoc
780 4092 960 4180 tempore
978 4093 1060 4146 non
1076 4061 1182 4150 aliud
1198 4091 1297 4178 ager
1311 4068 1478 4176 percipit
1499 4067 1803 4152 incommodum
1819 4065 1942 4180 quam

507 4202 558 4262 ex
576 4203 685 4294 parte
704 4175 841 4262 affesli
849 4240 863 4283 ,
883 4204 1020 4266 caetera
1038 4178 1161 4262 sanus.
1175 4177 1283 4264 xHaec
1295 4178 1537 4298 Kempfaerus
1553 4211 1562 4262 :
1580 4180 1621 4260 in
1634 4177 1776 4288 quibus
1788 4181 1942 4270 notass'e

505 4286 595 4374 satis
618 4291 735 4377 fuerit
759 4316 860 4402 quot
879 4293 984 4374 varia
1009 4297 1050 4374 bt
1078 4289 1226 4376 diversa
1245 4293 1285 4374 in
1311 4289 1560 4375 excludendo
1586 4293 1668 4380 hoc
1691 4291 1943 4380 dracunculo

505 4400 776 4518 phoenomena
802 4431 875 4517 pro
901 4401 1087 4488 locorum
1111 4403 1340 4493 differentiis
1365 4417 1428 4485 aer
1458 4401 1616 4509 afferat,
1645 4407 1739 4490 ciam
1767 4407 1946 4490 dracun2

507 4509 612 4619 culi,
628 4541 672 4598 ut
690 4515 801 4600 anteit
821 4515 968 4598 dietum
983 4517 1055 4620 eli,
1075 4523 1116 4598 bt
1131 4513 1312 4630 Rupellae
1327 4522 1368 4597 bt
1386 4513 1604 4628 Ulylltponi
1621 4515 1672 4620 (b)
1684 4519 1753 4600 vist
1767 4517 1943 4628 fuerint,

381 4675 386 4686 ·
504 4651 581 4716 nec
597 4651 729 4714 tamen
748 4625 860 4716 ullibi
875 4653 1063 4718 terrarum
1077 4655 1312 4750 generentur
1325 4653 1459 4754 preter
1471 4627 1650 4716 Africam
1661 4655 1779 4748 atque
1792 4633 1949 4722 Asnm.

541 4783 604 4948 ldl
621 4783 755 4932 {ebibitis
777 4859 846 4930 obt
865 4863 920 4943 lib„
932 4880 957 4941 5.
974 4861 1080 4932 observ.
1099 4872 1128 4934 6.
