4228 5898
423 338 428 347 x
537 409 1240 504 rnrnooucrro.
1546 441 1601 528 79

174 579 305 703 pallini
317 572 782 690 antiquitatisque&
804 579 914 690 quod
930 577 1177 696 superficiem
1196 582 1299 666 cutis
1315 575 1515 690 lambere,
1533 612 1606 698 po-

174 703 246 782 tiirs
268 690 388 805 quim
410 719 602 777 excavare
615 692 833 778 videantur.

222 808 420 918 Quamvis
432 831 565 890 autem
577 808 688 890 omni
702 833 780 920 ope
792 831 948 917 atqueo
1000 803 1041 892 rai
1051 811 1091 889 in
1102 806 1143 891 id
1157 809 1295 890 enixus
1309 807 1377 890 srm
1390 833 1433 892 ut
1446 809 1609 921 cognita

177 921 273 1038 apud
292 922 443 1028 ¹ueteris
467 917 644 1004 melioris
668 944 771 1002 nota
790 834 999 1005 vocabuiae
1008 920 1057 1005 ad
1081 920 1193 1003 suum
1214 947 1335 1032 genus
1355 919 1606 1029 referrentur,

176 1032 329 1120 fatebor
359 1059 444 1116 rem
493 1039 625 1116 rorsbs
663 1029 871 1118 difficilem
897 1035 995 1116 mihi
1019 1034 1142 1118 visam
1168 1031 1358 1143 simulque
1383 1038 1492 1148 parvi
1518 1066 1621 1120 mo-·

178 1151 315 1253 menti,
326 1063 492 1229 climati
491 1143 622 1261 plures
633 1141 745 1228 srmul
757 1143 1067 1259 pertineantilla‚
1077 1147 1300 1261 polsrntque
1312 1144 1486 1259 pluribus
1498 1147 1610 1234 simul

179 1262 408 1344 convenire.
423 1259 514 1344 Nec
533 1261 658 1343 varias
676 1257 780 1370 apud
798 1257 975 1343 Arabum
996 1257 1119 1344 libros
1141 1261 1357 1344 enormiter
1371 1259 1482 1345 multi
1511 1259 1608 1350 lica·

177 1401 234 1456 tac
258 1399 384 1457 voces
410 1374 474 1455 hlc
502 1371 647 1456 referre
674 1374 806 1484 magni
827 1372 872 1455 stt
892 1375 1118 1478 momenti,
1144 1378 1237 1456 clun
1263 1381 1439 1456 natu'ram
1494 1404 1611 1461 uccm

179 1485 313 1595 sequi,
334 1481 436 1568 &ab
453 1481 674 1570 auctoribus
690 1481 893 1570 observata
914 1515 997 1570 non
1018 1484 1219 1590 enodare,
1234 1483 1303 1569 sed
1318 1511 1402 1570 rem
1417 1514 1462 1570 ut
1478 1485 1611 1573 obser·

180 1599 285 1683 tanti
317 1601 492 1712 apparuit
519 1623 721 1711 exponere
749 1599 963 1682 institutum
994 1599 1072 1698 [ιτς
1102 1597 1223 1682 duces
1252 1595 1409 1682 aliunde
1440 1603 1612 1684 imitatus

154 1779 157 1788 Δ
185 1713 356 1822 optimos
378 1713 447 1820 qui
468 1737 518 1794 ex
543 1707 626 1824 ipsi
656 1707 792 1794 naturi
817 1709 901 1795 suat
927 1708 1219 1796 observationes
1244 1710 1524 1824 desumpserint
1549 1714 1613 1796 iis·
1733 1726 1738 1734 '

186 1851 265 1934 que
286 1823 390 1934 quasi
408 1820 646 1932 fulcimento
666 1825 844 1926 inritum
865 1823 930 1910 sed
950 1823 1047 1939 sape
1066 1826 1234 1908 intuenti
1248 1849 1426 1908 naturam
1441 1824 1613 1910 fulcrum

187 1933 282 2020 illud
302 1935 441 2020 defuit.
1072 2017 1082 2028 ,
1309 1949 1316 1952 “

239 2046 386 2134 Ulcera
406 2050 502 2132 varii
530 2050 685 2162 generis
708 2047 814 2132 nasci
831 2051 873 2130 in
889 2073 979 2131 cute
1002 2045 1125 2162 vulgb
1143 2046 1230 2132 satis
1247 2046 1446 2149 noscitur;
1466 2077 1513 2134 ea
1538 2050 1566 2158 [ι
1592 2047 1614 2136 b

188 2159 300 2246 causi
313 2163 488 2246 oriantur
502 2163 715 2270 exteriori,
731 2189 775 2246 ut
794 2159 958 2246 vulnere
965 2222 981 2264 ,
998 2161 1229 2248 contusione
1238 2222 1253 2265 ,
1271 2168 1351 2246 etc.
1368 2161 1455 2246 satis
1472 2161 1613 2276 perse,

190 2303 269 2358 turn
287 2272 422 2384 quoad
442 2273 599 2380 causas,
613 2300 697 2358 tum
739 2272 845 2358 uoad
855 2273 1116 2386 symptomata
1135 2274 1349 2357 nosctmtur
1360 2335 1375 2379 ,
1397 2276 1466 2358 nisr
1484 2303 1616 2361 tamen

193 2387 364 2496 quadam
385 2385 551 2470 addatur
573 2387 688 2470 causa
709 2305 759 2470 ib
776 2389 932 2471 interno
951 2414 1062 2470 enata
1078 2386 1202 2470 fundo
1222 2416 1306 2495 qua
1319 2388 1406 2499 ipsu
1422 2386 1537 2472 addat
1549 2416 1617 2582 pe·

196 2497 381 2602 riculum;
409 2497 513 2584 unde
535 2501 669 2584 nostrat
694 2499 928 2614 diagnoseos
950 2503 1075 2612 prima
1100 2500 1296 2608 inquisitio
1314 2496 1478 2583 inillud
1498 2500 1548 2587 de
1577 2529 1617 2585 et

197 2601 329 2695 versari
340 2674 355 2718 ,
383 2637 428 2694 ut
446 2609 679 2694 morborum
701 2638 960 2702 cutaneorum
975 2614 1246 2723 phoenomena
1281 2609 1329 2694 ab
1353 2613 1505 2726 aspeiiu
1526 2612 1616 2698 vul-

195 2751 328 2808 nerum
351 2721 585 2837 srmplicium
599 2727 640 2806 in
658 2725 745 2917 ipsis
763 2720 922 2808 latentia
936 2722 1286 2836 deprehendamus.

230 2837 342 2922 Rem
353 2839 552 2920 autemita
564 2835 605 2920 se
619 2837 669 2918 ha
698 2863 763 2920 ere
777 2838 954 2950 augurari
965 2833 1083 2918 sacile
1091 2837 1178 2941 erit,
1195 2836 1318 2945 srquae
1327 2831 1455 2918 levior
1469 2833 1546 2920 else
1557 2837 1617 2924 de·

195 2946 309 3034 bebat
323 2948 456 3064 plaga,
471 2951 613 3033 intuitu
632 2951 761 3063 primo
777 2952 933 3063 gravior
949 2946 1271 3062 deprehendatur.
1282 2949 1390 3031 Nam
1409 2955 1617 3063 proportio

196 3060 313 3146 debet
324 3061 443 3146 inell'e
455 3061 658 3152 certissima
670 3067 770 3146 inter
781 3061 1199 3166 causam&effeilum‚
1213 3063 1281 3143 nisr
1294 3058 1368 3144 alia
1379 3057 1616 3148 subaccidat.

194 3172 343 3262 ilerum
364 3175 460 3290 sape
490 3174 613 3260 latens
627 3179 737 3260 -cutis
759 3178 899 3259 vitium
918 3177 959 3256 in
986 3169 1124 3279 majori
1145 3182 1187 3257 bt
1208 3172 1285 3257 late
1333 3177 1456 3258 atenti
1483 3173 1619 3263 ulcere

196 3317 276 3372 non
311 3287 652 3401 deprehendetur;
678 3287 889 3400 siquidem
921 3313 1016 3400 pure
1043 3287 1240 3399 copiosriu
1271 3205 1458 3371 effluente
1486 3292 1620 3372 omnia

197 3398 308 3484 simul
329 3403 585 3506 emittuntur,
611 3408 651 3484 bt
673 3427 818 3485 exeunt
841 3403 992 3512 impetu
1018 3396 1152 3503 fatto,
1178 3395 1368 3509 silentque
1389 3401 1523 3483 omnia
1545 3399 1621 3484 alia

196 3513 487 3628 symptomata,
516 3513 599 3596 imb
626 3543 709 3622 quae
737 3510 932 3621 vexabant
954 3509 1046 3594 alias
1072 3514 1251 3625 corporis
1303 3535 1403 3596 artes
1426 3511 1619 3624 pustula,

198 3627 474 3740 impetigines,
499 3629 678 3740 herpetes
690 3689 704 3732 ,
733 3628 880 3710 fluente
911 3653 962 3708 co
990 3622 1077 3706 ioso
1110 3651 1231 3736 pure,
1255 3540 1530 3738 plaudentibus
1553 3624 1622 3709 fibi

199 3771 229 3822 a
257 3742 353 3824 rotis
377 3739 637 3837 evanescunt;
663 3763 701 3822 at
731 3735 799 3821 ubi
823 3734 901 3844 jam
930 3654 989 3826 ad,
1001 3738 1230 3820 cicatricem
1258 3761 1422 3848 vergere
1442 3736 1626 3822 videntur

199 3769 358 3955 uiscera,
385 3879 479 3936 tunc
509 3853 653 3934 mirum
680 3852 732 3936 est
756 3875 905 3961 quanta
927 3851 1128 3934 nectantur
1154 3876 1253 3938 verae
1282 3850 1459 3932 cicatrici
1490 3877 1623 3934 morae.

200 3963 417 4054 Retorrida
436 3969 537 4049 fiunt
554 3960 684 4069 labia,
707 3970 843 4076 &pro
865 3964 1017 4046 ratione
1042 3964 1243 4066 humoris,
1265 3986 1332 4044 aut
1357 3959 1545 4070 fungosa,
1561 3987 1628 4046 aut

198 4076 333 4162 scabra
348 4085 390 4162 bt
406 4078 584 4182 duriora,
635 4075 746 4160 uibus
760 4103 830 4190 per
843 4103 965 4160 artem
981 4072 1116 4157 abrasis
1132 4103 1216 4184 quae
1228 4071 1480 4156 renascuntur
1490 4069 1625 4186 pejora

201 4188 287 4275 sunt
312 4197 354 4275 bt
371 4189 394 4274 ὲ
414 4190 540 4274 fundo
563 4105 792 4302 puilulantia
803 4251 817 4294 ,
840 4218 915 4272 orae
934 4187 1195 4295 undequaque
1216 4181 1497 4290 extenduntur,
1514 4188 1625 4272 hiant

203 4299 331 4409 labia,
357 4311 400 4388 bt
420 4302 518 4418 sepe
549 4299 837 4386 interminabile
865 4297 978 4384 ulcus
1010 4301 1160 4398 oritur,
1196 4295 1265 4376 nist
1287 4295 1436 4380 mature
1456 4297 1627 4412 prudent

204 4417 513 4502 reconditiorem
536 4411 772 4502 medicinam
789 4417 948 4496 interna:
963 4409 1083 4495 causae
1099 4403 1332 4492 adhibuerit.

215 4580 220 4588 ·
276 4527 464 4614 Praeterei
482 4525 578 4643 sape
601 4524 650 4609 ad
673 4527 864 4636 margines
894 4531 937 4606 δι
968 4522 1154 4606 viciniam
1175 4545 1301 4604 totam
1323 4518 1445 4634 longe
1470 4520 1628 4633 lateque

209 4647 372 4752 patentis
389 4639 552 4747 ulceris,
571 4641 599 4723 st
620 4635 803 4751 pustulosr
825 4633 939 4720 causa
956 4635 1183 4720 intumuerit
1207 4630 1302 4716 mali
1314 4693 1331 4739 ,
1358 4631 1629 4720 diffundunnrr

208 4751 361 4866 pustula
371 4818 386 4862 ,
415 4753 606 4868 ipsiusque
619 4750 867 4864 superficiem
893 4747 1108 4863 adaugent,
1131 4755 1172 4830 dt
1195 4775 1287 4830 cunr
1303 4741 1446 4831 ulceris
1468 4743 1630 4832 materii

208 4871 435 4954 commixta
468 4895 551 4980 quae
576 4867 681 4980 pribs
706 4863 955 4979 superficiem
974 4865 1075 4948 cutis
1102 4855 1328 4950 lambebant
1352 4857 1507 4976 pinula
1541 4883 1631 4944 eant
