4156 5892
340 471 345 498 ⁴
479 475 561 569 '¹7⁸
925 449 1038 546 DE
1105 437 1471 546 M'oltrl'ls

391 713 393 718 ,
479 623 758 738 quotidianum
787 622 855 731 sir,
886 625 1020 756 etiam·
1038 621 1141 762 apud
1167 647 1241 709 nos
1270 621 1473 756 hodiernis
1497 611 1766 738 temporibus,
1795 617 1921 709 estate

477 737 577 823 ludi
591 763 708 850 atque
722 737 899 822 fervente
912 735 1177 932 humidappe,
1199 761 1283 848 quo
1298 735 1506 852 prasertim
1528 759 1732 850 tempore,
1753 759 1918 822 notante

479 851 543 936 Hi
570 875 762 965 potua-te,
794 848 953 932 sudores
976 847 1018 931 in
1043 848 1084 932 fe
1113 846 1219 934 ribus
1240 851 1446 966 expediere
1470 857 1659 964 oportet,
1687 845 1785 933 tales
1808 851 1920 936 exire

479 882 653 1048 mibares
684 960 851 1078 pustulas
879 961 1109 1046 acredinem
1144 961 1296 1076 semper
1330 962 1548 1048 indicantes
1575 959 1768 1045 summam
1799 981 1919 1074 etque
1975 1005 1980 1010 ·

479 1075 712 1186 volatilem,
733 1077 818 1160 lero
846 1079 1075 1180 remixtam,
1097 1073 1164 1161 sed
1189 1073 1322 1193 saepiits
1345 1073 1433 1189 plus
1456 1076 1617 1160 terroris
1639 1097 1757 1186 atque
1776 1075 1918 1161 fornia

480 1192 590 1275 'dinis
614 1189 854 1293 inferentes,
880 1181 999 1300 quium
1023 1183 1202 1302 periculi.

370 1307 386 1326 ⁸
537 1297 698 1388 Exeunt
721 1299 795 1386 illa
817 1301 868 1384 ad
885 1327 1061 1408 eutem,
1089 1299 1307 1412 aliquando
1332 1319 1415 1384 non
1437 1301 1523 1384 ime
1545 1302 1708 1414 pruritu.
1744 1297 1917 1388 Molitur

479 1411 629 1499 inraret
660 1437 797 1498 natura
831 1417 1061 1526 coitionem
1097 1423 1141 1498 dt
1173 1439 1242 1526 per
1268 1411 1433 1498 sudores
1462 1435 1529 1497 aut
1561 1410 1693 1498 alvum
1730 1411 1917 1500 morbum

477 1551 656 1634 evocat,
695 1525 919 1638 cedantque
953 1523 1135 1643 pullulo,
1168 1530 1260 1637 quia
1289 1525 1458 1612 deseviit
1485 1523 1677 1632 morbus,
1706 1551 1790 1610 non
1819 1533 1916 1614 verb

370 1689 372 1696 ·
477 1641 544 1724 lns
569 1639 831 1748 cellentibus,
862 1640 1042 1725 desaevire
1067 1637 1187 1724 cedat
1209 1635 1291 1724 ille
1374 1696 1377 1702 ·

537 1753 598 1838 Ite
621 1751 724 1868 apud
743 1775 821 1846 rios
837 1754 946 1869 apud
966 1781 1070 1862 quos
1095 1754 1287 1865 regimine
1303 1749 1476 1836 diluenti
1502 1759 1544 1836 de
1565 1749 1717 1836 summe
1741 1757 1849 1837 tenui
1875 1759 1917 1840 in

477 1869 607 1950 acutis
630 1888 768 1950 omnes
784 1892 946 1950 utuntur
966 1865 1142 1971 Medici,
1159 1863 1321 1950 morbus
1344 1863 1507 1948 miliaria
1525 1864 1659 1978 sepiis
1682 1869 1917 1980 tempestatis

477 1977 683 2063 habendus
708 1982 761 2062 el
787 1977 973 2084 morbus,
1003 1977 1121 2089 quim
1140 1973 1308 2086 cujusvis
1328 1975 1484 2062 alteriirs
1512 1975 1647 2060 cause.
1674 1975 1917 2066 Acredinem

477 2115 614 2174 tamen
641 2117 724 2174 non
746 2091 1003 2176 temnendum
1027 2089 1201 2192 indicam
1229 2095 1324 2174 cum
1344 2091 1443 2175 verb
1467 2092 1666 2204 erumpit,
1693 2095 1815 2176 etiam
1838 2097 1918 2182 sure

478 2204 569 2286 ruffi
592 2202 729 2316 praevid
741 2266 755 2311 ‚
783 2207 872 2288 rarb
894 2206 920 2287 fi
943 2202 1158 2288 retrocedit
1175 2205 1372 2287 incautiirs
1387 2201 1497 2286 tussis
1521 2201 1630 2285 illam
1649 2231 1732 2286 non
1755 2211 1916 2324 excipit„

479 2315 606 2400 Secirs
637 2315 822 2401 omnibus
848 2317 979 2400 crudis
1004 2341 1188 2430 apparet,
1219 2313 1403 2400 omnibus
1422 2317 1550 2400 coelis
1571 2317 1783 2402 evanescit.
1812 2319 1914 2404 Prae·

430 2432 431 2440 '
475 2431 586 2511 terei
606 2433 703 2512 verb
727 2455 865 2514 notare
888 2457 971 2512 non
995 2433 1069 2514 erit
1095 2427 1235 2512 inutile
1258 2427 1369 2539 quod
1394 2428 1540 2512 affidua
1566 2431 1664 2511 mihi
1692 2428 1915 2517 observatio

475 2539 783 2654 comprobavit,
818 2541 1003 2654 quasdam
1028 2541 1106 2626 esse
1129 2543 1338 2625 bominum
1367 2565 1520 2624 naturas
1546 2565 1632 2652 quae
1668 2541 1764 2626 huie
1895 2585 1914 2610 ι

474 2655 583 2736 tioni
603 2651 733 2737 mulrb
749 2651 836 2768 plirs
855 2676 1040 2768 pateant,
1061 2651 1179 2765 quim
1193 2651 1288 2739 alie.
1306 2655 1350 2738 N
1353 2657 1420 2737 ovi
1434 2653 1676 2767 Chirurgum
1688 2657 1756 2766 qui
1770 2684 1860 2739 mor
1889 2685 1917 2744 o

475 2763 665 2876 ‘quolibet
697 2765 877 2850 laborare
912 2793 996 2851 non
1028 2769 1153 2882 potest
1182 2770 1276 2876 quin
1312 2763 1454 2852 limiles
1491 2769 1658 2881 pariatur
1686 2771 1914 2881 eruptiones

475 2877 663 2962 miliares.
691 2879 820 2990 Quod
842 2883 883 2961 in
910 2903 1054 2992 genere
1078 2883 1125 2963 iis
1150 2877 1341 2962 familiare
1365 2881 1417 2962 eli
1443 2883 1512 2990 qui
1541 2878 1671 2962 rufum
1693 2881 1734 2962 in
1758 2881 1914 2994 capillis

474 3017 529 3072 ac
546 2988 665 3072 barbi
681 2991 863 3075 colorem
879 2992 1075 3097 referunt,
1101 2989 1261 3074 rutilum
1283 2989 1420 3097 illum,
1439 2989 1581 3102 quibus
1596 2995 1723 3104 gravis
1745 2993 1916 3082 accubat

474 3098 551 3186 sub
582 3100 708 3185 axillis
739 3105 902 3208 lrircus,
930 3111 972 3185 dt
1002 3101 1166 3186 maculae
1195 3100 1329 3187 lurida
1357 3129 1484 3186 totam
1511 3107 1636 3188 cutim
1664 3103 1913 3194 decolorant.

442 3262 444 3270 ι
475 3211 602 3298 Latet
620 3218 665 3297 in
681 3213 857 3300 reticulo
876 3213 1150 3330 malpighiano
1168 3217 1317 3298 -hum'or
1343 3217 1442 3300 acris
1462 3225 1505 3302 dt
1530 3213 1666 3324 olene,
1690 3217 1825 3302 naturai
1848 3221 1916 3306 sub

476 3326 717 3440 specificas,
741 3320 810 3438 qui
828 3355 905 3414 eos
923 3328 1065 3412 miliari
1084 3330 1177 3412 huic
1193 3329 1396 3443 eruptioni
1415 3327 1615 3413 obnoxios
1634 3329 1774 3414 reddit.
1797 3324 1915 3419 Undb

475 3442 601 3523 etiam
618 3465 691 3524 eos
707 3445 920 3555 &anginae
938 3441 1247 3526 inflammatoriae
1266 3449 1310 3525 dt
1387 3444 1418 3538 ri
1448 3443 1667 3526 neumoniae
1683 3471 1730 3526 ac
1753 3443 1915 3534 rudibus

480 3549 684 3637 obnoxios
698 3553 873 3638 maxime
888 3553 1162 3666 Sydenhemus
1177 3577 1294 3664 atque
1348 3471 1578 3640 ominamur
1594 3555 1765 3639 edixere.
1789 3557 1915 3646 Certe

475 3688 552 3748 eos
579 3663 728 3750 morbis
756 3664 834 3751 illis
856 3672 1128 3752 vehementius
1156 3692 1272 3776 atque
1296 3667 1550 3781 periculosrbs
1574 3663 1754 3752 laborare
1777 3665 1913 3756 obser·

477 3774 635 3862 rabitur
653 3776 702 3861 ab
721 3783 878 3863 attentis
897 3783 1076 3896 predicis
1099 3812 1112 3879 3
1140 3781 1224 3866 imb
1244 3786 1285 3864 dt
1301 3777 1350 3862 ab
1370 3782 1451 3864 lroc
1473 3782 1603 3864 textis
1624 3783 1774 3864 mucosr
1793 3809 1835 3866 at
1862 3805 1915 3871 ue

476 3888 638 3975 reticuli
657 3891 807 3975 mucosr
823 3895 922 3976 vitio
948 3891 1040 3978 illos
1058 3896 1178 3978 etiam
1198 3899 1241 3978 dt
1261 3891 1501 4002 frequentiis
1528 3900 1569 3978 dt
1596 3893 1738 3977 diutius
1764 3813 1915 3982 moibib

475 4001 794 4116 quibuscumque
829 4009 1003 4089 cutaneis
1037 4002 1215 4090 laborare
1245 4005 1490 4114 consequens
1514 4009 1601 4113 est,
1631 4006 1659 4088 sr
1691 4004 1823 4090 morbi
1853 4009 1917 4094 illi

474 4139 531 4196 ex
555 4139 696 4198 eorum
725 4143 869 4230 genere
895 4119 969 4202 smt
997 4122 1062 4228 qui
1088 4116 1290 4231 lympham
1316 4143 1436 4228 atque
1462 4118 1589 4201 serum
1611 4121 1805 4204 inficiunt.

538 4227 691 4311 Rarum
720 4233 771 4312 est
798 4229 880 4313 dari
905 4229 1073 4314 'morbos
1100 4235 1153 4314 itt
1177 4229 1306 4314 ferum
1332 4231 1553 4315 inlicientes
1579 4255 1624 4314 ut
1647 4229 1695 4313 ab
1722 4259 1774 4316 eo
1800 4256 1914 4318 extre

478 4337 570 4420 vasa
579 4342 775 4454 stagnante
789 4346 963 4427 oriantur
972 4341 1131 4428 latiores
1144 4340 1401 4458 phlydloenae,
1417 4370 1555 4454 eaque
1566 4343 1781 4458 fimplices5
1796 4371 1915 4454 quan·

481 4455 626 4536 tumvis
648 4457 752 4536 enim
778 4455 978 4540 chronicis
1003 4453 1206 4540 affectibus
1231 4456 1298 4540 iste
1322 4458 1607 4542 terminationis
1630 4451 1773 4542 mddus
1794 4459 1911 4542 fami·

479 4559 586 4646 liaris
614 4565 659 4648 lit
672 4579 686 4670 3
717 4569 783 4649 vix
811 4593 983 4676 unquam
1008 4569 1060 4654 ad
1088 4595 1226 4653 acutos
1255 4572 1436 4684 pertinet.
1467 4569 1626 4652 Etenim
1652 4571 1719 4680 qui
1747 4567 1913 4657 morbus

477 4673 529 4758 ed
550 4674 698 4760 saeviret
717 4674 937 4786 violentid‚
970 4705 1016 4764 ut
1033 4682 1122 4765 vasa
1144 4683 1230 4767 sero
1254 4705 1526 4796 rumperentur
1547 4685 1770 4789 acerrimo,
1800 4682 1914 4768 breui

475 4787 642 4904 peffima
665 4789 903 4902 produceret
927 4792 1199 4908 erysipelarum
1228 4816 1371 4910 genera
1381 4857 1396 4901 ‚
1414 4795 1500 4878 imb
1528 4821 1771 4912 gangrenam
1792 4823 1915 4908 quam

476 4899 607 5018 wlgb
628 4902 668 4986 in
690 4907 817 4990 acrrtis
836 4902 1070 5021 pblydioenre
1082 4905 1164 4992 lllae
1173 4906 1581 4996 densamus-aliunde
1596 4936 1671 5023 per
1688 4907 1913 5000 suminime
