4226 5916
482 397 654 498 ‘45¹0‘
929 307 1050 476 ‘DE
1120 377 1484 474 MORBIS

490 580 637 638 cutem
667 553 863 638 transaetis
897 552 1029 636 morsu
1059 549 1237 657 similes,
1269 555 1311 636 in
1342 549 1560 634 clamorem
1586 547 1751 664 adigunt
1785 583 1794 634 ε
1840 549 1938 636 hinc

488 693 630 781 -partes
659 665 734 749 illst
759 664 1017 779 rhagadibus‚
1043 689 1160 776 atque
1185 663 1323 748 fissuris
1341 693 1459 746 manu
1475 663 1591 750 ,fauts
1617 661 1791 774 undique
1811 664 1936 751 ftiant.

501 779 636 864 'Ardor
662 780 814 895 semper
839 780 956 884 inest,
979 778 1089 862 &ad
1107 780 1285 889 quemvis
1311 774 1546 862 levissimum
1567 775 1756 860 incessum
1776 773 1934 861 exhalat

487 890 648 976 immor
672 891 963 997 olentisstmuss
977 891 1153 976 fervente
1176 885 1323 974 interest
1343 891 1461 972 oestro
1483 915 1670 973 venereo.

559 1003 779 1091 Fatendum
795 1033 927 1089 tamen
941 1007 995 1088 est
1005 1004 1116 1116 qubd
1133 1007 1174 1087 in
1192 1001 1322 1087 morbi
1335 1004 1453 1084 etiam
1467 997 1736 1086 violentissimi
1754 1001 1906 1115 impetu
1916 1062 1930 1108 ‚

501 1117 727 1202 retundatur
749 1115 817 1202 ille
841 1116 1009 1201 multirm
1025 1116 1105 1201 viti
1123 1113 1272 1223 sobrii,
1294 1111 1555 1226 accuratique
1575 1118 1725 1206 acrium
1742 1142 1935 1222 quorum-

484 1257 660 1339 -cunque
674 1231 768 1346 fugi
778 1295 790 1336 ,
805 1231 1011 1315 reviviscat
1024 1233 1170 1336 acritis,
1189 1228 1255 1313 vel
1265 1231 1439 1312 minimo
1457 1230 1498 1310 in
1514 1225 1626 1310 disti
1638 1253 1768 1312 errato
1785 1257 1798 1326 3
1817 1231 1874 1312 ita
1892 1254 1932 1313 ut

433 1367 438 1379 ‘
484 1373 584 1426 'non
604 1373 727 1437 unum
746 1346 912 1428 viderim
933 1371 1051 1452 quem
1069 1341 1224 1446 subito,
1240 1340 1352 1444 velut
1366 1367 1435 1454 per
1454 1337 1676 1424 eleslricam
1696 1339 1928 1449 scintillam,

530 1481 619 1540 otus
639 1461 720 1540 vini
740 1460 967 1541 meracioris
986 1455 1099 1540 iflico
1117 1458 1159 1538 in
1179 1459 1375 1539 cruciatus
1392 1453 1661 1648 pruriginofos
1680 1481 1826 1568 ageret.
1840 1455 1931 1546 Nec

497 1488 598 1653 licet
614 1568 778 1654 morbus
789 1575 828 1653 in
859 1569 1046 1675 ravesca't,
1063 1577 1105 1654 br
1119 1566 1332 1652 invalescat
1344 1593 1397 1651 co
1412 1596 1463 1651 or
1476 1569 1578 1650 cutis
1593 1564 1706 1656 aliter
1722 1565 1842 1678 quiam
1857 1599 1929 1656 ma·

484 1676 589 1766 -cula
612 1681 713 1766 flava
729 1686 771 1765 in
796 1601 958 1766 rubrum
973 1708 1162 1796 vergente
1183 1681 1377 1766 disfinfilus
1396 1682 1460 1763 est.
1476 1677 1623 1763 Nullus
1640 1677 1804 1788 lichen,
1823 1682 1927 1772 nulla

485 1800 620 1880 *crusta
631 1857 646 1900 ,
674 1798 742 1878 nist
769 1819 901 1880 tamen
929 1795 1165 1905 istequenti
1192 1793 1342 1908 scalptu
1367 1793 1577 1908 epidermis
1598 1795 1682 1876 citb
1703 1801 1929 1884 renovanda

485 1907 720 2014 secesserit,
745 1909 813 1998 sed
834 1907 976 2021 rugosa
1002 1909 1068 1990 hic
1088 1912 1196 1991 eutis
1217 1915 1259 1990 bt
1281 1906 1390 2018 quast
1408 1906 1571 2020 crispata
1595 1903 1689 1990 mali
1710 1907 1925 2022 diagnostm

492 2022 723 2112 evidentem
744 2018 872 2104 oculis
894 2013 1069 2104 exhibet.
1097 2021 1215 2104 Virus
1242 2021 1307 2102 hic
1333 2019 1545 2132 deponitur
1566 2046 1657 2102 acre
1680 2054 1691 2101 ε
1716 2049 1766 2104 an
1789 2050 1924 2109 excre-

497 2161 676 2218 mentum
700 2161 911 2243 venqreum
938 2139 952 2215 i
978 2136 1044 2228 An
1065 2133 1264 2248 spermatis
1284 2135 1407 2217 vicini
1422 2135 1529 2214 &in
1544 2131 1725 2216 veficulis
1745 2133 1815 2221 fibi
1833 2165 1931 2250 proa

495 2250 588 2360 priis
615 2248 881 2331 fermentantis
904 2246 1105 2329 tinilurai
1133 2245 1348 2330 Ut'vicinae
1376 2246 1512 2329 vesrcae
1540 2243 1664 2346 fellea
1693 2273 1820 2360 partes
1849 2247 1923 2334 bile

488 2360 611 2444 'viridi
631 2363 844 2474 tinguntur.
874 2359 997 2444 Certe
1012 2363 1080 2443 vix
1100 2359 1236 2442 credas
1253 2355 1302 2442 ab
1320 2361 1543 2470 integritate
1565 2385 1793 2443 caeterarum
1811 2363 1921 2447 func-

493 2476 652 2556 tionum
687 2471 835 2583 aliquid
867 2473 968 2556 adeb
994 2470 1179 2556 virulenti
1208 2475 1274 2554 hic
1308 2471 1467 2586 deponi.
1506 2473 1598 2555 Nec
1624 2477 1830 2586 prognofis
1857 2504 1922 2590 per

487 2586 536 2670 se
564 2584 710 2669 funesta
732 2615 908 2696 unquam
932 2587 1009 2670 effe
1036 2586 1190 2700 potest,
1218 2585 1287 2667 nist
1311 2583 1332 2666 i
1356 2585 1551 2693 frequenti
1575 2583 1766 2698 scalpturis
1791 2588 1921 2676 semen

486 2701 612 2784 etiam
637 2699 879 2807 frequentiis
903 2699 1136 2782 effundatur.
1165 2699 1265 2807 Quo
1284 2702 1325 2779 in
1345 2697 1435 2780 casu
1458 2703 1550 2779 cirm
1571 2723 1767 2813 repetatur
1789 2701 1920 2816 sapitis

488 2809 747 2896 indomabilis
765 2816 957 2926 pruritus,
974 2815 1142 2928 repetito
1160 2813 1280 2894 ctiam
1295 2811 1465 2915 effitnru,
1487 2807 1596 2894 tabes
1618 2809 1776 2894 dorsalis
1799 2817 1840 2896 in
1855 2811 1920 2920 ju-

485 2923 673 3008 nioribus
697 2925 862 3008 accedet
875 2985 890 3031 ‚
918 2923 1027 3032 cujus
1050 2922 1270 3038 periculum
1293 2927 1431 3038 ingens
1455 2922 1632 3007 insimili
1654 2923 1759 3008 malo
1783 2927 1920 3014 vidisse

485 3041 761 3122 «sanemini.
784 3039 845 3121 'At
871 3034 1014 3151 longus
1039 3043 1081 3120 bt
1108 3038 1312 3121 diuturnus
1337 3034 1498 3119 morbus
1519 3038 1599 3144 est,
1628 3046 1670 3121 bt
1693 3037 1791 3122 licet
1816 3036 1919 3148 juve·
1996 3092 2006 3117 .

486 3149 610 3232 {nibus
624 3213 639 3257 ,
666 3150 851 3260 castisque
878 3148 1013 3260 aliquo
1039 3151 1164 3234 modo
1189 3149 1321 3265 saepiirs
1349 3149 1533 3257 accidat,
1562 3179 1645 3233 non
1673 3177 1807 3236 tamen
1834 3157 1917 3240 rarb

485 3259 607 3346 'iilum
618 3259 842 3348 observasse
858 3267 1029 3376 contigit
1042 3268 1083 3346 in
1097 3262 1240 3347 vetulis
1255 3269 1297 3346 bt
1319 3261 1495 3364 anubus;
1515 3261 1620 3346 undb
1638 3267 1796 3374 utrique
1813 3268 1915 3354 sexui

482 3373 690 3486 *aqualiter
713 3374 1003 3490 propudiosus‚
1031 3375 1292 3460 renovabatur
1317 3380 1359 3459 in
1381 3375 1560 3460 extremi
1583 3375 1651 3460 ills
1677 3403 1790 3463 atate
1814 3382 1915 3466 circi

485 3503 620 3602 partes
645 3487 844 3597 ulcerosas
869 3491 1034 3602 flagrans
1064 3488 1223 3598 libido,
1254 3519 1337 3573 non
1363 3487 1576 3596 durabilis,
1605 3517 1688 3574 non
1714 3492 1914 3578 effesiibrrs

486 3601 673 3716 predita,
696 3599 770 3698 ‘sed
794 3605 847 3686 ita
871 3601 1048 3688 violenti
1071 3607 1111 3688 vi
1134 3608 1539 3687 nemoeconcunens
1551 3664 1566 3708 ,
1589 3629 1636 3686 ut
1659 3603 1752 3688 inde
1775 3611 1912 3691 mentis

484 3711 572 3909 qaia
591 3717 695 3799 acies
718 3711 1012 3822 obscuraretur,
1028 3724 1069 3800 bt
1085 3721 1125 3799 in
1144 3715 1399 3802 deliramenta
1406 3714 1700 3824 conjicerentur
1711 3719 1912 3804 miserrimi

510 3851 626 3934 enee,
651 3826 866 3912 ridentibus
887 3833 1064 3914 ministris
1077 3827 1265 3943 dilapsam
1285 3833 1328 3912 in
1343 3833 1494 3914 cineres
1513 3829 1655 3916 facem.

546 3940 704 4024 Malum
722 3941 822 4026 verb
841 3939 967 4047 illud,
987 3939 1083 4026 licet
1103 3948 1242 4027 mortis
1268 3969 1417 4026 metum
1436 3971 1519 4025 non
1535 3939 1703 4048 injiciat,
1724 3942 1765 4027 se
1783 3971 1909 4028 tamen

484 4052 641 4247 negligi
662 4085 744 4139 non
770 4055 868 4138 srni'r.
891 4055 1041 4166 Ecquis
1060 4058 1167 4139 enim
1194 4059 1370 4138 maximo
1393 4059 1520 4172 pretio
1535 4081 1732 4139 tormenta
1746 4055 1815 4140 illa
1832 4086 1909 4140 non

485 4191 532 4248 re
561 4168 723 4252 'mereti
739 4168 856 4252 Unde
874 4192 937 4251 tot
956 4168 1131 4252 tenredia
1146 4165 1356 4276 jassantur,
1378 4194 1441 4254 tot
1460 4169 1640 4252 methodi
1656 4165 1906 4276 adhibentur,

483 4305 653 4473 quarum
672 4279 885 4365 utilitatem
904 4279 1060 4366 facilius
1075 4285 1150 4367 erit
1163 4281 1409 4396 expendere,
1425 4284 1453 4365 st
1473 4282 1580 4392 quod
1602 4279 1652 4366 de
1678 4285 1799 4367 causis
1818 4281 1906 4366 mali
2020 4299 2027 4308 '

505 4391 630 4474 cimus
648 4391 810 4506 passim
830 4394 1161 4510 perpenderimus.
1183 4393 1265 4480 Vul
1292 4397 1321 4477 b
1342 4397 1499 4479 assessus
1521 4392 1590 4478 ille
1611 4397 1711 4494 inter
1731 4397 1907 4512 herpetet

484 4515 740 4616 frunseratur·;
752 4506 882 4622 -reipsst
897 4533 1029 4592 tanen
1044 4507 1186 4591 naturi-
1202 4426 1335 4593 dbfssrt
1354 4507 1402 4591 ab
1423 4505 1676 4623 herpetibus3
1697 4535 1779 4590 non
1803 4511 1904 4592 enim

482 4621 823 4727 communicatur,
841 4621 913 4704 sed
929 4623 1013 4705 hoc
1033 4622 1196 4732 quisque
1209 4619 1284 4706 'stbi
1306 4622 1458 4706 servat:
1480 4631 1572 4704 cum
1585 4625 1697 4705 enim
1717 4622 1905 4730 quotidie

484 4757 582 4816 num
610 4731 655 4812 stt
677 4755 723 4813 ut
755 4735 795 4816 in
826 4735 1008 4818 festinas
1039 4739 1179 4820 acriter
1203 4739 1435 4824 invehantur
1453 4739 1531 4846 qui
1558 4763 1609 4820 eo
1637 4733 1901 4838 ariethinus,

480 4843 631 4934 nullam
656 4867 790 4930 tamen
816 4847 865 4931 de
894 4851 1259 4940 communicatione
1281 4853 1429 4938 merito
1457 4873 1769 4960 conquerentem
1798 4847 1901 4934 novi.
