4186 5908
468 435 553 520 '250
913 407 1020 499 DE
1085 399 1452 496 MORBIS

473 571 560 658 cati
572 575 717 662 virtute
731 575 994 692 mucilaginea
1008 575 1136 681 lenia,
1150 605 1242 660 cum
1254 569 1416 689 quibus,
1429 570 1498 656 ubi
1511 567 1625 655 simul
1638 563 1911 679 efferbuerint,

473 687 670 775 adhaerent
698 689 859 775 illorum
887 694 1050 775 virtutes
1062 751 1078 796 ,
1108 688 1241 800 sthue
1271 691 1415 774 certius
1442 685 1493 770 ad
1518 682 1646 799 ipsum
1673 689 1910 802 perveniunt

471 801 702 916 sanguinem
730 831 877 888 mutata
908 807 1065 911 minias,
1099 803 1304 913 rursbsque
1332 805 1451 886 etiam
1479 800 1606 917 princi
1634 800 1681 884 iis
1711 798 1909 913 sangtdnis

472 915 670 1002 adhaerent
689 919 863 1002 intimilrs
873 983 887 1025 ,
912 924 954 1002 bt
976 949 1068 1002 cum
1092 914 1170 1002 illis
1189 915 1331 1002 meliiu
1357 913 1582 999 miscentur.
1657 939 1773 998 enem
1795 910 1909 998 illam

469 1033 725 1144 mucaginem
740 1028 1098 1144 praebentvitulinae
1108 1093 1122 1138 ,
1138 1026 1340 1146 pullorum
1363 1025 1676 1142 gallinaceorum
1696 1034 1737 1112 dt
1757 1030 1908 1140 agnina:

474 1171 623 1228 carnes.
638 1143 747 1227 Tum
762 1143 946 1230 divitibus
961 1143 1224 1256 obtruduntur
1234 1141 1458 1249 testudines,
1474 1138 1746 1225 demulcentes
1762 1141 1909 1226 eximie

472 1252 586 1339 stmul
600 1263 640 1339 bt
654 1253 912 1371 abstergentes
932 1291 944 1359 3
965 1255 1159 1344 leniorem
1177 1258 1201 1342 ὲ
1218 1261 1320 1341 ranis
1332 1254 1496 1340 succum
1509 1252 1759 1338 obtinemus:
1781 1256 1909 1339 crassi-

471 1371 568 1451 tiem
580 1397 629 1454 ex
658 1368 818 1454 robrant
829 1370 887 1455 illi
896 1375 963 1483 qui
974 1365 1485 1456 excochleis&limacibus
1496 1367 1906 1456 terrestribuseruitur.

471 1478 550 1566 His
567 1399 716 1568 addirnt
735 1484 885 1570 radices
900 1483 1047 1600 lapathi
1070 1488 1176 1569 acuti
1195 1482 1425 1570 &aliorum
1444 1479 1660 1593 oxalydum
1680 1511 1764 1592 quae
1783 1480 1909 1567 bilem

471 1591 563 1710 plus
589 1595 673 1681 aliis
697 1598 930 1684 humoribus
953 1597 1194 1706 sollicitant,
1223 1605 1266 1684 bt
1288 1597 1440 1682 radices
1468 1597 1521 1679 src
1545 1595 1665 1678 dietas
1690 1626 1711 1680 a
1740 1600 1910 1694 trientes

469 1736 556 1818 quae
570 1713 690 1794 urinae
703 1714 784 1796 vias
800 1711 994 1827 praecipue
1008 1710 1078 1796 srbi
1092 1709 1272 1825 seligunt.
1293 1713 1330 1794 A
1358 1714 1408 1816 ii,
1428 1707 1678 1825 petroselini,
1700 1625 1907 1819 sdeniculi,

471 1817 648 1906 bardanae
661 1884 676 1929 ,
697 1825 952 1939 tragoselini‚
976 1825 1247 1910 scorzonnerae
1273 1741 1424 1908 radices
1450 1821 1536 1938 plus
1563 1825 1646 1906 vias
1672 1821 1909 1911 sudoriferas

470 1935 652 2022 affedare
674 1936 871 2024 dicuntur.
905 1939 1115 2024 Corticem
1136 1936 1368 2053 cappatidos
1390 1935 1552 2020 laudant
1578 1934 1668 2040 alii,
1698 1935 1764 2020 alii
1782 1943 1908 2026 varias

470 2049 623 2134 radices
655 2047 841 2165 lignaque
874 2051 1015 2164 quibus
1051 2053 1201 2136 scatent
1232 2053 1409 2135 sudores
1441 2084 1449 2132 :
1486 2046 1830 2162 folia'seliguntur
1857 2081 1907 2138 ex

468 2161 656 2248 nasturtio
677 2171 718 2248 bt
734 2166 938 2252 cruciferis
950 2163 1266 2280 vegetabilibus,
1296 2164 1324 2246 st
1345 2193 1428 2247 non
1448 2192 1493 2248 ea
1516 2161 1849 2250 dissuaseritaestus
1865 2175 1908 2252 ὃ(

469 2276 588 2360 ardor
603 2293 709 2394 atgro'
721 2280 873 2364 innatus
891 2311 904 2381 3
929 2279 983 2362 srn
999 2284 1127 2363 minias
1135 2343 1149 2386 ,
1168 2280 1380 2383 amariora,
1398 2305 1442 2362 ut
1452 2278 1617 2361 fumaria
1624 2340 1639 2383 ,
1655 2302 1881 2364 taraxacum
1890 2343 1905 2390 ,

471 2388 651 2475 cichoria
679 2389 849 2507 palmam
881 2397 1029 2478 caetetis
1056 2394 1289 2526 praeripiunt.
1325 2393 1519 2476 AEstuanti
1547 2388 1749 2501 liquorum
1778 2393 1906 2480 indoli

469 2503 679 2590 medentur
701 2503 933 2620 borraginea
952 2505 1020 2590 illa
1034 2535 1119 2618 quae
1138 2532 1282 2592 nrtratae
1295 2503 1434 2620 planta
1448 2504 1573 2618 vulgo
1588 2504 1680 2588 idei)
1694 2503 1905 2617 dicuntur,

472 2618 582 2728 qubd
598 2621 637 2702 in
651 2622 697 2704 iis
713 2617 925 2704 combustis
945 2621 1045 2705 fusto
1060 2647 1179 2731 atque
1197 2623 1301 2704 nitro
1324 2615 1456 2702 similis
1474 2618 1704 2732 deflagratio
1729 2617 1908 2707 obtinea-

470 2756 548 2816 tur.
561 2731 638 2817 His
651 2731 835 2818 omnibus
851 2733 1045 2819 adduntur
1056 2739 1161 2820 varia
1172 2764 1246 2850 pro
1260 2761 1302 2816 re
1316 2731 1404 2816 natal
1419 2735 1628 2846 pharmaca
1644 2730 1777 2839 salina,
1794 2765 1906 2822 nunc

468 2842 543 2929 bili
554 2847 716 2953 cienda,
733 2877 838 2932 nunc
851 2848 1037 2962 augenda
1047 2851 1246 2932 urinarum
1257 2845 1616 2932 secretionidicata.
1632 2843 1745 2953 Hac,
1755 2845 1820 2932 vel
1832 2848 1904 2935 illa

471 2983 540 3039 aut
562 2962 788 3043 constitutio
804 2963 923 3072 agri,
948 2989 1015 3045 aut
1030 2959 1241 3077 ventriculi
1260 2987 1377 3071 atque
1393 2961 1605 3075 primarum
1621 2962 1770 3044 viarum
1788 2963 1907 3050 status

468 3067 661 3170 suadent;
685 3073 1006 3182 quandoquidem
1027 3105 1134 3158 nunc
1159 3073 1314 3189 prodest
1332 3070 1410 3157 sale
1434 3076 1670 3159 amaricante
1692 3071 1905 3189 anglicano

470 3207 540 3266 aut
566 3180 768 3268 sedlizensr
796 3183 929 3268 alvum
953 3185 1210 3299 proturbare,
1235 3217 1341 3271 nunc
1372 3184 1591 3273 admirabili
1618 3184 1906 3300 glauberiano,

471 3321 539 3384 aut
564 3294 649 3410 ipso
675 3299 780 3382 nitro
806 3298 854 3383 ad
878 3303 1006 3384 urinas
1027 3304 1219 3417 impetum
1244 3302 1346 3386 serre
1358 3363 1372 3408 ‚
1395 3331 1501 3386 nunc
1527 3326 1672 3385 tartaro
1699 3302 1906 3390 vitriolato

444 3517 446 3524 Ι
471 3411 693 3496 intimiores
706 3439 856 3498 meatus
868 3412 1060 3515 reserare3
1076 3415 1221 3531 quippe
1237 3417 1304 3498 hic
1320 3418 1444 3531 magis
1462 3418 1690 3502 immutatus
1709 3415 1811 3502 intri
1823 3419 1908 3506 san·

470 3526 633 3638 guinem
655 3525 849 3634 defertur,
872 3535 914 3611 bt
938 3525 993 3612 ibi
1013 3529 1155 3614 diutiits
1175 3525 1358 3644 pererrat.

526 3635 714 3724 Praetereai
733 3644 830 3726 verb
848 3641 955 3726 hunc
977 3643 1087 3727 usum
1113 3671 1182 3760 per
1205 3641 1375 3759 plurium
1395 3641 1548 3726 dierum
1571 3641 1775 3730 intervalla
1791 3674 1833 3733 re
1861 3676 1906 3734 e-

468 3753 585 3836 titum
607 3756 729 3838 moris
758 3755 811 3838 est
838 3757 1061 3842 catharticis
1095 3755 1374 3842 aduosroribus
1413 3759 1599 3842 intertum
1630 3785 1696 3842 ere
1708 3821 1723 3864 ,
1761 3679 1906 3869 quilus

468 3891 598 4058 partes
627 3863 975 3953 &medicamentis
1004 3869 1082 3956 illis
1107 3873 1210 3956 intra
1234 3871 1463 3986 sanguinem
1491 3788 1681 3978 admilsae,
1709 3871 1905 3986 stmulque

498 3977 617 4065 iliosae
645 3980 854 4067 solutiores
885 3983 1043 4067 redditae
1075 4011 1321 4091 vacuentur,
1353 4013 1583 4095 novumque
1617 3982 1755 4068 locum
1786 3993 1904 4076 novis

465 4090 769 4182 succedentibus
792 4093 964 4210 partibus
984 4099 1170 4213 psallent.
1199 4096 1280 4202 Sed
1302 4100 1386 4211 post
1409 4095 1571 4181 illorum
1592 4093 1904 4188 medicaminum

468 4203 602 4311 usum,
619 4213 738 4293 etiam
753 4210 1071 4297 delitescentibus
1088 4214 1255 4294 omnino
1270 4237 1388 4319 atque
1404 4215 1572 4316 curatis,
1593 4239 1638 4295 ut
1653 4211 1811 4298 videtur
1818 4279 1833 4324 ,
1851 4215 1905 4300 li-

469 4317 682 4428 chenibus,
700 4354 782 4408 non
799 4326 890 4411 ideb
906 4330 1035 4412 omnis
1055 4355 1150 4410 cura
1166 4325 1355 4410 Medicos
1374 4326 1525 4440 effugit.
1547 4325 1774 4411 Videndum
1792 4331 1904 4416 enim

467 4431 522 4514 est
536 4460 585 4513 an
606 4433 736 4548 aliqua
753 4435 871 4523 lateat
889 4441 1035 4526 acredo
1055 4440 1104 4526 ad
1122 4469 1244 4556 genus
1263 4443 1470 4553 cognitum
1492 4439 1714 4547 referenda,
1731 4470 1904 4556 eamque

466 4542 490 4628 ὲ
511 4569 625 4658 tergo
643 4550 793 4662 insequi
810 4553 964 4640 necesse
985 4559 1050 4640 est.
1075 4555 1195 4662 Nec,
1221 4558 1398 4668 quamvis
1423 4580 1599 4637 naturam
1618 4555 1905 4668 particularum

462 4661 615 4742 acrium
641 4660 665 4746 ὲ
676 4667 854 4856 phyficis
879 4672 1128 4782 praecognitis
1156 4669 1414 4756 determinare
1440 4664 1676 4780 impossibile
1702 4669 1777 4777 stt,
1804 4671 1905 4758 ideb

462 4799 596 4860 tamen
624 4774 673 4860 de
690 4780 904 4890 perandum
938 4783 989 4866 est
1023 4779 1171 4894 aliquid
1197 4787 1263 4868 hic
1291 4785 1389 4868 certi
1418 4781 1607 4887 edoceri,
1635 4781 1663 4866 fi
1690 4779 1741 4868 ad
1765 4783 1906 4918 symp-

460 4913 610 4980 tomata
630 4919 714 5006 qua
739 4891 866 5004 hanc,
888 4895 954 4991 vel
976 4892 1085 4982 illam
1105 4923 1256 5010 partem
1279 4897 1462 4984 affesiant
1479 4893 1650 4986 sedulius
1671 4897 1906 4998 amendens.
