4186 5908
661 416 1173 511 corruere
1545 415 1626 542 ns

184 583 392 704 presertim
416 581 645 669 biliosanrm
673 590 837 672 nominc
859 587 1056 674 donanda
1076 587 1186 695 lunt,
1212 581 1306 671 clrrn
1330 587 1372 672 in
1394 587 1629 682 bominibus

183 702 352 818 plurima
373 697 463 784 bilis
485 703 647 784 acrioris
671 705 864 817 principia
887 700 1163 816 generantibus
1190 721 1424 816 appareant,
1452 701 1627 818 alvoque

184 811 346 931 profusi
373 811 506 898 vultus
536 823 578 898 &
605 841 710 898 artus
738 800 980 920 enitescant,
1014 817 1120 927 quast
1149 813 1283 900 revera
1310 819 1501 932 principia
1532 815 1626 908 bilis

184 928 481 1012 abundantioris
506 925 620 1011 srnrul
646 936 687 1012 dt
717 933 880 1014 acrioris
908 929 1082 1044 resprpta
1111 926 1197 1012 illas
1226 931 1496 1016 excitaverint.
1529 929 1625 1018 Hic

185 1039 304 1129 causi
330 1039 452 1127 semel
476 1037 624 1157 positi,
650 1041 883 1157 intelligitur
903 1071 977 1126 cur
1003 1041 1151 1128 tardati
1175 1039 1266 1126 bilis
1288 1041 1532 1153 secretione,
1555 1043 1627 1132 vel

184 1185 256 1274 per
275 1155 531 1240 sedentariam
549 1159 694 1262 vitam,
714 1155 780 1241 vel
827 1185 869 1242 er
887 1153 1063 1268 liquores
1078 1154 1133 1240 ob
1155 1156 1341 1240 circuitria
1362 1156 1626 1244 tardationenr

186 1296 429 1378 concretos,
453 1295 517 1352 tot
539 1272 739 1354 emineant
757 1187 960 1355 adcutem
986 1268 1142 1384 pustula
1164 1271 1500 1378 inflammatoris,
1526 1299 1627 1386 pure

186 1384 336 1502 plena,
360 1387 414 1468 ita
432 1409 477 1468 ut
496 1384 525 1466 sr
546 1381 702 1469 causam
724 1411 859 1470 earum
883 1384 1137 1499 spoliaveris,
1165 1411 1249 1468 non
1266 1385 1467 1469 immerito
1489 1383 1628 1470 dicans

52 1603 56 1612 ι
186 1523 249 1586 tur
269 1495 430 1584 biliosae.

243 1608 407 1695 Pustulae
422 1607 498 1694 illa
512 1640 597 1721 qua
610 1609 923 1724 frequentiffimae
939 1611 1051 1720 sunt,
1069 1635 1157 1697 utut
1171 1613 1480 1696 inflammatoris
1498 1609 1629 1719 dicen·

111 1795 114 1803 .
190 1727 245 1813 dae
265 1727 359 1832 srnt,
379 1722 575 1839 srmplices
591 1751 724 1809 tamen
741 1726 850 1833 sunt,
867 1725 1165 1868 diagnosrmque
1183 1724 1344 1810 facilem
1361 1749 1479 1836 atque
1497 1722 1630 1812 levent

188 1840 416 1958 prognosrm
440 1835 649 1945 obtinent,
673 1842 756 1922 imo
782 1847 824 1923 δι
849 1867 966 1922 causa
987 1836 1137 1922 sublata
1157 1871 1241 1950 quae
1263 1839 1343 1924 sem
1371 1859 1487 1923 etex
1511 1837 1629 1926 rebus

189 1951 401 2070 repetenda
415 1954 467 2036 est
486 1981 570 2034 non
585 1951 849 2061 naturalibus,
870 1950 1031 2036 facilem
1049 1957 1309 2037 curationem.
1330 1869 1505 2036 lirinum
1521 1954 1630 2036 enini

189 2076 231 2153 dt
268 2066 361 2151 ante
396 2063 472 2149 alia
503 2068 584 2150 invi
614 2065 788 2151 ilandum
823 2069 1000 2150 cottioni
1028 2069 1081 2152 cst
1124 2096 1208 2178 qua
1241 2065 1435 2180 gubernat
1468 2081 1628 2152 caeteras

189 2182 429 2268 secretiones
442 2240 456 2285 ,
488 2185 531 2261 dr
564 2097 613 2261 ad
645 2177 726 2287 ejus
757 2183 861 2266 vitiis
893 2182 1080 2294 primaria
1114 2179 1376 2290 indicationes
1409 2176 1630 2294 repetendae

189 2296 304 2401 sunt,
338 2297 393 2376 ita
417 2318 461 2376 ut
489 2295 549 2376 his
577 2289 790 2405 aliquandi>
818 2292 977 2408 pustulis
1004 2293 1094 2377 usus
1122 2295 1204 2376 vini
1231 2296 1377 2378 meraci
1405 2291 1631 2406 profuerit,

190 2407 349 2522 quando
369 2404 522 2490 scilicet
537 2403 727 2519 languent
741 2407 963 2492 funfflones
982 2404 1037 2490 ob
1057 2408 1201 2490 virium
1221 2408 1483 2518 coquentium
1502 2403 1633 2489 imbe-

191 2522 418 2627 cillitatem,
432 2545 478 2602 at
500 2518 632 2634 sapibs
653 2517 740 2604 sero
758 2517 867 2603 labiis
885 2517 1102 2604 clarificato
1111 2581 1125 2626 ,
1142 2516 1311 2624 balneis,
1334 2515 1633 2604 &diluentibus

191 2633 347 2723 medela
368 2635 455 2749 ipsrs
478 2634 652 2748 apposrta
671 2636 724 2716 est
743 2634 900 2717 efficax.
924 2632 1072 2747 Saepius
1085 2634 1183 2716 verb
1198 2629 1267 2715 ubi
1285 2629 1374 2714 bilis
1392 2633 1633 2744 regurgitat,

191 2749 304 2838 acida
323 2749 542 2862 saponacea
562 2749 746 2861 paginam
763 2743 1040 2860 impleverunt.
1070 2745 1142 2826 Sin
1163 2747 1313 2851 minito,
1338 2741 1541 2827 obstrutiis
1565 2745 1634 2828 he'-

191 2867 291 2984 patis
309 2865 410 2969 viis,
433 2858 592 2972 bileque
614 2863 834 2976 stagnante,
856 2886 905 2945 ex
924 2858 1198 2973 vegetantibus
1218 2853 1501 2974 aperientibus,
1519 2856 1634 2972 sapo··

193 2977 309 3064 nibus
332 2976 498 3081 amaris,
525 2999 644 3088 atque
667 2972 797 3060 salinis
816 3000 959 3058 naturae
982 2998 1126 3058 neutrae
1149 2971 1318 3087 petenda
1337 2972 1389 3055 est
1413 2970 1634 3078 medicina,

194 3121 313 3206 quam
341 3093 407 3174 hic
430 3089 574 3174 referre
596 3087 756 3204 lougius
780 3089 885 3173 foret
907 3095 949 3172 dc
978 3091 1087 3172 extri
1115 3087 1245 3200 operis
1268 3085 1459 3200 proposrti
1486 3109 1635 3168 metam

194 3203 480 3324 produceretur
500 3235 513 3304 ς
541 3207 633 3288 clun
653 3200 762 3288 nulla
783 3203 829 3286 srt
848 3229 898 3286 ex
918 3203 980 3285 his
1000 3199 1212 3286 methodus
1227 3227 1311 3312 qua
1331 3227 1415 3282 non
1431 3199 1496 3279 hic
1516 3195 1636 3314 polsrt

195 3349 280 3405 non
302 3316 441 3404 locum
465 3320 655 3403 invenire.

250 3431 401 3541 Longe
422 3430 535 3516 aliter
557 3430 597 3518 se
621 3459 680 3517 res
698 3426 820 3514 habet
842 3430 884 3512 in
908 3425 1132 3512 saevioribus
1153 3423 1232 3510 illis
1251 3421 1410 3622 pustulis
1431 3453 1526 3535 quas
1541 3423 1637 3510 vere

196 3573 379 3637 cruentas
392 3572 541 3630 vocare
583 3546 779 3652 ollumus,
798 3552 841 3628 dt
859 3572 954 3654 quas
974 3543 1146 3652 antiqui,
1168 3565 1234 3624 aut
1291 3535 1373 3622 bile
1392 3541 1535 3622 acriori
1556 3535 1637 3646 jani

223 3685 429 3748 orraceam
448 3575 627 3744 indolem
645 3656 755 3742 uadi
765 3719 778 3764 ,
800 3683 867 3740 aut
886 3653 935 3738 ab
951 3653 1032 3739 arrd
1047 3652 1128 3738 bile
1147 3652 1319 3770 pendere
1339 3647 1637 3754 arbitrabantur:

195 3695 291 3862 ileo
309 3802 410 3855 unus
427 3769 612 3883 quidem,
633 3797 700 3853 aut
717 3770 872 3854 saevitiei
880 3823 898 3876 ,-
915 3796 982 3854 aut
1028 3771 1220 3854 ertinaciae
1237 3765 1379 3882 gradus
1394 3767 1459 3849 est.

253 3881 417 3974 Revera
444 3886 551 3969 enim
579 3881 734 3999 pustulat
762 3882 851 3966 sunt
875 3879 957 3965 aliae
987 3799 1245 3998 depuratoriae
1271 3880 1313 3962 in
1340 3879 1567 3983 chronicis,
1593 3901 1639 3961 ut

200 4001 341 4088 dantur
365 4002 510 4100 critica
532 4000 573 4080 in
591 4001 745 4100 acutis,
767 3993 850 4080 aliae
871 3994 1011 4082 contri
1023 4059 1037 4103 ,
1063 4022 1131 4080 aut
1149 3994 1197 4079 ab
1217 3989 1457 4079 exuberante
1478 3989 1639 4076 materiai

200 4114 401 4234 pendent,
425 4138 493 4198 aut
519 4110 568 4195 ab
595 4109 678 4219 ejus
701 4109 892 4198 erodente
919 4109 1135 4222 qualitate,
1165 4107 1262 4190 licet
1288 4100 1500 4212 aliquando
1519 4107 1641 4188 etiam*

200 4257 249 4318 ex
274 4224 402 4339 aliqui
423 4253 532 4343 parte
547 4225 800 4341 symptomati
819 4223 991 4312 levarido
1012 4249 1109 4335 aptae
1130 4222 1224 4326 srnt,
1250 4243 1366 4328 atque
1388 4213 1489 4300 adei)
1509 4213 1641 4332 aliqud
1685 4217 1688 4224 ‘

201 4347 354 4431 ratione
375 4341 624 4458 depurationi
645 4339 824 4424 serviant.
1265 4334 1269 4345 ’
1521 4405 1526 4416 .
1636 4359 1641 4372 ’

213 4509 218 4522 ·
256 4459 416 4561 Verbm,
427 4452 665 4572 pustularum
683 4449 840 4536 illarum
859 4474 1038 4533 naturam
1061 4441 1288 4530 nominibus
1306 4445 1422 4528 variis
1442 4442 1644 4558 defignard

203 4573 353 4682 antiqui
366 4571 485 4658 annisr
499 4570 599 4652 sunt.
610 4564 728 4650 Unde
742 4565 893 4649 summa
905 4585 1044 4666 exorta
1057 4559 1238 4644 confusro
1245 4589 1298 4666 ,a
1354 4555 1542 4642 dArabas
1555 4570 1643 4669 pra-³

202 4686 352 4790 sertim,
368 4686 436 4793 qui
448 4685 553 4766 varia
565 4683 728 4767 nomina
737 4708 811 4796 pro
824 4675 952 4762 lubitu
966 4679 1020 4760 ita
1034 4673 1204 4784 finxere,
1220 4699 1266 4758 ut
1317 4670 1383 4756 'ud
1393 4673 1617 4756 Avicennas
1624 4726 1640 4773 ‚

205 4797 313 4884 aliud
331 4797 494 4902 Rhasrs,
515 4793 622 4879 aliud
637 4791 747 4906 Haly
765 4790 900 4879 Abbas
918 4790 1062 4875 eodem
1081 4784 1151 4874 sub
1172 4791 1336 4872 nornine
1353 4781 1643 4883 intellexerint,

208 4911 272 4998 vel
287 4939 362 5028 pro
377 4910 418 4997 se
432 4907 596 5023 quisque
610 4907 760 4995 diversa
773 4907 912 4996 iisdem
926 4903 1043 4992 rebus
1057 4905 1223 4990 nomina
1233 4899 1477 5098 inpoliuerit.
1495 4893 1646 5009 Effert,

1392 5041 1419 5118 ¹1
