4226 5916
655 369 1153 500 corruere
1549 441 1630 534 ,ἦ

189 568 268 690 ¹usu
280 567 516 687 ptisanarum
530 597 579 656 ex
594 568 710 686 lignis
725 573 1217 690 sudoriferisjndigetibua,
1233 591 1399 688 quarum
1409 578 1631 670 efficaciam

195 685 239 768 in
268 684 378 768 coelo
406 683 612 769 sudoribus
639 686 814 772 fovendis
841 715 999 801 patente
1027 685 1237 773 extollunt.
1274 692 1557 782 Verumtamen
1587 700 1630 781 in

194 795 313 880 doun
328 796 473 908 arralysr
487 803 550 903 (a)
570 827 756 908 aquarum
777 831 860 912 quae
882 803 924 882 in
944 798 1070 884 insulsa
1090 800 1324 916 Hispanioli
1342 806 1384 888 in
1404 803 1502 890 loco
1521 808 1628 894 diuo

192 908 384 993 erortd
404 911 559 994 Piment
579 916 845 1026 reperiuntur,
862 939 1046 996 notantur
1061 943 1166 1022 aquae
1184 914 1395 1001 thermales
1412 916 1525 1023 hujus
1544 918 1628 1008 loci

191 1025 302 1130 quasi
314 1023 484 1107 sanando
525 1025 589 1106 ian
604 1027 658 1110 ita
672 1052 767 1139 aptae
774 1088 789 1131 ,
806 1053 852 1109 ut
862 1023 975 1108 nullo
991 1024 1070 1108 alio
1084 1026 1261 1109 remedio
1283 1058 1383 1140 opus
1400 1030 1463 1137 lit,
1487 1033 1628 1140 quibus

192 1136 304 1218 certe
324 1139 409 1251 post
433 1055 657 1220 absdlurum
683 1142 861 1252 regimen
881 1135 1115 1224 mercuriale
1137 1137 1268 1253 plures
1290 1168 1339 1223 ex
1362 1139 1504 1254 analysr
1527 1148 1627 1230 inter

194 1251 341 1332 nostras
368 1247 538 1333 substitui
564 1250 731 1364 pollent.

252 1361 335 1445 Alii
360 1363 448 1446 sunt
469 1363 583 1446 multi
612 1362 743 1448 morbi
771 1365 914 1481 leprosr
942 1361 1046 1478 apud
1069 1367 1247 1449 nudiores
1275 1365 1401 1449 deseri
1428 1367 1459 1450 ti
1487 1365 1628 1476 quibus

194 1470 355 1586 longius
384 1474 564 1560 insudare
591 1477 792 1598 piaculum
823 1479 957 1582 foret,
989 1480 1082 1560 clun
1113 1505 1162 1561 ex
1193 1481 1363 1590 cognitis
1392 1397 1510 1562 sicil&
1535 1476 1628 1568 illos

196 1585 246 1668 ad
268 1587 403 1670 classes
425 1589 634 1702 descriptas
654 1591 789 1675 reduci
841 1591 922 1673 olse
944 1587 1244 1674 concludamus.
1271 1591 1407 1702 Unum
1426 1598 1628 1705 exceperis

196 1727 316 1808 quern
346 1699 411 1783 Cl.
440 1703 580 1786 Astruc
606 1707 767 1787 trabiatu
793 1619 843 1785 de
869 1700 1089 1786 tumoribus
1114 1701 1253 1785 utsrbi
1279 1703 1406 1786 visum
1432 1703 1631 1816 descripsit

197 1817 240 1892 dt
270 1810 339 1893 sub
376 1817 541 1898 nomine
570 1816 662 1898 nzoli
695 1817 834 1898 mortui
861 1814 993 1898 voluit
1019 1813 1218 1928 appellari.
1256 1815 1382 1898 Hunc
1414 1814 1545 1930 plures
1579 1845 1629 1899 err

194 1922 418 2008 audoribus
449 1931 516 2036 qui
549 1927 640 2010 autb
673 1929 794 2012 studia
824 1955 949 2038 graeca
981 1951 1167 2010 renovata
1193 1925 1405 2039 scripsere,
1440 1931 1521 2009 hoc
1551 1958 1629 2010 no·

195 2039 324 2139 minc,
344 2064 386 2120 ut
406 2043 461 2121 ait
473 2027 534 2122 vir
552 2038 801 2146 clarissimus,
822 2039 1030 2123 donarunt.
1056 2037 1239 2148 Plerique
1257 2063 1411 2144 tamen,
1436 2047 1478 2122 ὅ(
1497 2041 1637 2134 Graeci

194 2151 467 2258 recentiores,
501 2151 720 2236 &Arabes
753 2181 854 2262 quos
882 2155 981 2236 mihi
1010 2147 1213 2266 perlegere
1241 2151 1376 2234 danim
1410 2152 1512 2256 fuit,
1545 2157 1629 2236 hoc

195 2264 361 2345 nomine
373 2261 599 2376 sphacelum
617 2264 917 2370 intellexerunt,
933 2269 1034 2347 inter
1050 2293 1151 2372 quos
1168 2264 1384 2346 &Rhasrm
1399 2272 1440 2347 ὃ(
1455 2265 1628 2346 Avicen-

194 2401 287 2454 nam
309 2382 350 2456 bc
372 2375 479 2483 Haly
501 2375 635 2460 Abbas
656 2379 968 2483 nominaverim,
996 2373 1136 2483 reliqui
1158 2371 1240 2457 sere
1269 2403 1409 2458 omnes
1430 2373 1627 2460 siluerunt.

194 2483 346 2568 Verum
363 2489 455 2567 huic
470 2486 615 2568 morbo
635 2488 759 2570 modo
778 2486 1038 2571 describendo
1057 2501 1205 2570 nomen
1226 2484 1326 2569 illud
1347 2495 1387 2570 ὃ(
1411 2485 1630 2570 Gordonua

195 2597 426 2686 &loannes
442 2599 654 2682 Manardus
671 2600 732 2705 (b)
745 2604 810 2683 cui
826 2600 969 2683 dicitur
982 2597 1097 2683 ulcus
1108 2597 1319 2710 ίνχαψὲες
1332 2597 1479 2682 dediffe
1493 2600 1630 2682 viden-

195 2733 284 2815 tur,
307 2739 408 2820 quos
421 2713 562 2794 secutae
581 2712 670 2795 sunt
690 2711 947 2795 Medicorum
968 2712 1258 2795 Occitanorum
1279 2709 1466 2823 superiori
1486 2709 1629 2794 saeculo

195 2820 369 2928 scholae,
390 2851 434 2908 ut
452 2851 502 2906 ex
521 2825 792 2940 manuscriptis
814 2825 1024 2918 domorum
1042 2825 1237 2906 horumce
1251 2822 1517 2906 Professorum
1535 2853 1630 2937 prae·

195 2931 431 3021 lectionibus
444 2967 539 3046 quas
553 2938 746 3052 excepere
759 2936 1034 3046 eloquentium
1051 2963 1120 3024 ore
1136 2931 1339 3049 discipuli,
1355 2933 1627 3046 Barbeyracii,

192 3045 397 3158 cmi-acii,
423 3050 652 3157 Lazermii,
679 3048 864 3134 hariolari
886 3047 995 3182 licet.

579 3165 1240 3332 Anarconusu.

703 3413 777 3508 De'
796 3415 910 3504 Molo
934 3417 1107 3502 Mortuo.

250 3590 407 3678 Malum
426 3625 626 3682 mortuum
641 3600 688 3705 (c)
696 3598 870 3712 saphires
883 3595 1096 3679 Avicennae
1110 3593 1162 3700 (d)
1175 3596 1216 3677 in
1230 3591 1479 3678 extimaicute
1498 3591 1630 3678 sedem

195 3707 284 3818 figit
296 3769 309 3811 ‚
323 3708 365 3788 in
380 3705 495 3812 cujus
505 3710 709 3822 superficie
723 3709 975 3794 succrescunt
990 3710 1145 3812 cruslae,
1162 3705 1300 3820 asperae
1309 3768 1322 3811 ,
1339 3705 1461 3811 durae,
1479 3704 1602 3788 densae
1611 3765 1628 3810 ,

196 3815 284 3900 lata
296 3880 309 3923 ,
338 3819 520 3904 colorem
542 3849 608 3905 aut
628 3827 807 3935 nigrum,
830 3847 897 3902 aut
918 3818 1073 3904 fuscum
1092 3815 1293 3903 habentes.
1322 3817 1470 3900 Nullus
1498 3814 1630 3899 subtus

196 3927 295 4014 latet
317 3934 474 4015 humor.
504 3934 552 4015 In
572 3933 655 4048 ipssa
676 3959 767 4018 cute
790 3933 1002 4016 fundantur
1023 3933 1079 4014 hae
1102 3933 1231 4014 crustae
1250 3935 1292 4014 in
1314 3927 1390 4037 quai
1411 3925 1541 4040 plures
1561 3953 1631 4039 per

195 4071 322 4134 annos
344 4046 517 4128 immotae
537 4051 713 4159 perstant.
737 4043 815 4129 Ubi
832 4041 971 4158 sponte
986 4073 1061 4157 prae
1081 4045 1257 4127 ariditate
1276 4038 1397 4121 nimii
1413 4039 1629 4146 decidunt,

198 4180 266 4238 aut
292 4154 442 4269 scalptu
470 4161 708 4271 imprudenti
727 4157 968 4263 avelluntur,
996 4159 1096 4239 cutis
1113 4154 1245 4237 subtirs
1266 4147 1418 4233 rubella
1441 4175 1629 4263 apparet,

198 4265 313 4349 nullo
337 4295 469 4353 tamen
491 4270 583 4354 inde
605 4271 820 4386 depluente
833 4275 1015 4354 humore.
1037 4267 1253 4460 Subasfiera
1273 4289 1405 4346 tamen
1428 4265 1481 4346 est
1503 4265 1631 4367 cutis,

200 4385 239 4460 δι
267 4379 405 4463 serrfim
429 4383 521 4466 indb
550 4383 716 4468 halitum
744 4381 978 4469 invisibilem
1011 4383 1107 4491 cogi
1143 4383 1157 4461 i
1190 4377 1244 4463 ud
1270 4376 1421 4463 indicio
1443 4377 1497 4459 est
1523 4374 1632 4484 quod

197 4518 311 4576 novae
334 4520 511 4578 veterum
531 4499 573 4579 in
593 4494 731 4582 locum
756 4498 885 4579 crustae
907 4492 1124 4576 nascannrr.

237 4657 252 4806 ξ
262 4659 300 4808 p}
325 4653 446 4806 sslssbst
463 4656 514 4818 ἓξ
536 4657 630 4796 faux,
653 4667 705 4718 &o
727 4677 775 4739 par
794 4656 871 4716 MM·
891 4653 1004 4737 Polony
1023 4659 1050 4714 δι
1069 4649 1202 4717 Chatard·

241 4815 298 4891 (c)
320 4815 417 4878 Trartk
435 4818 481 4878 des
499 4820 656 4892 Tumeurs,
677 4822 724 4880 liv.
747 4841 761 4880 2
773 4864 782 4897 ,
803 4817 849 4886 ch.
870 4837 918 4899 13·

241 4889 301 4976 (d)
324 4892 394 4964 Fen.
415 4919 454 4978 3,
473 4896 520 4962 lib.
539 4917 578 4984 st,
597 4919 658 4984 cap.
678 4921 722 4972 ιι,

1304 4967 1471 5074 Dddij
