4188 5916
647 391 1178 495 curaunrs'
1317 501 1322 510 ,
1537 411 1619 528 ,n

190 561 370 658 ¹llsraticis
386 563 614 680 regionibus
632 571 736 684 apud
756 567 898 655 insulas
919 567 968 654 ab
986 571 1188 687 Europaeis
1207 555 1389 659 excultas
1407 572 1454 658 as
1473 580 1618 684 ortati,

191 672 257 756 vel
279 704 329 760 ex
350 680 564 790 contagio,
579 682 656 767 uel
678 685 1035 768 excommunione
1057 689 1363 793 contrahuntur,
1386 603 1620 804 vesimpor-

190 809 322 917 tantur
328 848 342 893 ,
366 787 546 899 salsoque
570 822 642 907 pro
660 800 836 880 venereis
858 792 1080 902 habentur,
1102 797 1297 913 sepissime
1321 802 1472 912 ingenti
1492 801 1625 884 medis·

192 925 369 1029 canuam
389 927 524 986 errore
546 913 589 988 ἃ
608 937 801 1021 aegronrm
819 907 1051 993 infortunio.
1604 935 1623 948 ’·

379 1175 382 1182 -
486 1077 1296 1219 raunoaaunusr.
1422 1078 1449 1164 7

665 1341 732 1424 Dc
760 1341 888 1456 Leprd
911 1343 1142 1429 Graecorum.

250 1561 293 1646 Si
310 1560 467 1654 Galeno
483 1573 532 1671 (o)
554 1565 785 1675 credamus,
803 1571 941 1683 pituita
957 1569 1080 1655 muita
1090 1632 1104 1676 ,
1123 1569 1265 1676 crassa,
1283 1570 1377 1654 salsa
1393 1579 1435 1655 dc
1454 1573 1620 1672 inamota

191 1672 370 1789 in'leprai
401 1684 442 1762 ὅ(
469 1677 582 1794 psoris
613 1686 814 1795 reperitur.
847 1681 1015 1766 Nullam
1047 1683 1225 1792 alioquin
1261 1684 1462 1794 utriusque
1487 1683 1619 1766 morbi

190 1785 497 1902 descriptionem
512 1793 682 1900 addidit,
703 1794 769 1878 sed
786 1822 837 1878 ne
851 1793 999 1905 aliquid
1012 1795 1104 1882 inde
1118 1796 1168 1879 ad
1185 1824 1336 1880 novum
1350 1793 1479 1878 morbi
1496 1824 1621 1908 genus

189 1901 235 1982 in
246 1899 360 2012 psori
372 1905 621 2012 quarendum
635 1906 943 2015 concludamur,
957 1909 1055 1992 facit
1067 1910 1177 2018 quod
1193 1937 1331 1992 omnes
1346 1908 1428 1991 ferd
1444 1912 1620 1992 auslores

188 2013 340 2120 Graeci,
352 2019 436 2127 post
451 2017 648 2102 Galenum
656 2083 670 2124 ,
684 2019 891 2134 prasertim
907 2021 952 2105 P,
964 2023 1154 2134 AEgineta
1169 2020 1234 2125 (b),
1250 2020 1299 2104 de
1310 2018 1419 2132 lepti
1432 2029 1472 2103 ὃ(
1491 2016 1620 2104 scabie

190 2127 416 2320 promiscui
432 2135 606 2322 egerint,
622 2135 707 2214 imi)
726 2130 927 2219 Oribasrus
945 2144 958 2238 (
968 2141 1009 2236 c)
1026 2163 1107 2216 non
1124 2133 1254 2216 soibm
1269 2131 1471 2237 scabiem,
1495 2131 1561 2214 sed
1578 2139 1620 2215 δι

120 2347 124 2356 p
181 2257 350 2323 'eucem
364 2244 459 2324 fimu
489 2246 654 2330 miscere
668 2276 751 2330 non
763 2244 1010 2330 dubitaverit.
1029 2246 1178 2330 Venim
1191 2242 1307 2358 lepra
1320 2243 1477 2354 qualem
1490 2247 1620 2328 Gracci

191 2378 384 2436 noverant
407 2362 447 2438 ἃ
468 2356 656 2442 curabant
673 2358 979 2470 descriptionem
997 2369 1219 2443 accuratam
1239 2356 1398 2466 reliquit
1419 2357 1525 2440 idem
1551 2356 1621 2441 ille

192 2467 440 2578 Archigenes
470 2471 537 2576 qui
561 2468 623 2554 ele
652 2471 851 2554 bantiasrm
876 2471 925 2555 ad
937 2494 1089 2558 ,natura
1101 2499 1290 2554 normam
1315 2471 1399 2582 posi
1423 2471 1621 2552 Arctatum

192 2577 414 2692 descripsit,
437 2586 479 2661 ὅ(
493 2577 602 2683 cujus
615 2501 832 2694 siagmenta
848 2580 896 2668 ab
911 2585 1030 2666 Aetio
1046 2581 1108 2686 (d)
1129 2582 1278 2666 servata
1294 2607 1519 2693 temporum
1533 2611 1622 2664 naua

189 2692 247 2775 fra
276 2694 360 2774 ium
376 2690 545 2776 evassre.

248 2723 376 2887 siuns
392 2809 636 2892 sudoremsr
658 2803 859 2913 consulas,
879 2805 1038 2892 «differt
1050 2803 1159 2920 lepra
1175 2805 1197 2889 i
1211 2803 1327 2890 leuce
1349 2811 1390 2888 ὅ(
1405 2801 1524 2918 alpho
1539 2810 1622 2891 viti

187 2951 218 3016 ‚n
235 2915 368 3030 liginis
386 2916 595 3032 ¹speciebus
617 2922 659 3001 in
681 2948 733 3003 eo
757 2920 865 3032 qubd
885 2916 1000 3032 lepra.
1018 2919 1148 3033 aspera
1174 2921 1218 3002 srt
1238 2920 1287 3002 ad
1308 2921 1555 3024 o'ontasium,
1581 2927 1622 3002 br

193 3033 424 3144 »pruritum
443 3027 629 3114 locorum
645 3031 830 3131 inducat,
855 3035 955 3118 cutis
979 3035 1088 3115 enim
1104 3028 1188 3114 sola
1212 3033 1264 3114 est
1282 3062 1365 3141 qua
1388 3029 1524 3114 affesia
1543 3033 1596 3114 est
1606 3091 1621 3136 ,

192 3175 217 3221 r>
233 3152 276 3226 br
294 3142 494 3228 excoriate
517 3169 638 3251 cute,
668 3174 762 3229 caro
787 3142 958 3251 subjecta
981 3144 1071 3230 sana
1090 3148 1291 3254 repe'rinrr.
1320 3144 1367 3225 In
1388 3141 1504 3226 leuce
1520 3148 1622 3248 uero

193 3288 218 3335 a>
233 3253 402 3364 subjesia
422 3259 505 3339 cuti
526 3286 621 3341 caro
648 3283 735 3340 tota
757 3285 825 3368 per
848 3257 1088 3369 profundum
1112 3255 1362 3340 transmutata
1380 3255 1501 3338 estad
1525 3253 1623 3362 albi-

194 3403 218 3447 n
233 3367 390 3454 diotem
404 3366 607 3474 colorem,
631 3376 672 3454 ὅ(
687 3370 910 3483 superficies
922 3369 1049 3456 affesli
1063 3367 1147 3453 lo'ci
1161 3367 1445 3475 saevissimam,
1467 3375 1507 3451 br
1524 3397 1624 3450 con-
1726 3415 1740 3436 -s

196 3514 220 3560 >›
235 3480 346 3572 frisia
359 3484 472 3574 ciriirs
491 3478 682 3588 rubescit,
698 3482 903 3597 prasertim
917 3487 958 3564 in
973 3485 1020 3569 iis
1037 3486 1105 3592 qui
1117 3479 1237 3565 facile
1250 3507 1445 3567 curantur.
1462 3483 1625 3566 Arverb

195 3628 219 3672 n
237 3595 376 3708 alphos
404 3599 443 3678 in
467 3594 672 3707 superficie
699 3598 817 3680 haeret
842 3603 883 3680 ὃ(
908 3593 1033 3680 veluti
1057 3595 1261 3704 squamma
1289 3597 1370 3678 cuti
1387 3593 1535 3678 »affixus
1559 3593 1623 3677 eie
1696 3621 1702 3624 ·

198 3742 222 3784 »
241 3708 434 3792 Caeten‘im
453 3705 619 3792 iscabie
633 3707 764 3792 differt
781 3705 890 3821 lepra
910 3707 1017 3816 qubd
1031 3711 1072 3790 in
1088 3706 1218 3792 scabie
1233 3707 1392 3818 quidem
1406 3705 1628 3789 furfuracea

196 3851 221 3898 u
238 3820 413 3930 quaedam
433 3823 515 3903 cuti
534 3822 758 3903 inhaerentia
776 3830 991 3932 apparent,
1007 3823 1048 3901 in
1069 3817 1175 3931 lepti
1195 3823 1291 3905 verb
1310 3819 1484 3929 quadam
1502 3815 1628 3900 veluti

197 3965 220 4014 a
240 3953 476 4046 magnorum
495 3932 661 4046 piscium
682 3931 900 4040 squamma.
926 3929 1074 4020 Differt
1090 3937 1185 4020 vero
1204 3931 1312 4045 lepra
1327 3929 1376 4016 ab
1397 3932 1627 4041 impetigine

198 4035 226 4124 »⁴
237 4045 366 4130 feroci
388 4049 437 4136 eb
459 4047 566 4155 qubd
591 4047 783 4160 impetigo
812 4041 1065 4132 orbiculatiirs
1087 4044 1238 4161 semper
1267 4041 1413 4155 proser'
1450 4066 1493 4146 t,
1519 4038 1627 4156 lepra

196 4160 337 4262 aveto
357 4161 532 4264 nonita,
556 4187 630 4244 nec
650 4154 932 4242 eodemmodo
945 4193 981 4240 n.
1008 4159 1123 4268 idem
1136 4161 1301 4242 omnini>
1315 4153 1396 4236 Pau
1414 4157 1545 4261 rabbi,
1556 4159 1626 4237 nist

198 4270 309 4385 quod
332 4267 447 4384 lepra
468 4270 730 4360 orbicularem
755 4273 927 4384 figuram·
944 4269 1102 4377 tribuat.
1321 4282 1324 4297 '
1456 4303 1493 4348 .·

192 4447 196 4456 -
255 4385 354 4470 Hac
381 4385 468 4468 saris
496 4383 642 4470 suerint
669 4409 713 4464 ut
739 4381 1003 4492 intelligamus
1028 4380 1178 4495 iepram
1202 4379 1439 4466 ‚Graecorum
1466 4409 1550 4471 non
1577 4383 1629 4476 ita

239 4551 488 4642 (n)DeSympt.
510 4557 592 4621 Ceus.
614 4558 663 4622 lib.
684 4577 711 4637 3.
883 4529 886 4540 ¹
1186 4537 1189 4544 ¹
1297 4533 1300 4538 Ι
1385 4529 1419 4550 ’”
1522 4529 1527 4537 ¹
1602 4525 1623 4554 .‚

237 4641 296 4721 (b)
328 4641 393 4702 Lib.
414 4661 524 4720 4,cap.
543 4663 570 4702 2.

241 4730 255 4794 (
262 4733 300 4796 c)
325 4722 454 4803 Synops,
474 4723 520 4782 lib.
539 4742 573 4793 7,
592 4743 651 4800 cap.
670 4726 718 4790 48·

239 4803 300 4878 (d)
326 4804 399 4862 Arrii
423 4800 538 4865 Tetrab.
561 4823 600 4876 4,
619 4803 709 4868 Serm.
731 4821 766 4875 r,
785 4820 847 4884 cap.
872 4819 937 4879 ¹3⁴·

238 4891 293 4962 (e)
318 4883 381 4945 Lib.
400 4905 435 4961 4,
456 4903 514 4966 cap.
535 4902 562 4943 a.
