4292 5904
718 425 1208 556 curtante
1590 385 1716 582 rn²

239 651 407 746 ageret,
439 627 559 744 quim
585 631 695 743 quod
718 633 788 749 ipsr
816 635 960 747 exequi
980 627 1163 748 possibile
1187 631 1261 738 est,
1287 623 1329 716 a·
1354 653 1497 716 natura
1523 661 1683 722 eontra-

239 745 404 830 diceret.
577 793 578 798 *
1334 821 1339 828 .

302 859 452 943 Verbm
485 882 594 972 patet
623 859 830 946 universim
866 855 1100 976 plethoricia
1132 883 1241 943 vena
1273 855 1487 944 sessionem
1517 863 1685 950 interdi⁴

238 971 412 1054 cendam
436 1000 520 1053 non
539 972 617 1057 elle
628 1034 643 1081 ,
663 971 818 1058 saburra
842 973 1089 1088 turgentibus
1111 969 1361 1057 neeessariam
1382 971 1459 1056 elle
1483 982 1682 1089 purgatio

242 1110 335 1167 nem
356 1115 369 1184 3
392 1086 477 1168 imb
498 1091 541 1168 bt
564 1085 680 1170 Simo
709 1084 921 1172 Schulzius
948 1086 1045 1202 sape
1072 1085 1335 1172 lvomitoriis
1363 1115 1497 1168 euram
1529 1089 1682 1203 incipit.

240 1195 299 1279 'At
328 1195 432 1312 plica
462 1195 539 1304 jam
568 1199 763 1315 explicati
794 1199 1055 1316 symptomata
1085 1203 1220 1284 omnia
1248 1199 1534 1282 conticescunt.
1565 1201 1683 1287 Unde

272 1311 371 1395 rima
402 1313 592 1397 indicatio
624 1317 677 1396 est
713 1340 759 1397 ut
798 1343 900 1428 aget
919 1339 996 1417 ¹tot
1032 1311 1173 1397 stabius
1203 1308 1528 1428 symptomatibus
1564 1340 1683 1422 atque

243 1339 447 1509 laboribus
471 1419 744 1534 refocilletur,
773 1434 815 1511 dt
849 1428 898 1512 ad
926 1427 1095 1512 sanitatis
1127 1429 1380 1529 firmitatem,
1409 1453 1477 1540 per
1506 1428 1681 1538 optima,

242 1539 464 1648 euchyma,
479 1539 683 1626 moderate
701 1541 854 1659 sumpta
866 1539 1052 1626 alimenta
1068 1541 1297 1625 deducatur.
1311 1538 1421 1620 Tlrm
1430 1539 1527 1622 verb
1544 1535 1593 1621 ad
1607 1553 1685 1626 me·

244 1647 468 1735 dicamenta
491 1651 603 1768 plicae
616 1681 814 1740 venenum
831 1653 1066 1741 destruendo
1087 1681 1175 1770 apra
1191 1652 1272 1736 sese
1291 1654 1506 1766 accingunt
1521 1649 1683 1738 Poloni.

244 1757 380 1845 Primo
394 1767 555 1876 quidem
573 1794 691 1886 caput
704 1769 845 1854 fovent
857 1793 974 1880 atque
987 1767 1126 1854 eluunt
1137 1767 1307 1852 decocto
1323 1764 1512 1848 soliorum
1529 1762 1683 1850 branca

241 1874 377 1958 ursrnae
405 1905 489 1988 qua
517 1883 607 1996 ipsn
636 1885 737 1967 inter
763 1881 947 1999 specifica
975 1883 1158 1968 adhunc
1194 1877 1380 1964 morbum
1406 1878 1684 1963 destruendum

244 2015 484 2077 numeratur.
513 1995 679 2080 Addunt
701 1998 820 2080 etiarn
848 1995 1010 2080 succum
1034 1994 1115 2078 sedi
1136 1990 1324 2098 majoris,
1349 1991 1415 2072 seu
1437 1989 1683 2184 sempervivi.

244 2096 495 2207 Quibusdam
531 2111 649 2192 etiam
712 2137 757 2192 ro
792 2110 981 2192 secifico
1017 2105 1210 2190 habentur
1239 2104 1389 2187 radices
1422 2100 1515 2216 lupu
1534 2105 1559 2184 i.
1599 2101 1685 2188 Hit:

244 2215 343 2294 verb
374 2217 550 2326 addunt,
581 2139 709 2332 quotlp
723 2249 790 2307 cre
842 2221 1050 2310 tJudoeue
1085 2216 1257 2328 Apella,
1295 2215 1444 2329 plantas
1477 2213 1563 2298 illae
1598 2244 1684 2323 qua
1795 2323 1799 2332 Ι

244 2329 359 2408 extlrs
389 2329 569 2413 adhibitae
599 2332 702 2416 adeb
728 2335 914 2446 prosunt,
943 2357 1093 2412 nocent
1124 2327 1309 2428 interne3
1339 2327 1449 2438 quod
1478 2325 1683 2437 quousqub

246 2438 388 2518 rationi
415 2440 761 2554 repugnetlnullus
786 2446 839 2527 est
865 2445 931 2553 qui
959 2471 1039 2524 non
1064 2439 1207 2524 videat.

302 2549 452 2635 Verlrm
467 2553 660 2669 sr‘capillis
680 2547 936 2638 nihilominira
955 2553 1228 2668 complicatis,
1243 2553 1394 2636 interna
1409 2577 1542 2635 tamen
1556 2551 1684 2668 symp-

245 2683 399 2746 tomata
423 2669 592 2776 exstent,
642 2667 772 2753 ualem
794 2698 913 2752 unam
928 2694 1150 2752 matronam
1165 2669 1261 2750 citat
1283 2667 1403 2750 Bern.
1429 2665 1480 2749 de
1495 2664 1687 2774 Bernita,

245 2803 334 2883 qua
355 2777 506 2862 interna
529 2697 747 2894 patibbatur
768 2781 1055 2898 symptomata,
1081 2778 1301 2862 adhibenda
1317 2780 1425 2882 sunt,
1445 2806 1491 2861 ut
1507 2782 1569 2863 vir
1586 2775 1682 2885 ille,

188 2905 195 2914 ·
245 2885 583 3002 alexipharmaca,
609 2892 815 2979 sudoribus
840 2892 1122 3009 promovendis
1150 2918 1250 3008 apta.
1274 2888 1533 2976 Colonellam
1562 2891 1681 2976 refert

246 3027 333 3110 quae
361 3004 494 3089 haustu
521 3008 602 3090 vini
629 3005 727 3092 Hun
757 3009 851 3091 arici
878 3005 1038 3092 dolores
1070 3003 1164 3090 illoc
1193 3007 1359 3090 omninb
1399 3003 1683 3119 compesceret.

233 3115 306 3228 'At
339 3115 649 3203 efficacilsrmtrm
689 3040 870 3206 ariversba
900 3119 1047 3234 plicam
1092 3125 1132 3203 dt
1164 3117 1257 3204 verb
1288 3119 1518 3234 specificam
1555 3145 1680 3202 reme·

249 3225 359 3308 dium
376 3257 456 3338 quo
475 3231 689 3340 tolluntur,
709 3243 749 3319 bt
766 3233 1026 3341 evolvuntur,
1043 3257 1109 3318 aut
1125 3231 1313 3316 decidunt
1333 3231 1471 3347 plica,
1500 3233 1682 3314 omnium

246 3335 509 3426 Medicorum
536 3345 759 3455 consensu,
782 3349 833 3430 est
860 3343 1008 3460 muscus
1036 3343 1213 3454 tenqlris
1242 3375 1373 3460 repens
1398 3341 1587 3427 Mathioli
1614 3347 1682 3452 qui

245 3446 397 3560 ubique
418 3457 521 3568 apud
539 3457 737 3544 Sarmatia
757 3460 873 3545 lucos
895 3458 1085 3562 luxuriat,
1107 3455 1176 3540 sub
1199 3460 1362 3540 nomine
1377 3457 1489 3570 musci
1505 3454 1683 3563 terrestris

246 3563 394 3647 clavati
409 3567 459 3652 C.
482 3569 550 3676 B,
576 3575 618 3654 bt
640 3603 758 3684 quem
785 3576 825 3655 in
847 3570 1018 3654 Poloniai
1035 3569 1241 3768 plicariam
1263 3576 1303 3652 bt
1328 3565 1582 3681 cingulariam
1608 3597 1683 3650 vo-

244 3699 355 3757 cant.
382 3675 536 3763 Crescit
549 3679 694 3794 ubique
708 3689 750 3766 in
769 3681 977 3789 Sarmatis,
995 3680 1033 3768 se
1108 3680 1273 3794 racipue
1292 3683 1334 3766 in
1353 3683 1499 3795 campis
1514 3681 1681 3792 'petrofis

243 3787 458 3897 Ukra‘r'na,
487 3801 529 3878 bt
556 3792 767 3906 aliquandb
793 3823 885 3880 eum
908 3711 1159 3910 longitudine
1183 3795 1364 3908 septem,
1387 3799 1506 3900 osio,
1530 3794 1614 3875 imo
1638 3799 1682 3902 dt

245 3897 394 3988 decem
427 3901 538 3990 ulnas
572 3908 767 3994 excedere
801 3936 893 3994 com
925 3913 998 3994 erit
1033 3908 1207 3994 Bernitz.
1242 3907 1383 3994 Mense
1413 3887 1523 3996 Julio
1555 3908 1682 4018 gignit

245 4009 382 4123 iulos,
399 4011 465 4102 seu
487 4020 611 4134 spicae
631 4019 828 4137 sulphurei
847 3937 1017 4128 coloris,
1037 4039 1123 4134 quir
1139 4017 1354 4106 autumnali
1375 4047 1555 4134 tempore
1569 4019 1684 4132 digiti

248 4127 459 4240 perculsu,
487 4131 646 4248 sulphur
662 4133 885 4250 vegetabile
909 4133 1164 4252 profundunt.
1555 4218 1558 4229 ,

174 4297 177 4304 ,
311 4242 529 4358 Accipiunt
550 4251 669 4362 porro
695 4251 797 4336 hanc
819 4247 1016 4366 plantam,
1040 4249 1105 4332 seu
1134 4241 1315 4330 muscum
1343 4247 1383 4326 bt
1407 4241 1505 4327 folia
1529 4239 1682 4328 branca
1717 4317 1719 4325 .

249 4354 384 4452 ursina
409 4358 457 4442 ad
485 4389 612 4473 partes
637 4359 832 4472 aequales,
860 4387 1116 4474 coquuntque
1143 4363 1185 4443 in
1212 4387 1318 4469 aqua
1348 4355 1544 4442 fluviatilis
1574 4357 1684 4440 suffia

253 4467 376 4550 clenti
398 4477 638 4584 quantitate,
664 4475 794 4561 donec
814 4475 1026 4570 decoslum
1051 4471 1214 4568 satutare
1239 4474 1382 4558 flavum
1407 4470 1486 4572 stra
1510 4469 1682 4584 decocto

252 4581 357 4690 priris
387 4581 522 4671 colato
551 4587 765 4676 admiscent
793 4587 941 4701 aliquid
971 4587 1182 4695 fermenti,
1211 4583 1279 4670 vel
1303 4583 1537 4669 fermentum
1567 4585 1616 4670 ad
1641 4581 1683 4681 id

253 4717 430 4800 paratum
456 4725 507 4782 ex
533 4700 702 4789 decocto
729 4701 881 4788 branca
911 4703 1068 4814 ursrnae,
1095 4729 1196 4817 pane
1221 4698 1399 4788 biscotto
1422 4699 1684 4784 &fermento

253 4801 420 4920 vulgari.
457 4813 522 4896 Re
552 4843 677 4900 onunt
704 4816 804 4902 illud
834 4813 882 4900 ad
906 4816 1110 4900 fornacem
1134 4840 1203 4928 per
1226 4812 1378 4927 aliquot
1411 4813 1518 4919 dies,
1552 4813 1684 4896 donec

253 4917 435 5036 saporem
456 4843 738 5052 acidiusculum
765 4932 1033 5042 contraxerit,
1057 4935 1241 5042 tuncque
1254 4915 1611 5124 ptosdsulsefyaut,
1640 4931 1683 5017 et

1450 5067 1515 5126 ιιι
