4156 5892
892 441 1430 578 annonara

449 651 1883 742 ἡ

728 847 1072 944 carus
1156 845 1607 1000 ιιιιιιυιι.
1732 873 1736 881 ·

556 1077 643 1189 De
666 1075 856 1186 Morbis
880 1079 1033 1182 ocutis
1061 1117 1251 1222 quorum
1268 1074 1438 1184 'exitus
1452 1075 1525 1218 fit
1546 1083 1612 1186 ad
1636 1121 1782 1191 cutem
1837 1198 1842 1206 ,

1011 1280 1109 1342 non
1134 1242 1340 1346 criticus.

451 1421 540 1600 ΙΝ
559 1506 708 1592 morbis
728 1503 913 1591 omnibus
922 1508 1201 1640 pertrablandis
1215 1533 1350 1591 cutem
1365 1514 1407 1592 bt
1427 1507 1558 1594 obvias
1574 1509 1654 1616 ejus
1674 1511 1886 1620 qualitates

452 1626 622 1738 primltm
643 1629 686 1704 δι
710 1619 800 1703 antb
822 1617 898 1703 alia
921 1620 1114 1735 inspicere
1139 1619 1355 1732 imperabat
1376 1620 1648 1735 Hippocrates.
1682 1626 1738 1706 Αι
1762 1625 1887 1756 inspi-

454 1737 576 1819 cienti
597 1731 698 1816 illud
720 1736 890 1848 primbm
910 1731 1191 1818 attendendum
1215 1735 1292 1839 est,
1322 1762 1371 1815 an
1396 1763 1479 1843 quae
1507 1739 1728 1847 eruptiones
1753 1761 1883 1819 cutim

453 1851 593 1932 titiant
605 1895 621 1952 ,·
649 1844 698 1929 ab
718 1845 802 1960 ipsi
823 1847 924 1929 cutis
949 1843 1085 1930 naturb
1113 1847 1337 1961 pendeant,
1362 1872 1429 1928 aut
1452 1845 1474 1927 al
1496 1847 1700 1961 pregreffis
1727 1845 1883 1932 morbis

452 1987 572 2072 atque
601 1955 736 2042 alienis
767 1957 789 2040 b
821 1955 966 2041 morbo
998 1959 1172 2071 praesenti
1205 1955 1408 2044 effectibus
1442 1962 1625 2042 traxerint
1650 1962 1887 2071 originem?

452 2099 503 2154 an
522 2071 620 2155 verb
640 2069 809 2180 aliquam
833 2099 925 2154 cum
945 2067 1024 2153 illis
1051 2069 1255 2158 obtineant
1273 2072 1593 2155 connexionem?
1611 2071 1680 2154 Sic
1707 2071 1887 2160 maculas

452 2186 495 2268 in
512 2211 605 2268 cute
619 2181 896 2267 antecedentes
910 2211 984 2296 pro
1002 2162 1132 2266 niorbi
1150 2180 1355 2269 'affebiibus
1374 2181 1517 2268 habere
1536 2182 1733 2297 piaculum
1753 2186 1886 2293 foret,

451 2313 522 2380 abt
547 2295 639 2381 alias
662 2293 872 2412 pustulosas
897 2311 1015 2406 atque
1044 2297 1230 2382 cnrstosas
1256 2297 1481 2380 affeiliones
1505 2326 1587 2406 quar
1610 2293 1706 2410 saepb
1726 2295 1887 2381 vultum

379 2421 382 2426 ’
454 2412 573 2494 etiarn
618 2407 800 2491 sariorum
834 2407 1103 2502 dehonestant.
1141 2408 1233 2496 Nec
1267 2438 1397 2494 rarum
1426 2411 1478 2495 est
1513 2409 1626 2494 hasce
1655 2409 1887 2496 affeaiones

453 2547 564 2607 extra
580 2517 765 2606 morbum
785 2507 894 2626 sitas,
916 2523 1077 2634 vigente
1097 2519 1263 2628 morbo,
1283 2549 1351 2606 aut
1366 2519 1655 2627 conticescere,
1677 2549 1744 2605 aut
1766 2521 1885 2606 aliam

454 2634 618 2720 induere
647 2633 831 2716 sormam.
865 2633 935 2715 Sic
962 2663 1046 2743 quae
1073 2637 1177 2748 pribs
1201 2662 1269 2719 aut
1292 2637 1501 2742 ichorem,
1532 2660 1598 2719 aut
1621 2633 1766 2718 saniem
1787 2665 1887 2750 pro·

453 2745 671 2832 fundebant
691 2749 733 2829 in
754 2747 884 2862 pueris
904 2744 954 2829 ad
973 2773 1083 2831 aures
1108 2746 1265 2862 pullulat
1289 2750 1330 2830 in
1350 2745 1485 2838 morbi
1509 2749 1614 2830 acuti
1635 2749 1772 2860 vigore
1796 2747 1887 2832 ces·

452 2858 538 2944 sant
563 2866 606 2943 bt
621 2859 804 2944 videntur
819 2885 925 2942 retro
953 2856 1146 2946 ulsronem
1172 2887 1357 2974 arguere,
1382 2887 1428 2944 ut
1451 2859 1637 2946 adstantes
1657 2885 1883 2967 summunt,

455 2968 680 3084 &plurimi
706 2969 874 3060 credunt
949 2968 1076 3077 edici,
1106 3000 1190 3081 qua
1216 2998 1351 3060 tamen
1381 2975 1563 3086 mitigato
1597 2970 1807 3058 erethismo
1841 2981 1885 3060 bc

453 3079 617 3197 expulsi
645 3080 775 3166 morbi
803 3065 1382 3196 materii.repullulant,⁸quas1
1413 3111 1522 3171 extra
1546 3083 1733 3168 morbum
1753 3086 1884 3199 pofitae

453 3193 611 3280 fuerint.
646 3193 746 3278 Haec
772 3197 870 3278 verb
894 3193 1159 3308 agnoscuntur
1188 3223 1240 3281 ex
1267 3202 1499 3312 cognitione
1523 3196 1728 3313 praegrellae
1759 3227 1885 3311 egro-

453 3310 621 3392 tantium
639 3309 802 3391 historie
851 3335 943 3392 uam
962 3305 1112 3394 nescire
1134 3311 1416 3424 interrogando
1439 3309 1522 3398 fer'e
1544 3307 1781 3424 impoffibile
1807 3312 1883 3417 est,

453 3425 539 3505 tinn
565 3423 684 3504 etiam
707 3447 756 3504 ex
776 3337 858 3537 ipsi
880 3421 1132 3534 eruptionum
1157 3418 1314 3506 illarum
1337 3421 1473 3508 naturai
1495 3453 1578 3534 quae
1602 3419 1757 3507 nullum
1783 3419 1888 3507 obti-

455 3559 552 3624 nent
574 3536 710 3616 nixum
735 3563 829 3618 cum
853 3529 989 3617 natural
1002 3531 1146 3618 morbi.
1170 3535 1279 3618 Nam
1295 3533 1504 3622 familiares
1527 3539 1739 3620 humorum
1761 3560 1883 3619 extra·

455 3675 623 3732 neorum
640 3649 765 3731 exitus
781 3673 1036 3757 quocumque
1054 3644 1200 3730 morbo
1219 3645 1334 3732 acute
1356 3647 1586 3734 deseviente
1604 3645 1887 3758 cujuscumque

454 3756 600 3848 indolis
620 3759 759 3866 fuerit,
788 3757 930 3842 ccliare
949 3787 1164 3845 commune
1183 3763 1236 3844 est
1247 3822 1263 3867 ,
1288 3787 1354 3845 aut
1369 3760 1506 3848 saltem
1530 3759 1764 3866 ficcescere,
1790 3764 1885 3848 ciam

457 3898 629 3958 mutatus
658 3871 702 3954 sn
728 3871 975 3954 funuionum
1000 3875 1180 3956 omnium
1208 3873 1338 3980 ordo,
1362 3872 1674 3989 interruptusquc
1695 3873 1886 3961 secretio-

458 4015 554 4070 num
579 3984 669 4070 fons
695 3984 966 4097 &scaturigo

512 4099 607 4184 Ve*
697 4100 739 4180 in
773 4092 922 4180 morbis
959 4099 1082 4182 acutis
1116 4103 1341 4214 eruptiones
1380 4129 1463 4184 non
1500 4103 1645 4186 criticae
1683 4095 1883 4186 bmorbo

455 4206 541 4290 'so
576 4127 794 4322 &dentes
832 4206 855 4292 b
891 4207 1043 4324 triplici·
1079 4213 1232 4324 origine
1271 4239 1313 4296 te
1340 4213 1488 4296 etendae
1520 4213 1618 4296 sunt.
1654 4211 1707 4299 1⁰.
1739 4209 1798 4294 Ea
1830 4213 1887 4294 est

458 4239 554 4432 daipb
575 4325 750 4404 humoris
778 4347 913 4406 namra
941 4353 1026 4432 quae
1046 4347 1177 4407 cutem
1206 4243 1341 4432 simili
1372 4323 1482 4409 sintii
1515 4325 1734 4410 funiliones
1767 4325 1890 4407 inter-

457 4459 525 4516 nas
553 4433 762 4517 adoriatur.
798 4434 856 4516 2⁰.
890 4434 1001 4550 sape
1032 4439 1109 4520 sive
1139 4464 1209 4550 per
1236 4465 1360 4524 artem
1388 4440 1681 4553 propomam,
1707 4437 1786 4520 five
1866 4463 1889 4518 r

456 4546 577 4628 animi
605 4545 762 4630 affebius
791 4543 894 4630 male
927 4547 1107 4632 ordinem
1140 4575 1282 4634 nature
1314 4547 1608 4666 perturbantem
1637 4575 1703 4634 aut
1728 4577 1801 4632 cau

456 4655 572 4740 aliam
598 4656 835 4766 quamlibet,
862 4657 1169 4772 retropelluntur
1189 4666 1230 4746 in
1253 4662 1402 4748 morbis
1424 4665 1678 4760 vacuationes
1689 4719 1703 4766 ‚
1728 4685 1893 4744 natura·-

457 4797 537 4882 que
559 4764 615 4852 alr
637 4797 758 4885 opere
785 4770 855 4855 suo
884 4797 1049 4856 avocata
1071 4777 1113 4856 in
1139 4801 1265 4888 partes
1293 4775 1385 4860 alias
1405 4779 1713 4885 quaquaversum
1739 4773 1892 4878 fertur,

455 4887 657 4996 cutimque
672 4909 715 4968 ut
737 4881 903 4998 reliquas
919 4909 1045 4998 partes
1070 4889 1263 5000 inquinat.
1296 4887 1356 4996 3⁰.
1386 4887 1565 4974 Demlun
1582 4883 1795 4990 exuberat,
1815 4909 1893 5082 plut

1712 5019 1896 5088 exunat
