4226 5916
486 397 574 509 aa
670 413 673 418 ·
866 395 1037 514 ,un
1106 389 1470 510 nonars

491 555 649 671 Quidni
663 557 793 666 enim,
808 564 899 644 cirm
910 581 971 642 tot
985 565 1026 641 ὅ(
1042 584 1121 641 tam
1132 562 1236 642 varia
1251 560 1422 644 ferantur
1437 557 1485 640 ad
1501 547 1901 673 capu'tphoenomena
1909 565 1931 663 ,·‘

493 673 694 786 ipsamque
710 669 791 776 ejus
815 698 946 754 arcem
965 674 1178 782 impetant,
1198 675 1354 754 exituro
1374 674 1533 753 humori
1552 669 1723 781 aliquam
1744 668 1926 753 semitam

491 783 688 906 praebeant
713 812 822 867 aures
844 789 942 886 (uli
972 783 1116 866 Pituita
1144 781 1243 864 olim
1272 785 1389 895 capiti
1416 780 1703 868 adscribebatur
1730 790 1773 864 dr
1796 784 1928 863 fluxus

484 903 562 1016 ipsr
581 898 680 982 liber
698 915 766 1014 per
785 897 941 1003 fauces,
968 923 1077 978 nares
1103 902 1143 978 ὃ(
1167 921 1276 978 aures
1303 893 1509 977 conciliari
1529 896 1638 1010 polle
1664 891 1926 991 credebatur;

493 1045 567 1096 nos
597 1013 694 1095 verb
729 1038 915 1122 magnum
950 1008 1110 1118 quidem
1145 1005 1386 1116 brevemque
1419 1006 1614 1120 sanguinis
1648 1011 1841 1119 impetum
1878 1005 1927 1088 ad

493 1127 693 1241 superiora
722 1146 975 1225 annotamus,
1003 1118 1138 1230 ibique
1160 1148 1319 1232 magnas
1344 1144 1462 1229 atque
1486 1120 1666 1234 copiosas
1691 1113 1933 1234 glandulas,

495 1234 826 1344 excerniculaque
862 1232 1030 1314 maxims
1062 1231 1265 1340 notabilia.
1304 1230 1367 1313 Ibi
1399 1233 1516 1315 etiam
1548 1233 1570 1315 ὲ
1604 1236 1789 1346 proximo
1827 1257 1926 1336 ore,

494 1348 647 1453 buceri,
674 1345 829 1430 naribus
852 1345 1080 1428 immensam
1106 1352 1147 1427 bt
1175 1343 1511 1444 serbcontinuam
1534 1340 1823 1460 perspirationis
1844 1345 1927 1427 vim

495 1487 740 1548 annotamus.
788 1458 903 1540 Unde
944 1454 1082 1540 nullibi
1119 1455 1220 1540 adeb
1253 1455 1383 1541 valide
1428 1455 1604 1541 cohibita
1645 1453 1927 1568 retropellitur.

494 1571 652 1658 Nullibi
684 1572 784 1654 adeb
811 1561 927 1652 facili:
954 1567 1182 1680 turgescunt
1213 1566 1405 1684 glandula
1418 1630 1433 1674 ,
1460 1567 1729 1652 &imbibitur
1756 1569 1928 1652 humore

494 1712 624 1771 textus
651 1683 846 1770 cellularia
877 1711 926 1766 ex
950 1711 1031 1793 quo
1053 1678 1164 1765 velut
1184 1681 1207 1764 ὲ
1230 1683 1371 1765 fomite
1390 1685 1581 1796 perpetui>
1608 1707 1801 1765 renovato
1829 1679 1929 1795 saepb

494 1801 672 1884 videmus
694 1797 742 1880 ad
765 1823 899 1879 cutem
927 1799 1077 1878 aurium
1103 1795 1194 1877 ferri
1217 1791 1424 1899 ulcerosa,
1446 1793 1553 1878 olida
1577 1793 1818 1904 liquamenta
1838 1820 1927 1905 per·

494 1940 616 2026 petuo
648 1913 756 1992 fluxu
785 1907 1069 2011 incommoda,
1098 1905 1307 2014 snbjeslam
1336 1906 1538 1992 erodentia
1568 1905 1855 2023 cpidermidem
1886 1913 1926 1990 ὃ(

493 2029 535 2107 in
567 2026 707 2105 crustas
738 2019 847 2103 brevi
872 2017 964 2102 alias
990 2017 1075 2102 aliis
1102 2016 1331 2102 lamellatim
1360 2018 1615 2134 superpositas
1648 2044 1925 2132 erumpentes,

486 2135 670 2250 sepeque
700 2133 791 2215 inde
818 2131 867 2214 ad
893 2156 1011 2245 caput
1026 2191 1039 2236 ‚
1074 2157 1251 2215 mentum
1286 2131 1462 2239 deferri,
1490 2130 1707 2216 rivulorum
1732 2131 1927 2216 adinstar.

551 2247 597 2330 Id
629 2247 802 2328 foeminis
830 2245 1035 2356 prasertim
1073 2247 1113 2326 in
1142 2243 1282 2354 quibus
1311 2240 1516 2328 molliores
1552 2245 1639 2329 sunt
1667 2240 1861 2358 glandula
1887 2251 1927 2328 dc

494 2364 624 2474 pueris
649 2357 859 2471 contingit.
886 2358 995 2439 Nam
1023 2361 1063 2440 in
1086 2353 1271 2467 proved&
1298 2382 1407 2438 attare
1432 2360 1550 2440 rariirs
1578 2358 1724 2442 accidit
1749 2353 1926 2440 indurati

495 2499 588 2557 cute
612 2481 653 2556 ὅ(
678 2467 969 2553 flaccidioribus
990 2468 1209 2582 glandulis,
1231 2497 1274 2553 ut
1294 2496 1404 2552 auree
1424 2471 1546 2554 fluant
1556 2532 1570 2575 ,
1587 2470 1682 2553 licet
1701 2465 1927 2583 herpetibus

494 2583 748 2699 suscipiendis
773 2583 919 2665 idonea
944 2584 1016 2665 srnt
1035 2579 1261 2665 vetulorum
1285 2610 1478 2693 corpora,
1501 2610 1546 2666 ut
1566 2580 1659 2666 alibi
1683 2582 1862 2689 dislum,
1887 2589 1926 2666 &

494 2697 592 2811 saepb
619 2725 729 2781 aures
753 2694 926 2808 ipsorum
954 2692 1151 2808 praerubrae
1177 2695 1250 2776 smt
1273 2693 1321 2776 ad
1346 2696 1532 2806 posticam
1558 2720 1707 2808 partem
1737 2703 1781 2777 dt
1804 2723 1926 2778 muco

495 2811 621 2894 olenti
644 2807 814 2892 imbuta.
838 2813 895 2892 At
913 2811 1041 2921 pueris
1064 2805 1160 3000 sape
1181 2805 1308 2889 subitb
1325 2806 1574 2890 succrescunt
1599 2804 1792 2920 glandula
1803 2868 1819 2911 ,
1843 2835 1925 2916 quae

494 2925 523 3005 li
544 2923 807 3033 copiosiorem
829 2951 990 3004 mucum
1001 2982 1015 3025 ,
1039 2919 1103 3002 sed
1131 2933 1247 3002 enem
1262 2917 1375 3001 illum
1395 2946 1512 3030 atque
1531 2923 1739 3003 innoxium
1756 2916 1927 3004 conclu-

494 3035 643 3138 serint,
677 3033 882 3118 resolvitur
910 3032 978 3115 ille
1009 3032 1144 3116 sensrm
1160 3095 1174 3139 ,
1207 3039 1248 3116 bt
1279 3037 1514 3146 patentiores
1543 3032 1814 3117 circulationis
1848 3034 1929 3118 vias

372 3217 375 3224 .
494 3147 714 3258 regreditur
734 3177 746 3245 3
768 3149 825 3228 lrae
853 3145 955 3261 apud
980 3173 1054 3228 nos
1082 3144 1274 3257 glandula
1303 3145 1927 3230 incrementi·dicuntur.Veri1m

495 3260 525 3342 sr
550 3256 700 3366 aliquid
720 3284 811 3341 acre
834 3287 925 3341 cum
949 3284 1070 3340 muco
1092 3260 1257 3341 mixtum
1272 3257 1409 3364 fuerit,
1429 3262 1525 3341 varii
1544 3261 1585 3340 in
1603 3257 1927 3371 glandulishisce

495 3367 720 3454 nidulantur
732 3369 888 3475 morbi,
910 3374 977 3478 qui
996 3373 1037 3451 in
1050 3395 1203 3453 textum
1218 3368 1447 3454 cellularem
1463 3379 1724 3487 erumpunt&
1737 3369 1787 3454 ab
1802 3368 1876 3454 illo
1888 3375 1926 3454 in

496 3508 644 3567 cutem.
665 3483 712 3566 In
731 3481 871 3592 quibus
887 3480 1079 3596 glandula
1099 3480 1215 3565 facile
1230 3483 1507 3592 succrescunt,
1525 3475 1797 3599 praecipueque
1812 3485 1927 3568 Paro·

495 3594 621 3702 tides,
646 3599 673 3678 ii
693 3595 733 3679 se
755 3593 900 3679 debent
922 3592 1070 3677 morbis
1094 3595 1142 3679 ad
1165 3599 1315 3678 aurium
1334 3599 1455 3680 cutim
1479 3597 1705 3681 enascendis
1727 3595 1927 3681 obnoxios

494 3707 681 3814 judicare.
711 3710 799 3791 Imb
818 3707 1002 3826 praeclare
1020 3706 1041 3790 l
1059 3706 1195 3792 natur&
1215 3707 1402 3792 cumillis
1424 3713 1551 3793 aslum
1571 3714 1666 3814 erit,
1690 3711 1718 3792 st
1744 3709 1824 3794 line
1844 3707 1926 3794 ullo

496 3819 577 3903 alio
599 3815 773 3927 morb0‚
798 3845 1027 3933 erumpente
1046 3822 1096 3904 ad
1120 3850 1230 3905 aures
1253 3821 1551 3936 suppuratione,
1575 3823 1734 3906 tandem
1758 3830 1799 3907 &
1823 3821 1928 3938 glan-

389 4007 397 4022 .
496 3930 677 4020 dularum
696 3959 854 4018 tumore
877 3939 916 4016 dr
938 3961 1070 4014 earum
1097 3933 1212 4016 causi
1235 3933 1462 4018 liberentur.

497 4111 500 4120 .
549 4049 640 4132 Nec
663 4045 704 4130 id
726 4048 1057 4162 hypotheticum,
1083 4045 1192 4128 aute
1217 4045 1370 4130 theoriis
1394 4047 1639 4162 desumptum
1663 4047 1771 4132 credi
1794 4047 1926 4132 velim.

488 4155 653 4242 'Multos
676 4158 809 4242 videas
830 4157 997 4270 'mfantcs
1022 4165 1062 4240 br
1081 4183 1251 4269 pueros,
1277 4158 1418 4266 quibus
1440 4158 1631 4274 glandula
1653 4189 1722 4274 per
1744 4165 1926 4272 hyemem

496 4272 719 4354 tumescunt
739 4297 855 4380 atque
875 4295 1053 4382 turgent,
1073 4297 1165 4354 cute
1188 4269 1352 4354 intaslit:
1373 4275 1433 4354 his
1447 4271 1516 4356 sub
1534 4277 1663 4386 primo
1681 4277 1783 4358 veris
1803 4305 1927 4357 erum·

495 4385 624 4494 peritis
647 4409 850 4495 tempore,
876 4385 960 4496 poll
985 4381 1116 4468 levem
1144 4383 1193 4468 ad
1217 4413 1327 4469 aures
1351 4387 1727 4492 inflammationem,
1752 4385 1926 4502 pluribus

496 4495 583 4605 post
614 4493 765 4577 febrem
801 4498 1051 4608 ephemeram
1080 4493 1157 4602 jam
1183 4496 1433 4612 Hyppocrati
1462 4501 1672 4608 antiquitbs
1700 4503 1925 4614 cognitam,

492 4631 609 4688 aures
626 4603 753 4688 subito
776 4607 980 4706 defluunt3
1007 4606 1109 4721 pluit
1129 4607 1176 4694 ab
1197 4609 1275 4694 illis
1296 4609 1506 4722 aliquando
1525 4609 1787 4696 foraminibus
1805 4617 1926 4696 mani·

490 4715 597 4812 :sellis
606 4775 620 4819 ,
638 4715 847 4828 aliquandb
863 4723 936 4803 viis
950 4723 1164 4836 incognitis
1181 4725 1325 4806 humor
1339 4721 1504 4834 crassus,
1520 4723 1692 4810 lemosus
1701 4787 1715 4834 ,
1735 4729 1925 4844 pruritum

535 4889 593 4970 ¹(r)
613 4882 657 4948 M·
670 4880 770 4948 Auru.
782 4882 904 4948 Severin.
916 4887 949 4950 dc
963 4890 1039 4949 noris
1052 4884 1175 4953 Absceff.
1191 4909 1247 4972 cap.
1264 4907 1315 4966 ις,
1331 4889 1380 4958 lib.
1393 4914 1423 4966 4,

1734 4971 1927 5058 summunt
