4226 5916
480 309 571 476 ps
930 317 1463 452 nunonem

491 578 495 590 ·
548 527 722 612 Pruritus
751 525 772 609 *a
797 524 954 641 pustulis
979 529 1054 610 istis
1079 528 1240 631 nascens
1260 523 1357 614 levis
1386 532 1460 636 cst,
1492 532 1532 609 bc
1559 522 1636 609 illae
1662 527 1771 608 liccae
1802 521 1918 628 sunt,

494 667 568 722 nec
590 642 796 753 herpetuni
821 643 861 720 in
881 666 1034 722 morem
1054 641 1296 754 proserpunt.
1320 641 1467 724 Sedem
1484 637 1695 749 aliquando
1713 637 1867 750 eligunt
1879 639 1921 719 in

482 749 710 835 ,semoribus
718 813 733 856 ,
746 740 922 834 cruribus
929 813 943 857 ,
957 756 998 834 in
1011 751 1136 852 sacie3
1150 753 1343 866 precipue
1355 756 1452 837 verb
1465 749 1717 865 deponuntur
1727 753 1769 832 in
1782 752 1919 831 hume-

493 889 571 948 ros.
587 864 699 947 Duas
711 859 823 969 hujus
837 858 988 976 species
999 863 1175 950 recenset
1189 865 1255 950 Cl.
1268 867 1429 970 Astruc,
1447 893 1611 975 quatum
1632 865 1756 979 prima
1770 858 1918 944 malum

490 1000 696 1059 mortuum
709 979 968 1088 congenitum
977 1001 1144 1061 vocatur
1149 1039 1164 1082 ,
1179 976 1339 1064 alteram
1350 977 1552 1060 adventitii
1562 977 1724 1060 nomine
1734 974 1918 1086 designat.

492 1088 779 1200 Congenitum'
803 1118 896 1172 cuni
927 1092 1099 1173 hominis
1136 1089 1340 1204 superficie
1375 1088 1548 1190 crescir3
1578 1089 1837 1173 adventitium
1870 1083 1916 1167 ad

491 1198 664 1308 aliquam
680 1200 903 1284 extenditur
925 1201 1263 1314 magnitudinem,
1286 1200 1521 1311 ulnisquam
1541 1232 1629 1286 non·
1642 1198 1808 1314 amplius
1828 1226 1917 1312 pro·

491 1310 679 1422 greditur.
709 1308 839 1419 Hujus
859 1313 993 1398 sedem
1009 1315 1051 1396 in
1070 1311 1265 1426 glandulis
1283 1312 1457 1400 sebaceis
1476 1317 1590 1427 ponit
1611 1317 1746 1398 aublor
1767 1313 1915 1415 noster,

491 1423 742 1536 pendereque
767 1423 953 1508 morbum
981 1421 1087 1509 hun'c
1117 1452 1228 1541 putat
1256 1425 1346 1509 abi
1373 1426 1418 1508 so
1447 1429 1618 1510 humore
1645 1423 1813 1508 sebaceo
1843 1421 1917 1504 ins·

491 1533 631 1648 pilsato
654 1564 815 1650 propter
834 1564 989 1621 enatam
1013 1541 1054 1621 in
1077 1564 1186 1622 texni
1204 1457 1479 1623 folliculorum
1498 1536 1756 1623 sebaceorum
1778 1533 1828 1616 ab
1851 1532 1918 1618 ali-

490 1644 570 1756 qud
597 1647 713 1732 caussa
740 1651 940 1735 incidente
965 1653 1252 1757 irritationem,
1278 1650 1384 1735 unde
1410 1651 1493 1736 cris
1512 1675 1636 1736 antur.
1667 1647 1734 1733 Illi
1764 1648 1917 1760 crispati

490 1763 663 1842 retinent
676 1763 905 1870 humorem,
926 1790 1001 1847 nec
1018 1791 1172 1869 acrem,
1197 1789 1273 1846 nec
1289 1761 1453 1871 salsum,
1473 1680 1541 1847 sed
1555 1761 1711 1879 spill'um
1725 1767 1769 1844 dc
1788 1782 1915 1869 aqueo

490 1869 714 1955 destitutum
732 1869 851 1958 latice
861 1937 875 1981 ,
903 1878 957 1957 ita
974 1903 1019 1959 ut
1032 1873 1087 1957 ibi
1103 1877 1204 1958 fixus
1219 1872 1288 1958 ille
1307 1901 1530 1981 remancat,
1550 1902 1625 1958 nec
1647 1873 1917 1988 progrediatur

437 1985 439 1990 ’
492 1980 593 2066 ultra
607 2015 619 2083 3
635 1982 784 2066 intereii
797 1983 988 2098 glandula
999 1985 1087 2100 ipsae
1101 1984 1271 2071 sebaceae
1288 1985 1545 2071 callositatem
1557 1979 1766 2098 quamdam
1787 1985 1916 2094 acqui·

488 2120 609 2199 runt,
633 2093 724 2176 inde
746 2099 787 2177 in
805 2124 951 2181 novam
971 2097 1313 2212 receptaculorum
1336 2099 1475 2184 contrli
1498 2125 1674 2183 naturam
1695 2098 1914 2182 effidorum

490 2205 663 2288 sormam
683 2232 905 2316 inurantur,
924 2211 1213 2321 humo'remque
1228 2207 1285 2294 ibi
1306 2241 1483 2319 novum,
1506 2215 1670 2322 antiquo
1694 2210 1911 2314 desinente,

489 2320 592 2431 paris
620 2319 861 2428 conditionis
888 2322 1110 2406 efformant.
1137 2321 1253 2406 Unda
1275 2324 1430 2408 videtur
1452 2323 1601 2408 malum
1624 2322 1723 2406 illud
1749 2329 1790 2404 bi
1815 2325 1913 2405 iners

490 2437 534 2514 &
561 2456 764 2512 mortuum
790 2429 874 2537 jure
898 2434 1057 2518 dietum.
1098 2432 1335 2547 Diagnosim
1359 2434 1406 2537 ab
1427 2439 1514 2550 ipsis
1542 2434 1671 2520 oculis
1696 2461 1913 2532 mutuatum

489 2542 718 2656 prognosim
734 2547 831 2628 verb
847 2573 933 2629 eam
953 2546 1030 2630 effe
1045 2547 1167 2632 edicit
1181 2550 1315 2630 audor
1330 2550 1458 2632 noster
1472 2578 1516 2635 ut
1530 2551 1598 2631 vix
1611 2548 1914 2632 incommodum

488 2651 640 2738 malum
658 2655 776 2768 possit
796 2657 970 2742 innocus
990 2655 1185 2742 subsistere
1208 2665 1251 2741 bc
1274 2687 1474 2770 nunquam
1494 2663 1700 2780 propagari
1720 2686 1791 2773 per
1817 2683 1913 2746 con·

489 2770 724 2878 ragionem3
748 2768 853 2853 unde
880 2769 1016 2855 suadet
1039 2769 1265 2856 clariffimus
1291 2778 1428 2858 auclor
1449 2801 1495 2859 ut
1519 2783 1610 2859 eum
1634 2773 1832 2887 perferant
1852 2803 1913 2888 pa·

488 2879 632 2962 tienter
654 2905 906 2990 egrotantes,
934 2879 1078 2998 quippe
1097 2883 1177 2995 ipsa
1199 2888 1350 2969 curatio
1371 2883 1461 2998 ipso
1483 2881 1590 2971 malo
1610 2891 1651 2967 bt
1678 2887 1804 2998 magis
1828 2914 1911 2968 mo-

489 2990 669 3073 mentosa
688 2998 730 3086 ὅ(
749 2992 1029 3103 periculosior,
1053 3021 1128 3077 nec
1144 2992 1222 3079 levi
1238 2997 1465 3080 redimenda
1483 2997 1772 3102 incommodo,
1790 2999 1912 3082 niodb

488 3104 679 3184 tamenin
700 3100 844 3186 faciem
865 3133 947 3187 non
963 3104 1221 3207 decubuerit3
1246 3137 1336 3192 nain
1354 3135 1450 3194 ninc
1472 3110 1630 3196 foeditas
1654 3107 1735 3224 ipsa
1754 3111 1912 3195 curandi

487 3208 1042 3330 sollicitudinem&pollular
1063 3219 1277 3304 &incutin
1822 3297 1825 3302 .

546 3322 654 3406 Cirm
674 3325 771 3409 verb
794 3325 943 3410 malum
961 3326 1061 3413 illud
1085 3333 1287 3417 evidenter
1315 3359 1361 3419 ro
1389 3338 1497 3418 icum
1528 3335 1595 3441 sit,
1629 3341 1671 3417 ὃ(
1697 3333 1739 3417 in
1765 3361 1911 3448 partem

389 3513 390 3518 t
488 3462 607 3545 quam
626 3433 749 3518 semel
770 3441 1013 3554 occupavit,
1038 3441 1126 3526 lixis
1149 3445 1291 3530 haereat
1313 3365 1536 3554 radicibus,
1559 3444 1676 3531 nullis
1699 3444 1787 3530 aliis
1814 3449 1910 3530 inte-

488 3551 566 3630 rilrs
595 3544 823 3634 adhibendis
850 3581 949 3666 opus
975 3557 1027 3637 est
1054 3555 1380 3664 medicamentis,
1405 3559 1523 3669 quam
1577 3555 1691 3643 uibus
1719 3567 1761 3642 δι’
1790 3585 1911 3671 partes

479 3658 682 3771 'sanguinis
697 3663 866 3746 nitorem
882 3668 1057 3750 nativum
1073 3666 1221 3753 debent
1240 3674 1441 3779 acquirere
1460 3677 1501 3754 δι
1519 3669 1544 3751 s
1583 3670 1652 3755 'de
1669 3667 1805 3776 justam
1821 3671 1912 3754 sani·

487 3774 559 3854 tati
579 3771 796 3857 tensionem
815 3774 977 3860 servare.
1009 3777 1125 3862 Unde
1146 3777 1242 3864 licet
1263 3779 1387 3924 vulgo
1410 3781 1597 3869 diluentia
1621 3809 1739 3892 atque
1765 3809 1911 3896 tempe·

488 3885 635 3991 rancia,
660 3909 784 3993 caque
811 3915 893 4000 quae
918 3885 1050 3974 alvum
1068 3895 1109 3975 vi
1131 3891 1349 4006 saponacea
1377 3892 1586 4000 subluunt,
1609 3897 1823 4008 primatum
1844 3894 1912 3978 ob-

488 3995 661 4100 tineant,
683 3997 840 4111 possunt
861 4027 934 4113 pro
954 4000 1060 4084 varial
1082 4006 1172 4114 aegri
1192 4003 1426 4088 conditione
1452 4005 1602 4090 diversa
1624 4007 1912 4092 medicamenta

476 4103 554 4186 ·hlc
581 4101 719 4188 locum
747 4109 938 4196 obtinere.
969 4113 1061 4196 Uno
1087 4112 1210 4197 verbo
1240 4115 1378 4203 sanitas
1409 4117 1595 4204 servanda
1619 4121 1672 4202 est
1698 4127 1741 4203 δι
1769 4148 1912 4234 corpus

488 4199 537 4293 ab
558 4216 868 4308 inflammatione
884 4225 1228 4337 praemuniendum.

543 4323 679 4408 Polle'a
704 4332 876 4418 emolliri
899 4333 1009 4440 jubet
1028 4340 1167 4422 crustas
1187 4337 1254 4422 Cl.
1278 4339 1443 4448 Astruc,
1464 4369 1530 4426 aut
1557 4341 1800 4458 superposito
1832 4371 1914 4428 cre·

487 4461 628 4540 more,
651 4465 716 4521 aut
737 4441 852 4526 caseo
876 4453 1024 4534 recenti
1045 4448 1155 4556 cujus
1172 4453 1326 4537 actione
1345 4453 1583 4538 mollescunt
1606 4457 1758 4560 cnistae,
1781 4453 1911 4539 emol-

487 4543 645 4654 liraeque
679 4550 879 4639 decidunt.
921 4557 1056 4645 Postei
1083 4563 1181 4648 verb
1214 4567 1255 4646 in
1285 4564 1450 4679 vulgari,
1469 4564 1576 4648 malo
1604 4563 1750 4650 sufficit
1782 4567 1911 4683 sapius

487 4653 641 4738 lenibus
657 4658 927 4752 escharroticis
941 4668 1212 4782 glandularum
1232 4674 1476 4760 substantiam
1493 4673 1633 4762 leviter
1652 4677 1910 4782 comburere,

485 4771 541 4856 ita
564 4793 608 4853 ut
636 4765 845 4860 destruanu
870 4776 1144 4894 glandularum
1169 4786 1355 4876 morbosa
1383 4791 1578 4906 capacitas
1604 4797 1646 4878 bc
1673 4792 1716 4875 in
1742 4787 1812 4876 ills
1836 4788 1909 4898 jam
