4250 5898
469 339 1147 562 ''curxuura
1476 395 1630 538 'aa

229 577 458 692 Quamvis·
481 581 600 697 igitur
632 585 733 668 aelio
766 584 925 697 frigoris
962 583 1194 668 mechanica
1229 583 1271 668 in
1302 608 1435 674 cutem
1456 581 1515 668 'ab
1547 581 1629 691 ejus

202 695 324 804 gradu
356 698 550 808 pendeat,
575 695 739 780 sensatio
766 722 899 780 tamen
930 704 972 780 br
1001 693 1082 801 ejus
1109 697 1269 780 effertus
1301 695 1347 780 ab
1370 695 1628 786 irritabilitate

203 803 335 918 potibe
370 813 549 924 corporis
584 818 626 894 ὃ(
657 809 939 894 inaffuetudine
978 808 1235 920 computandi
1268 810 1368 892 sunt.
1408 810 1476 892 Sic
1514 810 1630 897 multi

204 915 430 1030 danturqui
440 983 454 1028 ,
480 919 545 1006 vel
560 919 690 1006 medii
710 924 831 1006 aestate
842 984 855 1025 ,
873 920 922 1004 ad
941 917 1175 1005 levissimum
1198 920 1319 1032 frigus
1340 924 1394 1003 ita
1409 924 1631 1008 afficiuntur

203 1055 249 1112 ut
267 1035 452 1116 manlium
475 1033 700 1149 pedumque
718 1036 819 1118 cutis
836 1032 965 1118 subitb
984 1032 1172 1137 livescat,
1197 1031 1436 1124 albescatad
1455 1034 1606 1122 sensum
1614 1098 1630 1144 ,

203 1150 247 1226 dr
267 1145 317 1227 ad
338 1149 667 1231 thermometrum
686 1150 740 1230 ira
756 1147 919 1260 frigeat,
936 1172 982 1230 ut
996 1147 1100 1255 quast
1121 1171 1302 1230 emortua
1316 1147 1418 1230 cutis
1434 1147 1632 1256 videatur,

201 1256 355 1369 integri
369 1259 546 1370 alioquin
560 1259 733 1344 sanitate.
753 1257 842 1364 Illi,
867 1261 998 1343 bieme
1014 1256 1130 1371 sape,
1152 1262 1206 1342 ita
1223 1259 1372 1372 frigore
1386 1285 1635 1372 penetrantur
1658 1337 1661 1341 .

199 1394 247 1452 ut
260 1371 407 1486 torpidi
428 1397 654 1456 remaneant
671 1367 764 1455 cum
782 1374 890 1484 gravi
911 1371 1188 1456 incommodo.
1208 1368 1313 1454 Illud
1332 1375 1636 1456 incommodum

200 1480 249 1592 ad
277 1481 418 1568 summi
444 1484 585 1598 gradlrs
613 1482 830 1568 molestiam
856 1488 1036 1568 eveoum
1060 1483 1142 1568 vidi
1167 1487 1208 1566 in
1231 1482 1436 1598 pluribus,
1458 1484 1524 1569 sed
1547 1515 1637 1598 prte-

199 1593 321 1709 cipue
329 1599 370 1678 in
377 1601 464 1686 viro
477 1598 745 1711 sexagenariO,
763 1594 941 1707 alioquin
956 1595 1059 1680 recle
1069 1595 1240 1701 valente,
1259 1600 1326 1706 qui
1344 1596 1510 1710 alongis
1526 1595 1638 1681 sebri-

200 1704 277 1792 bus
292 1711 638 1796 intermittentibus
657 1707 932 1814 convaluerat,
951 1707 1051 1792 illud
1065 1714 1215 1792 tantbm
1232 1709 1465 1792 remanserat
1480 1711 1639 1793 incom-
1700 1719 1703 1724 ’

200 1821 330 1904 modi.
362 1822 475 1906 Idem
507 1826 547 1906 in
576 1827 617 1906 in
646 1823 881 1906 eniosrssrnro
905 1825 992 1910 viro
1020 1819 1251 1928 observavi,
1286 1821 1460 1905 causario
1490 1821 1564 1906 illo
1595 1831 1639 1908 bt

200 1931 357 2040 debili,
381 1935 447 2020 sed
476 1938 554 2021 fine
580 1855 666 2019 ullo
690 1933 892 2066 praegreslo
919 1932 1076 2017 morb0.
1106 1933 1233 2045 Quod
1257 1932 1454 2016 habituale
1480 1938 1640 2018 incom-

201 2046 374 2132 modum
389 2045 570 2132 levarunt
588 2045 763 2132 scintille
781 2046 990 2151 elearicar,
1012 2049 1130 2130 etiam
1148 2048 1227 2130 srne
1247 2048 1523 2132 commotione
1535 2046 1636 2132 elec*

199 2158 325 2264 tried,
351 2155 485 2246 irtubo
506 2159 723 2245 electrisato
743 2159 928 2243 deducire.
956 2160 1005 2242 In
1025 2159 1132 2244 hisce
1147 2157 1373 2243 hominibus
1391 2163 1491 2244 curis
1509 2163 1638 2246 tenuis

199 2274 256 2354 est
270 2333 284 2376 ,
297 2272 621 2359 &delicatiorem
634 2301 852 2378 texturam,
866 2267 919 2355 ob
932 2274 1123 2384 pristinos,
1137 2297 1182 2352 ut
1195 2271 1443 2377 crediderim,
1461 2271 1637 2380 sudores,

199 2382 273 2469 vel
294 2381 369 2466 alia
389 2386 637 2495 quacumque
652 2387 702 2468 de
722 2381 838 2466 eausa
853 2384 992 2494 adepta
1006 2386 1070 2466 est.
1096 2381 1211 2466 Unde
1226 2386 1354 2466 nervis
1370 2385 1501 2496 stupor
1514 2387 1639 2468 statim

201 2496 420 2581 inducitur.
447 2497 678 2582 Contratlio
698 2499 806 2579 enirn
829 2493 979 2578 summa
1001 2495 1154 2578 sensum
1176 2493 1388 2603 hebescere
1406 2495 1525 2601 facit,
1545 2493 1640 2579 dum
1762 2535 1764 2540 ·
1888 2525 1896 2533 ·

201 2604 324 2690 simul
341 2611 437 2694 vasis
462 2617 503 2694 ὅ(
526 2611 651 2694 textui
672 2633 841 2690 cutanoo
863 2605 885 2688 ὲ
905 2605 984 2689 levi
1005 2603 1122 2690 causa
1143 2611 1356 2690 vehemens
1377 2607 1523 2691 inditur
1533 2637 1640 2694 con-

200 2723 346 2804 tractio
370 2753 453 2832 quoe
477 2723 518 2803 in
541 2723 724 2806 extremis
747 2717 1047 2802 circulationem
1071 2717 1188 2802 facile
1212 2718 1410 2830 impediat.

265 2835 386 2918 Arrio
411 2838 493 2918 haec
512 2836 560 2918 fri
590 2837 669 2917 oris
690 2832 739 2916 ad
759 2828 873 2914 subiti
896 2832 1052 2944 frigoris
1079 2834 1379 2945 &inexpeElati
1403 2829 1640 2918 vividiorem

200 2949 501 3059 impressronem
524 2865 648 3035 solam
672 2947 852 3060 pertinet.
881 2946 930 3028 In
953 2941 1106 3028 sensum
1130 2948 1236 3026 enim
1259 2947 1425 3044 omnino
1449 2947 1592 3057 agit&
1619 2955 1641 3030 a

200 3056 418 3145 sensilitate
442 3060 557 3174 dirigi
581 3060 621 3144 se
642 3060 740 3143 sinit.
769 3060 905 3144 Artes
933 3055 1092 3170 physice
1119 3065 1161 3140 ὃ(
1183 3058 1413 3142 mechanica
1438 3057 1641 3171 spedanda

203 3172 263 3255 est
280 3199 361 3282 quo
377 3173 445 3258 sub
462 3171 507 3255 as
526 3176 614 3256 edlu
630 3171 786 3284 frigoris
799 3175 840 3253 in
854 3198 985 3256 cutem
995 3173 1112 3276 aelio,
1126 3169 1192 3254 vel
1200 3168 1418 3278 subitaest,
1437 3169 1504 3256 vel
1520 3170 1641 3286 longa

190 3291 250 3370 -&
273 3290 464 3397 pertinax.
486 3203 625 3369 dubita
645 3285 801 3398 frigoris
821 3288 921 3368 atrio
948 3286 1015 3366 vix
1034 3281 1204 3392 aliquam
1220 3285 1508 3398 impressionem
1528 3281 1644 3370 relin-

203 3400 298 3510 quit
322 3404 364 3483 in
386 3396 611 3484 adultorum
641 3424 805 3499 cutem;
834 3401 875 3480 in
901 3399 1030 3510 puetis
1056 3423 1188 3480 tamen
1214 3405 1255 3479 br
1282 3395 1475 3510 precipue
1500 3396 1642 3520 puellis

203 3527 378 3623 quarum
406 3512 506 3598 cutis
534 3537 598 3597 tot
621 3511 717 3594 vasis
746 3513 878 3622 pervia
905 3512 981 3614 est,
1012 3535 1076 3593 tot
1104 3507 1303 3592 canalibus
1329 3507 1472 3620 plena,
1500 3512 1541 3590 in
1566 3507 1643 3619 qub

193 3625 312 3716 ,nihil
326 3623 534 3732 callosum,
551 3649 617 3708 aut
629 3623 770 3708 durum
784 3625 858 3727 est,
873 3620 942 3704 illa
953 3619 1139 3704 ruborem
1152 3620 1366 3725 intensum,
1383 3623 1643 3733 nigricantem

201 3740 399 3846 acquirit,
415 3739 443 3818 fi
457 3761 591 3850 tangat
603 3763 743 3819 eorum
759 3738 906 3839 cutim,
922 3734 1153 3838 evanidum,
1170 3758 1210 3816 at
1225 3758 1488 3818 recurrentem
1503 3731 1615 3816 illicb·
1624 3795 1641 3841 ,

200 3852 261 3934 ita
286 3874 331 3934 ut
352 3850 579 3963 sanguinem
594 3845 664 3930 sub
681 3872 772 3931 cute
786 3844 1026 3930 accumulari
1052 3843 1211 3950 credas,
1235 3843 1561 3955 eumquerevetl
1572 3906 1587 3950 ,
1613 3849 1642 3942 li

200 3961 316 4048 forte
331 3991 399 4077 per
414 3991 530 4046 acum
545 3985 764 4082 pungatur,
778 3955 974 4042 liberalius
988 3956 1055 4042 illa
1070 3957 1210 4041 fundit.
1225 3957 1340 4042 Unde
1356 3959 1442 4072 ipsra
1459 3956 1642 4066 brachia,

200 4103 387 4185 manus,
427 4075 546 4189 pedes
574 4083 813 4158 &extrema
840 4073 991 4156 narium
1021 4070 1212 4186 praerubra
1237 4071 1295 4152 ad·
1313 4071 1452 4153 focum
1481 4070 1665 4155 alliden-'

199 4185 317 4271 ribus
344 4186 525 4272 colorem
548 4184 762 4270 naturalem
787 4187 982 4299 recipiunt
991 4245 1005 4290 ,
1033 4186 1111 4268 srne
1137 4181 1223 4266 ullo
1251 4184 1352 4266 cutis
1372 4185 1470 4266 vitio
1490 4181 1641 4270 relicto.

205 4301 255 4382 Si
275 4329 409 4386 tamen
430 4301 561 4413 sapius
580 4301 673 4380 huic
686 4297 830 4409 ‘frigori
850 4323 1123 4410 exponantur,
1146 4294 1353 4378 dilatantur
1370 4293 1521 4378 cellulae
1536 4323 1643 4380 cura-

201 4439 293 4512 n'eae
313 4477 326 4518 ,
345 4411 622 4544 findunturque
641 4407 757 4490 facile
768 4465 782 4512 ,
808 4417 849 4490 ὅ(
869 4411 1050 4490 ichorem
1070 4408 1136 4488 san
1165 4410 1324 4492 uineum
1346 4409 1537 4512 fundunt,
1571 4409 1641 4492 sub

194 4527 434 4640 pernionum
460 4549 650 4628 nomme,
676 4519 919 4605 meandum
949 4517 1049 4614 alibi
1072 4438 1231 4604 maium.
1267 4521 1356 4602 Imb
1384 4529 1424 4604 δι
1452 4519 1547 4634 sape
1572 4551 1642 4636 per

202 4638 403 4752 repetitos
438 4644 479 4722 dr
505 4634 725 4720 subitaneos
759 4629 872 4740 hujus
896 4630 1130 4746 ‚frigoriferae
1169 4638 1362 4747 punelurae
1397 4635 1564 4720 imerus
1596 4637 1676 4718 fit¹

202 4749 318 4836 cutis
332 4745 418 4830 laxa
434 4755 474 4834 ὅ(
489 4749 679 4854 flaccida,
699 4749 849 4860 semper
865 4749 1033 4829 humore
1048 4741 1180 4854 aliquio
1195 4745 1361 4830 mucoso
1375 4664 1535 4831 madens
1545 4809 1557 4851 ,
1574 4749 1642 4854 qui

197 4864 354 4964 laxatis
362 4923 377 4972 ,
395 4890 469 4948 nec
485 4857 623 4948 solutis
637 4885 769 4964 tamen
786 4858 1035 4975 epidermidis
1058 4857 1250 4971 vinculis,
1270 4863 1371 4948 inter
1392 4857 1473 4968 ejus
1495 4859 1647 4970 squam-
