4228 5898
497 370 1256 508 ·rurnooucrro
1560 418 1638 495 us

202 541 313 628 seclis
348 537 523 648 irruant,
550 555 621 625 ‘aut
651 543 906 648 vetustiores,
933 539 1046 626 morai
1077 543 1247 628 acriores
1276 543 1413 651 faeta,
1443 545 1578 640 cutim·
1595 555 1638 639 in

202 653 349 742 vicinial
380 681 648 769 corrumpant.
681 656 792 742 Hinc
826 656 1054 742 fricationes
1085 654 1313 742 adhibenda
1343 659 1433 743 sunt
1455 661 1637 774 molles,

203 769 346 876 siccat,
373 765 521 868 laneae3
557 771 654 858 hinc.
679 771 926 856 inunfliones
960 768 1283 858 commendande
1315 773 1581 860 recentissrmo
1611 778 1638 862 ὲ

98 927 102 936 ,
203 879 379 992 butyr03
400 883 495 964 hinc
516 881 741 972 renovanda
760 881 904 987 lintea,
931 909 1048 994 atque
1075 881 1283 995 prasertim
1315 913 1413 968 cane
1437 893 1478 968 ὅ(
1508 919 1638 1004 angue

204 993 313 1108 pejirs
336 993 523 1108 fugienda
547 994 636 1078 sunt
661 997 797 1108 topica
825 995 1123 1110 adstringentis,
1153 993 1381 1110 repellentia
1412 1023 1462 1080 ex
1495 999 1639 1112 plantis

205 1109 383 1212 austeris,
407 1110 564 1214 terreis,
590 1109 758 1222 stypticis
770 1169 785 1213 ,
809 1135 858 1191 ex
907 1112 1029 1192 ummi
1052 1107 1345 1218 adstrigentibus
1360 1117 1402 1194 ὅ(
1417 1116 1637 1226 constipan-

203 1218 343 1325 tibus,
379 1247 430 1303 ex
463 1217 714 1327 aluminosrs,
751 1137 1007 1305 vitriollcisve
1032 1222 1234 1333 stypticis,
1279 1223 1361 1306 imo
1376 1281 1391 1325 ,
1420 1252 1503 1331 quae
1537 1227 1636 1340 sape

204 1331 387 1448 specioso
410 1330 691 1418 resolventium
711 1331 831 1418 titulo
851 1333 1052 1447 gaudent,
1077 1329 1225 1442 aliquid
1253 1331 1533 1445 praeseferunt
1553 1339 1636 1424 ads

204 1448 446 1560 tringentis,
479 1445 572 1530 clun
604 1451 782 1532 tonicam
812 1449 895 1534 virn
921 1471 1159 1552 exerceant,
1198 1443 1378 1558 adeoque
1400 1451 1543 1559 pariter
1575 1452 1636 1538 su-

207 1558 350 1674 gienda
369 1559 471 1644 sunt.
1235 1575 1237 1583 '

276 1671 445 1756 Interilts
476 1672 574 1756 verb
615 1673 809 1756 coflionis
837 1673 1033 1756 firmanda
1065 1671 1317 1786 juvandaeque
1348 1672 1639 1786 perspirationis

195 1808 198 1814 ’
235 1786 332 1868 rima
350 1787 404 1868 est
423 1785 612 1869 indicatio
630 1819 639 1868 ε
659 1785 762 1870 unde
782 1787 822 1866 in
838 1813 949 1898 quo,
975 1783 1041 1870 vel
1060 1788 1102 1868 in
1122 1813 1261 1871 recens
1275 1783 1472 1870 ablaflatis
1481 1847 1496 1893 ‚
1513 1788 1580 1880 vel
1594 1795 1637 1876 in

207 1815 440 1980 labentibus
457 1898 697 2010 potissrmbm
713 1924 856 2012 peccet
868 1897 1080 1983 videndum
1096 1901 1149 1982 est
1161 1897 1356 1991 accurate.
1368 1897 1499 1982 Muco
1513 1899 1639 1994 abun.

209 2010 274 2094 dat
287 2011 420 2094 omnis
433 2009 620 2094 infantilis
642 2033 753 2114 atas,
771 2039 821 2096 ex
839 2009 913 2094 illo
935 2037 1020 2096 tota
1039 2039 1115 2096 coa
1143 2009 1333 2097 ulatur&
1355 2014 1637 2126 compingitur.

208 2122 319 2208 Hinc
350 2121 529 2206 infantile
557 2152 629 2208 cor
656 2155 700 2208 us
726 2125 998 2208 fermentatam
1032 2041 1190 2230 maslgatm
1212 2149 1342 2208 totum
1367 2150 1557 2234 quantum
1585 2131 1639 2214 est

209 2233 377 2320 redolet.
411 2233 538 2319 Porri>
569 2153 675 2318 nulla
702 2239 756 2322 est
788 2239 985 2321 interum
1011 2234 1148 2320 naturd
1171 2235 1375 2322 substantia
1397 2265 1490 2346 quae
1514 2266 1638 2324 vene-

209 2373 318 2432 natas
343 2375 473 2462 partes
497 2348 598 2432 adeb
621 2347 867 2464 suscipiat&
890 2351 1081 2456 retineat,
1111 2347 1252 2460 easque
1276 2347 1503 2434 adhaesrona
1517 2349 1641 2436 colli·

211 2485 282 2573 get
303 2469 341 2544 bt
365 2462 526 2545 vinciat.
554 2459 665 2546 Hinc
688 2463 731 2546 in
756 2459 824 2546 illd
841 2487 952 2546 aetate
977 2489 1116 2554 omnes
1137 2462 1406 2574 impressrones
1416 2521 1431 2567 ,
1454 2465 1640 2548 mutatio·

214 2600 282 2656 nes
286 2583 313 2678 ‚'
324 2600 441 2684 atque
455 2570 704 2658 alterationes
720 2574 1025 2684 qualescumque
1045 2574 1145 2658 adeb
1161 2574 1401 2678 sentiuntur,
1416 2600 1493 2656 nec
1509 2576 1639 2662 minua

208 2682 328 2770 facile
348 2687 616 2772 emendantur.
643 2686 708 2772 Ad
723 2684 929 2770 minimum
951 2689 992 2769 in
1011 2713 1181 2800 corpore
1204 2682 1418 2771 tumultum
1440 2682 1528 2770 bilis
1550 2716 1641 2770 mu·

210 2799 305 2883 cosa
318 2803 457 2906 haret,
470 2801 648 2905 vitiatur,
665 2801 767 2884 iners
781 2827 828 2883 ac
847 2797 1084 2894 viridescens
1097 2797 1369 2884 evadit.Tunc
1385 2825 1469 2906 qua
1482 2793 1639 2884 alimen·

210 2935 251 2994 ta
270 2914 312 2993 in
337 2910 562 2998 ventriculo
593 2910 797 3025 spontanei
835 2911 966 2994 monis
996 2913 1248 3025 experiuntur
1273 2909 1398 3015 initia,
1420 2905 1638 3008 secundina
1733 2913 1737 2918 ’
1812 2987 1818 2998 .

210 3025 384 3110 innatam
400 3027 566 3108 materia
583 3027 746 3108 nutritiae
771 3049 947 3108 naturam
965 3025 1179 3130 acescunt,
1205 3022 1519 3107 &acescentiam
1533 3021 1640 3133 lym·
1671 3030 1676 3037 '
1731 3063 1733 3068 ·

211 3138 296 3250 phae
318 3139 424 3246 quast
444 3140 638 3220 continua
658 3141 967 3222 communicant.
990 3136 1100 3232 Hinc
1124 3135 1220 3250 sape
1242 3140 1284 3219 in
1306 3127 1538 3220 laflentibus
1552 3166 1640 3220 mu·

103 3243 107 3254 ’
212 3247 291 3332 tati
311 3253 467 3334 nutrice
495 3248 626 3346 *alani
651 3253 693 3332 in
717 3249 914 3334 saniorem
941 3249 1111 3334 soedatur
1136 3252 1249 3336 cutis.
1287 3247 1398 3332 Hinc
1433 3243 1641 3336 ablat-,tatio

204 3361 224 3444 ¹i
252 3362 292 3445 sa
305 3421 321 3466 ,
337 3364 457 3448 etiarn
479 3363 716 3469 necessaria,
748 3389 890 3448 cutem,
911 3360 1121 3473 aliquando
1151 3363 1291 3448 inficit.
1319 3360 1504 3446 Nascitur
1533 3364 1641 3446 eninr

213 3391 325 3560 illici>
341 3503 438 3560 acor
455 3479 546 3586 qui3
562 3499 726 3560 notante
753 3476 907 3560 summo
930 3473 972 3558 in
1000 3475 1108 3558 hisce
1128 3473 1378 3558 observatore
1403 3473 1456 3556 G.
1475 3471 1641 3583 Hatris,
1694 3487 1698 3494 '

212 3589 426 3672 maximam
454 3587 692 3672 infantilium
727 3587 959 3672 morborum
983 3613 1133 3701 partem
1159 3587 1368 3670 constituit.
1411 3584 1470 3668 Ea
1526 3615 1571 3670 ro
1598 3613 1643 3674 re

213 3698 302 3784 nati
335 3699 594 3786 excludendis
624 3699 848 3807 vermibus,
881 3727 947 3783 aut
979 3697 1200 3782 tumoribus
1223 3697 1444 3782 abdominis
1474 3615 1641 3808 glandu-

213 3810 360 3897 laribus
385 3813 516 3898 ansam
541 3814 608 3898 dat
622 3876 635 3919 ,
659 3821 700 3897 bt
728 3812 776 3897 ad
800 3839 932 3896 cutem
960 3815 1127 3925 pruritus
1153 3812 1278 3895 efficit
1305 3819 1347 3894 ὅ(
1376 3811 1554 3892 achotes.
1584 3811 1643 3894 Ea

212 3929 383 4010 materia:
408 3929 548 4011 ossium
577 3950 763 4012 cretaceae
778 3923 1016 4010 soliditatem
1038 3925 1182 4031 aufert,
1204 3922 1308 4008 unde
1326 3920 1395 4004 illa
1410 3919 1644 4008 mollescant

214 4045 256 4123 dt
288 4041 482 4124 infirmata
512 4040 832 4150 distorqueamur.
860 4039 1082 4123 Stomacho
1118 4067 1216 4152 ergo
1245 4031 1557 4152 providendum,
1575 4031 1645 4121 sed

209 4176 355 4236 tenero
381 4151 442 4236 illi
472 4159 513 4236 dt
540 4152 691 4236 summe
717 4150 868 4253 sensilis
892 4151 998 4236 unde
1036 4179 1120 4234 non
1150 4173 1292 4233 vacant
1323 4143 1502 4258 periculo
1539 4152 1643 4234 actia

215 4266 443 4349 acescentiae
473 4267 677 4378 opposita,
718 4270 809 4354 clim
838 4259 1065 4350 delicatulas
1085 4258 1273 4345 vellicare
1300 4258 1443 4371 possrnt
1461 4263 1643 4364 tunicaa;

215 4377 299 4460 irnb
327 4385 370 4460 δι
398 4375 537 4462 alcalia
560 4375 629 4465 illa
657 4405 741 4460 non
766 4403 847 4460 tarn
869 4375 1093 4466 acescenriae
1119 4372 1352 4479 medentur,
1380 4368 1496 4482 quim
1520 4373 1643 4459 acidis

214 4487 401 4574 evolutis.
424 4491 524 4576 Ideo
542 4519 636 4576 cum
658 4489 804 4574 eodem
827 4489 880 4574 G.
897 4487 1035 4576 Hatris
1060 4488 1101 4569 in
1120 4483 1194 4572 hale
1219 4512 1329 4571 atate
1352 4484 1560 4569 tenerrimi
1574 4485 1645 4568 ab·

216 4599 412 4687 sorbentia
437 4602 522 4688 aliis
543 4601 806 4716 pratollemus
828 4601 1146 4707 medicamentis,
1177 4597 1456 4710 cujuscrunque
1481 4598 1553 4682 srnt
1576 4597 1645 4680 illa

217 4719 385 4827 generis.
421 4715 539 4801 Talia
575 4719 747 4832 prestant
793 4741 1029 4800 cancrorum
1064 4711 1315 4828 fluviatilium
1353 4711 1489 4818 oculi,
1522 4709 1643 4795 chela

214 4819 481 4950 eorumdem',
500 4857 644 4946 cteta,
664 4853 780 4936 terrac¹
791 4857 931 4947 ornnes
951 4823 1205 4918 absorbentes
1215 4829 1230 4939 3
1247 4823 1388 4942 quibus
1407 4828 1450 4912 in
1470 4847 1642 4939 organo·-
