4250 5898
660 391 1192 532 CUTnNms
1548 425 1636 516 γη·

202 573 242 652 ὃ(
261 591 328 652 aut
346 567 427 654 vita
449 568 573 683 perit,
601 563 705 652 male
731 563 890 654 tratura
911 560 1140 682 gangraeui,
1158 587 1226 648 aut
1244 563 1396 652 truncia
1417 561 1636 658 vivendum

202 682 262 768 est.
294 682 458 764 Norunt
478 709 617 766 omnes
638 679 714 791 qual
743 681 936 766 methodo
964 709 1022 762 ars
1046 679 1116 792 ipsr
1141 677 1354 764 medeatur.
1379 683 1496 791 Aqua
1518 683 1633 797 frigi·
1701 727 1709 742 ·

199 791 635 907 dffimacongelationi
653 799 835 906 proxima
851 789 1200 909 ipsts‘applicatur,
1226 817 1292 876 aut
1311 795 1379 876 nix
1399 799 1632 909 apponitur;

203 931 360 992 cavetur
375 935 424 990 ne
441 907 489 990 ad
505 910 681 990 flammas
696 908 795 1020 ignis
815 906 1006 991 accedant
1015 967 1030 1010 ,
1055 903 1159 988 lesio
1177 901 1446 1024 refocillantur
1468 916 1510 992 sit
1529 907 1633 995 leni-

201 1013 271 1101 bus
298 1020 521 1103 aromaticis
551 1019 691 1104 senslm
720 1018 830 1104 calor
849 1022 1023 1104 mternus
1044 1016 1272 1103 intenditur.
1297 1017 1480 1216 cofflora
1501 1050 1632 1108 autem

198 1128 263 1214 illa
293 1131 391 1242 aqui
417 1133 599 1218 immersa
628 1132 751 1218 crusti
776 1135 857 1248 tegi
884 1129 1041 1246 glaciali
1076 1135 1212 1214 aanor
1234 1133 1287 1213 est
1317 1130 1361 1212 H
1422 1164 1514 1220 anus
1533 1121 1585 1240 (a
1615 1197 1631 1242 ,

187 1245 308 1354 ,quod
330 1244 510 1359 polhbile
534 1245 611 1331 effe
637 1249 950 1359 experimentum
977 1240 1358 1354 circhconglaciata
1385 1275 1506 1358 poma
1529 1251 1633 1330 insti-

197 1381 325 1439 tutum
344 1354 497 1471 probat.
520 1353 595 1442 Illa
613 1362 719 1444 enim
740 1357 988 1472 frigidissima
1011 1387 1118 1468 aqua
1136 1355 1317 1439 immersa
1334 1357 1456 1442 crullal
1476 1358 1633 1471 glaciali

197 1473 341 1582 pariter
363 1497 573 1582 teguntur,
605 1471 682 1582 qual
710 1469 841 1586 plures
868 1500 936 1585 per
959 1470 1223 1554 immersionis
1248 1472 1357 1552 vices
1386 1469 1554 1556 discussi
1584 1473 1633 1556 ad

196 1585 396 1697 pristinum
413 1586 584 1668 nitorem
605 1585 770 1672 redeunt
786 1583 863 1689 (b).
889 1583 971 1668 Sed
990 1588 1072 1666 hac
1096 1579 1175 1687 jam
1191 1579 1337 1695 pluries
1361 1581 1409 1666 ab
1429 1581 1514 1666 aliis
1532 1585 1634 1670 dieta

194 1696 244 1780 ad
294 1725 510 1808 angraenam
530 1701 662 1810 potiirs
685 1695 803 1808 quim
820 1696 870 1780 ad
890 1693 1054 1780 morbos
1070 1697 1170 1778 cutis
1187 1697 1407 1808 pertinent:
1432 1697 1635 1782 videverb

194 1726 291 1892 arud
310 1809 410 1894 alios
435 1808 484 1892 de
510 1810 618 1894 hisce
646 1807 796 1893 morbis
824 1809 940 1893 dode
968 1807 1200 1920 loquentem
1223 1806 1261 1896 J.
1283 1805 1511 1892 Fabricium
1537 1808 1636 1899 Hil-

198 1920 361 2006 danum.
946 1979 950 2019 ,
1064 1935 1067 1946 “

249 2033 402 2116 Verism
421 2038 521 2122 cutis
538 2035 688 2148 frigore
703 2035 900 2118 mediocri
919 2032 1086 2146 longum
1109 2059 1180 2145 per
1198 2057 1353 2148 tempus
1372 2035 1426 2116 ita
1442 2037 1564 2141 sassa,
1589 2063 1639 2121 ut

191 2143 364 2258 quidam
393 2150 498 2259 quast
525 2145 885 2261 leucophlegmatirl
903 2144 1082 2250 laboret,
1109 2148 1177 2228 uix
1201 2143 1275 2229 alia
1295 2149 1436 2260 recipit
1460 2148 1636 2234 remedia

193 2255 315 2371 quim
335 2287 381 2344 ea
396 2290 480 2370 quae
500 2260 594 2344 dam
613 2260 896 2374 epidermidern
917 2257 1150 2341 unsiuosum
1170 2264 1211 2340 ὅ(
1233 2261 1361 2342 minas
1383 2258 1533 2344 aridum
1550 2262 1636 2344 effi-

192 2371 308 2460 ciunt
320 2433 335 2478 ,
358 2372 471 2455 simul
492 2378 615 2457 cutim
637 2371 839 2455 roborant.
866 2369 1015 2480 Qualia
1033 2368 1121 2451 sunt
1139 2373 1355 2454 aromatica
1374 2369 1516 2456 oleosts
1532 2372 1637 2456 mol-
1697 2422 1701 2433 ·

191 2483 331 2587 libus,
357 2483 502 2568 mutila
531 2487 629 2566 ineis
650 2487 814 2566 remixta
826 2545 841 2589 ,
871 2479 962 2564 talia
983 2484 1024 2563 in
1045 2483 1350 2595 pharmacopatis
1375 2481 1499 2567 multa
1521 2484 1634 2598 pros-

189 2619 284 2684 tant
300 2623 482 2707 pomata,
501 2515 704 2680 hnimenta
717 2625 800 2706 qua
818 2623 867 2678 ex
882 2592 981 2678 oleis
1000 2589 1214 2699 olivarum,
1231 2592 1324 2700 lini,
1338 2595 1634 2708 amygdalarum

190 2705 406 2814 dulcium,
438 2707 616 2822 adipibus
651 2705 873 2792 recentibus
913 2707 1117 2812 constant,
1149 2707 1177 2788 st
1211 2707 1447 2790 misceantur
1477 2707 1603 2794 salviae
1617 2774 1636 2820 ,

189 2826 365 2936 thymo,
382 2819 516 2906 baccis
531 2821 630 2906 lauri
639 2885 653 2929 ,
669 2849 818 2931 ocymo
826 2883 841 2926 ,
856 2819 1093 2924 rosmarino,
1108 2817 1268 2929 aliisque
1278 2817 1410 2904 multis
1423 2819 1636 2930 similibus,

188 2935 342 3048 quibus
364 2933 486 3020 robur
504 2937 660 3041 nervis,
690 2933 828 3018 laxitas
850 2930 1083 3047 cpidermidi
1102 2931 1314 3016 inducitur.
1340 2931 1550 3020 Noderent
1567 2940 1636 3022 hic

189 3047 292 3134 olea
304 3047 514 3132 essentialia
530 3050 736 3156 siccantia,
751 3044 1002 3163 plumbataue
1013 3048 1146 3130 etruria
1156 3045 1459 3153 medicamenta,
1476 3049 1545 3132 nist
1556 3045 1636 3155 jam

186 3160 324 3246 adsint
336 3161 526 3273 rhagades
545 3171 586 3246 dt
604 3162 752 3246 fissura.
772 3159 954 3254 Proderit
969 3157 1098 3243 valide
1111 3167 1154 3244 bt
1168 3158 1218 3242 ad
1232 3161 1386 3242 initium
1406 3157 1505 3244 levis
1523 3162 1637 3248 sudo·

186 3275 274 3378 ris,
292 3273 470 3381 quotidie
483 3273 621 3378 mane,
635 3271 1081 3383 jejunoqueventriculo
1090 3335 1103 3376 ,
1119 3301 1199 3381 quo
1210 3271 1484 3388 temporeplus
1500 3301 1637 3360 excre-

186 3387 323 3470 menti
338 3375 361 3468 ὲ
375 3415 545 3500 corpore
556 3390 662 3492 exit,
682 3389 879 3490 exerceri,
897 3388 1028 3498 postea
1043 3387 1163 3489 verb,
1179 3411 1224 3468 ur
1235 3411 1413 3480 veterum
1431 3416 1521 3470 mos
1536 3389 1635 3496 fuit,

183 3499 361 3584 inunslo
392 3523 563 3612 corpore
589 3499 771 3584 frittione
795 3497 925 3584 valida
946 3524 1077 3582 totum
1100 3527 1244 3610 corpus
1266 3501 1320 3581 ita
1344 3497 1540 3584 resolvere
1550 3562 1565 3605 ,
1590 3527 1639 3585 ut

182 3615 369 3726 impetus
391 3609 623 3696 humoribus
648 3613 696 3694 ad
717 3639 852 3696 cutem
875 3614 1049 3723 stagnare
1072 3609 1350 3722 incipientibus
1371 3610 1634 3720 concilietur,

184 3751 238 3810 ut
260 3723 345 3838 ipsa
360 3721 570 3809 roboretur
585 3726 711 3828 cutis,
732 3731 772 3806 ὃ(
793 3720 952 3807 exhalet
965 3725 1079 3806 anilo
1096 3719 1230 3806 calore
1245 3723 1304 3806 vis
1322 3727 1464 3838 ingens
1483 3725 1636 3834 liquidi.

186 3833 335 3920 Simul
360 3836 590 3932 verbhdiaeta
617 3836 759 3918 srccior
786 3835 1042 3949 imperanda,
1067 3833 1308 3947 ablegandus
1333 3839 1386 3920 est
1410 3840 1573 3932 nimihm
1594 3841 1637 3922 in

182 3947 396 4064 plerisque
408 3949 456 4032 fri
486 3948 561 4032 idis
572 3945 800 4061 regionibus
815 3945 1015 4032 familiaris
1029 3949 1144 4054 theoe,
1157 3973 1225 4031 aut
1238 3947 1421 4030 similium
1434 3945 1636 4058 liquorum

182 4059 343 4148 abusus
355 4123 370 4167 ,
395 3979 536 4172 quibus
560 4062 601 4144 se
625 4085 755 4144 amant
776 4062 1042 4176 ingurgitare,
1072 4087 1117 4144 ut
1137 4059 1293 4146 saburra
1310 4063 1352 4141 in
1371 4060 1639 4146 ventriculum

187 4171 394 4287 depluens
423 4173 531 4258 malo
558 4171 726 4258 consilio
748 4170 918 4258 diluatur
947 4182 989 4259 ὅ(
1015 4171 1140 4262 diluta
1162 4172 1347 4278 tollatur,
1372 4203 1454 4282 qua
1475 4199 1640 4260 tannim·
1749 4231 1754 4239 -

183 4285 329 4372 modo
355 4283 542 4370 debuerat
568 4289 765 4371 exercitiis
787 4285 922 4371 levari.
949 4287 1026 4369 His
1055 4283 1197 4391 jejunia
1221 4284 1427 4398 prasertim
1453 4293 1495 4370 bt
1520 4287 1639 4374 facile

183 4395 410 4486 toleranda
438 4403 480 4482 st
509 4397 701 4483 salutaria·
716 4398 834 4496 sunt3
860 4401 922 4482 his
952 4396 1219 4510 permittenda
1246 4396 1387 4512 vigilia
1416 4406 1458 4484 δι
1482 4401 1642 4485 vitanda
1727 4443 1730 4450 ⁴

182 4505 296 4596 sunt
329 4509 458 4592 somni
488 4513 753 4622 protraslioris
783 4510 1070 4609 incommoda;
1090 4509 1118 4592 st
1142 4507 1283 4621 quibus
1307 4507 1545 4620 aliquandi),
1580 4516 1642 4598 his

179 4618 318 4712 certe
338 4647 458 4733 potus
475 4623 576 4706 caffd
596 4623 769 4738 profuit,
794 4649 869 4708 nec
890 4621 1086 4706 suadenda
1110 4625 1276 4748 omnino
1303 4625 1383 4712 vini
1412 4628 1643 4714 meracioris

150 4815 154 4820 ⁵
235 4813 254 4885 ί
264 4811 309 4880 a)
331 4807 379 4869 De
399 4807 560 4892 Gangraenl'
574 4819 601 4874 &
618 4815 774 4897 Spbattlo,
793 4833 856 4898 cap.
872 4835 918 4892 ¹3·

234 4889 306 4968 st)
327 4885 371 4954 V·
389 4889 593 4959 Van-sunus
610 4893 723 4960 coma
742 4915 813 4961 wat.
832 4893 1096 4980 hirsiaugia&
1206 4935 1210 4940 -
1271 4915 1272 4920 ¹
