4250 5898
490 341 578 453 ’57'6
929 330 1041 424 DE
1103 332 1470 431 MORBIS

490 535 584 592 cuni
601 498 847 610 intolerabili
872 499 1024 586 doloris
1050 501 1261 588 acerbitate
1278 503 1403 588 simul
1427 501 1624 618 erumpit,
1652 497 1806 588 idcitcii
1833 500 1927 588 vio-t

490 608 661 710 lentiore
672 621 864 728 unguium
877 614 1123 700 fodicatione
1133 616 1213 701 sese
1226 614 1401 702 lacerans
1417 643 1584 731 aegrotus
1592 679 1606 720 ,
1624 620 1795 728 gemitus
1813 617 1925 702 mise-

403 799 410 808 .
489 728 630 822 rabiles
657 729 835 813 effundit.
862 727 909 809 In
924 727 1094 810 maximi
1113 733 1209 812 veri>
1224 727 1519 814 exulceratione
1534 756 1638 811 tanta
1652 731 1711 811 vis
1727 733 1921 813 vermium

489 839 709 955 expullulat
737 865 782 922 ut
807 837 891 922 aliis
917 843 1002 953 post
1027 839 1151 947 alios,
1173 867 1237 924 tan
1269 841 1407 966 uam&
1439 842 1690 925 multifariam
1720 842 1923 954 perforato

477 953 626 1062 dolio,
652 949 946 1065 erumpentibus
966 961 1008 1038 ὃτ
1027 871 1344 1060 scaturientibus,
1370 959 1499 1037 omnis
1518 952 1791 1067 ablegentium'
1804 983 1924 1068 opera

491 1065 660 1149 ludatur.
693 1065 752 1146 Hi
774 1093 871 1176 ergo
899 1093 968 1178 per
993 1062 1216 1176 hujusmodi
1244 1071 1425 1181 corporis
1452 1065 1752 1170 resolutionem,
1772 1064 1924 1150 infelici

491 1183 601 1284 exitu
613 1180 732 1260 vitani
748 1175 963 1277 claudunt,
982 1207 1030 1260 an
1047 1175 1215 1262 inatural
1231 1177 1310 1262 cibi
1318 1243 1332 1284 ,
1347 1180 1430 1262 ani
1446 1184 1634 1292 temperie
1646 1182 1743 1261 aeris
1760 1205 1925 1263 eventus

490 1295 558 1379 iste
571 1289 871 1405 proficiscatur„
877 1287 1109 1402 ambiguum
1122 1295 1185 1376 est.
1203 1291 1303 1374 Haec
1315 1292 1535 1375 Diodorus.
1554 1293 1602 1374 In
1614 1291 1732 1376 foedis
1748 1291 1925 1402 impuris-

491 1435 577 1518 que·
585 1403 786 1486 ulceribus
802 1400 975 1516 pediculi
988 1403 1216 1511 nascuntur,
1231 1407 1360 1514 inquit
1377 1403 1527 1488 Plinius
1542 1411 1616 1509 (a).
1639 1405 1731 1488 Nec
1748 1408 1924 1516 negarim

489 1519 624 1611 casum
643 1521 749 1600 hunc
767 1519 862 1598 mihi
883 1533 1083 1625 nunquam
1096 1518 1222 1600 visum
1243 1515 1328 1602 aliis
1343 1520 1567 1604 occurrisse.
1590 1517 1694 1601 Ciam
1742 1517 1924 1600 raesettim

478 1629 729 1740 *Hyeronina
740 1627 990 1712 Mercurialis
998 1633 1063 1727 vir
1080 1629 1317 1714 dotriffimus
1338 1634 1493 1716 &inter
1508 1634 1677 1716 viatores
1695 1547 1923 1714 observator

489 1733 807 1857 praestastissinius
818 1804 833 1846 ,
854 1740 1008 1824 easdem
1029 1739 1321 1840 observationes
1344 1740 1365 1824 ὲ
1387 1743 1575 1830 Diodoro
1593 1741 1670 1849 jani
1691 1741 1809 1826 fatus
1825 1745 1923 1856 Aga-

489 1851 686 1940 tharchidi
701 1853 856 1936 tribuat.
872 1853 1061 1938 Praetetei
1075 1884 1158 1938 rem
1171 1853 1442 1940 observaverat
1456 1857 1489 1940 F
1493 1859 1636 1940 orestus
1648 1855 1696 1960 (h)
1715 1858 1754 1937 in
1764 1858 1921 1967 pietate

489 1970 629 2078 insigni
651 1965 899 2080 Boeklandio
911 2027 936 2070 ,¹
949 1966 1094 2074 aliique
1103 1971 1291 2063 auetores
1314 1967 1449 2076 multi,
1478 2000 1577 2080 quos
1602 1978 1644 2054 ὅτ’
1666 1971 1708 2050 in
1728 1967 1920 2081 Epheme-

488 2079 638 2178 ridibus
658 2105 799 2160 naturae
821 2077 1133 2163 curiosorum&
1153 2077 1246 2162 alibi
1269 2081 1402 2191 passim
1420 2087 1610 2195 reperies,
1632 2085 1687 2165 ita
1706 2109 1750 2164 ut
1771 2084 1920 2164 autori-

488 2217 569 2274 tate
591 2219 650 2275 res
672 2191 962 2302 non-indigeat.

504 2313 518 2401 j
546 2305 694 2390 Veriim
715 2303 790 2386 alia
812 2306 863 2385 est
884 2304 1141 2417 phthiriaseos
1153 2365 1167 2411 ,
1184 2304 1251 2390 seu
1265 2305 1396 2389 morbi
1411 2303 1643 2419 pedicularis
1660 2305 1915 2415 formaquam
2025 2311 2027 2316 ’

488 2423 532 2532 sp
554 2417 689 2532 Ennio
716 2416 853 2511 Poetae·
875 2420 984 2500 aiunt
1011 2418 1244 2531 contigisse,
1274 2426 1316 2503 &
1338 2419 1535 2525 Disiatori
1557 2415 1674 2528 Sylla
1704 2425 1786 2524 (c),
1810 2415 1919 2524 cnjus

488 2527 634 2644 eorpus
653 2528 919 2642 ing-pediculos
936 2541 1066 2613 totum
1085 2530 1267 2638 versum,
1291 2555 1337 2614 ut
1355 2537 1448 2614 eiim
1466 2528 1580 2615 multi
1600 2535 1721 2614 nottu
1740 2538 1785 2620 bt
1804 2534 1920 2614 inter-

488 2636 556 2730 diu
581 2641 769 2727 tollerent
789 2670 859 2728 eos
873 2706 887 2750 ,
912 2641 1020 2726 nulli
1077 2670 1157 2726 arte
1181 2647 1356 2757 potuerit
1375 2667 1510 2731 tamen
1537 2642 1646 2754 quod
1673 2640 1919 2750 rejiciebatur

486 2787 639 2868 aequate
659 2754 758 2839 illud
782 2757 891 2864 quod
915 2675 1180 2840 succedebat:
1206 2762 1343 2858 veriiin
1368 2785 1506 2851 omnes
1528 2759 1678 2862 vestes,
1705 2755 1915 2864 balneum,

484 2866 743 3068 pollubium‚
770 2867 883 2952 cibus
908 2868 986 2952 illis
1007 2868 1233 2984 repleretur.
1263 2871 1362 2956 Ideb
1387 2871 1519 2984 saepiiis
1540 2868 1604 2953 die
1628 2867 1917 2982 ingrediebatur

515 2981 700 3087 alneum,
727 2980 889 3065 abluens
910 2990 954 3066 ὅτ
974 2980 1191 3096 abstergens
1218 3012 1389 3099 corpus,
1410 2987 1590 3066 caeterum
1613 2979 1712 3065 nihil
1732 2985 1918 3096 proficie-

484 3092 612 3198 batur.
641 3088 839 3178 Vincebiit
865 3098 972 3200 enirn
998 3093 1200 3181 celeritate
1229 3098 1463 3202 conversio,
1493 3093 1775 3210 superabatque
1804 3097 1917 3210 copia

485 3205 649 3290 omnem
682 3211 968 3318 purgationem.
1008 3208 1116 3292 Vidit
1148 3213 1313 3297 Amatus
1347 3208 1552 3311 Lusitanus
1579 3207 1647 3313 (d)
1682 3206 1916 3318 Olyisipone

483 3315 690 3418 hominem
706 3321 771 3400 cui
788 3347 939 3426 nomen
961 3318 1109 3404 Tubero
1124 3349 1205 3402 non
1219 3319 1424 3434 ignobile,
1439 3324 1505 3431 qui
1519 3325 1600 3406 hoc
1615 3319 1763 3404 morbo
1780 3319 1917 3406 misere

485 3431 598 3514 obiit.
621 3425 682 3516 Ita
698 3435 803 3516 enim
823 3430 995 3546 pediculi
1014 3460 1084 3545 per
1102 3431 1185 3539 ejus
1204 3463 1277 3521 cor
1304 3467 1349 3518 us
1368 3432 1567 3518 scatebant
1586 3442 1628 3519 ὅτ
1646 3432 1915 3540 abundabant,

483 3570 530 3628 ut
552 3544 631 3627 duo
659 3539 739 3648 ejus
765 3544 864 3627 servi
887 3546 1099 3662 AEthiopes
1125 3545 1226 3630 nihil
1251 3464 1357 3631 ahud
1383 3577 1483 3632 curae
1508 3545 1698 3630 haberent
1720 3543 1841 3656 quirin
1868 3576 1915 3631 ex

483 3651 765 3769 ejus'corpore
788 3660 985 3770 cophinos
1013 3658 1152 3771 plenos
1177 3658 1453 3775 pediculorum
1473 3659 1521 3742 ad
1548 3687 1655 3743 mare
1679 3661 1792 3769 quod
1819 3663 1916 3746 civi-

484 3773 742 3878 tatemhanc·
764 3765 876 3852 alluit
902 3771 1064 3854 deferre.
1094 3773 1183 3862 Sed:
1202 3773 1322 3856 sidem
1341 3771 1508 3884 derogat
1533 3801 1595 3856 am
1624 3769 1803 3856 lificatio.

541 3881 866 3998 Certe'histptici
895 3882 1074 3998 plerique
1101 3885 1301 3969 declarant
1326 3884 1552 4000 Philippum
1597 3884 1797 3970 ecundum
1821 3883 1915 3968 His-

483 3993 683 4110 paniarum
698 3997 881 4108 Regem,
901 3993 1045 4079 morbo
1064 3996 1279 4111 pediculati
1292 3995 1447 4102 obiisse,
1462 4005 1503 4082 &
1517 3999 1609 4080 cuni
1624 3996 1824 4082 ulceribus
1838 3999 1912 4108 qui

484 4105 588 4206 dem.
612 4106 694 4190 Sed
716 4136 764 4188 an
788 4107 961 4221 pediculi
978 4108 1027 4191 ab
1048 4107 1245 4193 ulceribus
1266 4111 1513 4198 nascerentur
1533 4109 1615 4193 no'n
1637 4109 1725 4194 satis
1744 4113 1914 4196 constari

482 4219 678 4328 Quamvis
695 4247 792 4334 ergo
802 4213 942 4336 ,apud
962 4250 1035 4304 nos
1056 4222 1283 4335 praesertim,
1305 4251 1410 4306 rarus
1429 4223 1473 4304 sit
1491 4223 1701 4331 exquisitus
1721 4221 1792 4308 ille
1810 4253 1917 4308 mor·

481 4329 555 4412 bus
577 4331 813 4446 pedicularis
838 4337 1020 4418 homines
1051 4335 1241 4435 chronice
1268 4339 1489 4448 perimens,
1513 4335 1600 4418 satis
1626 4362 1676 4420 ex
1699 4337 1919 4420 numerosis

478 4438 820 4560 observationibus
838 4451 948 4534 omni
963 4445 1043 4564 fide
1058 4447 1184 4560 dignis
1200 4449 1377 4557 constat,
1400 4476 1493 4534 eum
1511 4447 1586 4544 else
1602 4445 1918 4552 admittendum

521 4584 580 4654 (α)
603 4581 664 4641 Lib.
680 4605 730 4655 27.

517 4659 579 4738 (b)
599 4660 706 4726 Fortsi.
724 4664 771 4724 lib.
790 4669 824 4736 8,
839 4665 920 4728 schol.
939 4666 997 4729 obs.
1018 4685 1065 4742 15·

522 4747 575 4817 (c)
596 4740 736 4804 Plutarch.
756 4748 783 4801 in
800 4745 888 4824 syna.

428 4845 435 4854 .
512 4820 572 4906 μ)
594 4821 871 4902 sinistimus,
891 4845 960 4892 cent.
978 4846 1113 4909 bestat.
1135 4835 1184 4907 5⁸·
1234 4800 1245 4912 ι.
