4292 5904
504 411 594 514 ⁶24·
969 381 1501 482 oauonnrs
1734 353 1753 392 ‘

515 567 659 656 nosum
672 561 803 651 oculis
819 557 1029 666 irrotandis
1042 561 1109 644 hic
1128 583 1263 643 natum
1282 554 1332 640 ad
1348 550 1512 640 callosas
1530 571 1659 667 partes
1677 573 1762 634 non
1779 545 1946 662 harere,-

515 711 585 768 aut
608 712 691 765 non
714 675 984 783 accumulari,
1005 699 1122 784 atque
1140 699 1315 758 tumores
1335 666 1540 754 ulcerosos
1560 665 1734 750 efficere.

578 795 638 880 Ab
655 789 887 877 humoribus
910 786 1092 894 acribus,
1117 788 1194 871 srve
1216 783 1269 868 ob
1344 775 1890 897 rspirationem,supprell'am
1908 786 1947 866 ὃς

518 911 721 1013 fluxione,
746 929 790 989 ut
811 901 966 988 aiebant
987 927 1162 1008 veteres,
1186 903 1227 982 in
1244 927 1293 1013 pa
1311 894 1448 1012 pebras
1469 892 1666 996 delatam,
1695 893 1774 975 saue
1790 889 1844 986 ab
1861 900 1946 987 reli.

518 1025 629 1134 quias
657 1025 871 1104 humorum
895 1017 1219 1131 herpeticorum,
1247 1035 1314 1094 aut
1349 1008 1517 1094 aliorum
1547 1003 1802 1112 hujusmodi,
1835 1020 1946 1100 etiam

422 1175 424 1182 ⁴
518 1137 764 1240 sanatorum,
789 1157 991 1216 remanent
1017 1133 1058 1212 in
1084 1151 1177 1212 cure
1203 1129 1391 1208 harumce
1417 1125 1584 1238 partium
1614 1121 1709 1204 vitia
1740 1125 1882 1228 quibus
1907 1133 1947 1215 fit

519 1272 566 1334 ut
591 1247 735 1332 levitas
763 1271 880 1356 atque
906 1241 1104 1327 mobilitas
1131 1241 1232 1325 illisas
1263 1240 1399 1351 organi
1431 1233 1590 1318 laedatur
1604 1293 1618 1338 ,
1648 1230 1761 1314 nullo
1792 1243 1947 1352 quidem

508 1391 715 1475 ‚agrorum
746 1357 959 1474 periculo,
994 1355 1060 1439 sed
1096 1383 1242 1467 magno
1278 1371 1418 1434 eoru'm
1450 1345 1729 1462 incommodo·
1766 1355 1876 1438 Hinc
1905 1361 1949 1442 fit

523 1477 756 1559 Graecorum
773 1473 965 1555 trochsmo
976 1469 1086 1580 quod
1098 1469 1270 1580 semper,
1286 1474 1328 1549 bt
1339 1491 1388 1548 ex
1399 1465 1456 1546 rei
1467 1459 1706 1564 necessitate,
1721 1467 1949 1554 rubedinem

521 1595 564 1671 bt
590 1591 781 1702 pruritum
806 1587 941 1670 secum
963 1584 1100 1688 affert,
1127 1585 1210 1664 imi>
1233 1578 1278 1661 sa
1307 1573 1519 1772 bpusiulas
1545 1575 1719 1676 excitat,
1750 1581 1800 1664 ad
1823 1585 1950 1696 pustu-

510 1699 648 1786 ⁴larum
708 1727 827 1803 encra
853 1696 874 1780 i
903 1695 1018 1780 nobis
1049 1693 1241 1808 descripta
1267 1609 1384 1774 satie
1410 1688 1631 1772 referendas
1660 1721 1669 1768 :
1701 1725 1808 1777 nunc
1839 1725 1954 1809 gran-

522 1816 653 1898 diores
664 1731 793 1920 llgcofin
809 1835 978 1914 vocant,
995 1805 1253 1923 &palpebras
1270 1800 1467 1919 appellant
1485 1801 1623 1884 ficosas
1638 1831 1649 1899 ;
1665 1837 1770 1891 nunc
1783 1811 1949 1894 minores

524 1935 566 2010 bt
597 1923 695 2007 milii
730 1951 894 2036 granum
922 1923 1169 2026 reserentes,
1199 1916 1368 2001 miliates
1410 1943 1616 2001 vocantur.
1649 1919 1759 2004 Tum
1795 1921 1950 2005 demum

525 2041 720 2123 continuo
749 2062 863 2117 motu
886 2061 1032 2118 vexata
1058 2031 1278 2146 palpebra,
1305 2033 1537 2140 irritataeque
1559 2026 1706 2118 alsrduo
1736 2062 1811 2118 nec
1834 2039 1951 2121 inter·

522 2147 719 2233 mittendo
745 2151 936 2230 exercitio
965 2144 1187 2228 ulceranrur
1201 2208 1213 2249 ,
1241 2147 1363 2254 fitque
1388 2141 1536 2224 malum
1558 2143 1752 2232 veteribus
1771 2149 1948 2231 accurata

524 2261 762 2377 descriptum
784 2260 853 2344 sub
873 2262 1034 2346 nomine
1057 2255 1252 2340 abscessits
1270 2255 1554 2370 palpebrarum.
1581 2252 1646 2336 De
1668 2260 1845 2371 quovide
1866 2260 1947 2344 De-

524 2379 768 2459 mosthenem
788 2372 891 2489 apud
910 2375 1070 2456 Aetium
1091 2377 1178 2476 (a):
1201 2373 1269 2480 qui
1292 2367 1453 2478 morbus
1473 2371 1603 2481 ponus
1624 2371 1768 2458 ulceris
1791 2377 1951 2457 nomine

525 2489 666 2602 dignus
685 2491 809 2594 soret,
828 2487 850 2572 s
852 2513 901 2570 cu
918 2487 1047 2601 potibs
1065 2482 1128 2598 pal
1157 2482 1256 2566 ebra
1270 2482 1458 2565 vocanda
1478 2481 1610 2566 forent
1631 2485 1841 2584 ulcerosac3
1864 2491 1953 2569 ciam

526 2604 593 2684 hic
608 2602 656 2684 de
678 2602 743 2684 srm
775 2601 843 2684 lici
859 2629 941 2682 non
954 2624 1088 2712 agatur
1102 2513 1259 2701 uscere,
1281 2594 1347 2679 sed
1361 2593 1472 2679 erosa
1485 2603 1524 2678 bt
1541 2621 1732 2714 perpetuo
1754 2625 1869 2702 motu
1885 2599 1955 2683 de-

524 2717 617 2798 trita
628 2632 878 2798 vascusorum
892 2712 1111 2795 rudimenta
1131 2739 1199 2824 per
1214 2738 1338 2792 annos
1353 2711 1528 2820 integros
1545 2739 1642 2822 pus,
1669 2715 1833 2795 humori
1847 2739 1956 2795 ceru-

526 2828 663 2909 minos
658 2857 684 2909 o
696 2823 968 2941 palpebrarum
983 2825 1213 2928 remixtum,
1230 2829 1271 2906 ὅ(
1284 2819 1383 2932 aqui
1396 2823 1462 2903 hic
1473 2823 1637 2911 stillante
1646 2828 1831 2910 vitiatum
1842 2826 1956 2909 effun-

527 2939 622 3023 dant
632 2999 645 3044 ,
670 2940 802 3024 donec
822 2939 870 3022 ad
892 2937 1081 3022 tarsorum
1099 2934 1392 3048 cartilagineam
1411 2963 1587 3023 naturam
1606 2942 1861 3055 pervenerint
1877 2969 1957 3048 qua

525 3050 603 3158 jam
618 3054 794 3136 cicatrici
810 3049 916 3134 nulla
929 3049 1072 3134 sufficit
1083 3049 1350 3156 fundamenta,
1364 3052 1468 3136 unde
1478 3045 1681 3136 ulcuscula
1693 3054 1849 3168 semper
1859 3055 1957 3134 hian·

525 3169 580 3248 tia
595 3164 814 3274 servantur,
837 3191 919 3247 non
938 3165 1114 3246 inaudito
1134 3161 1319 3276 exemplo
1338 3164 1549 3252 exsoliatos
1567 3165 1679 3250 fuisse
1698 3163 1805 3280 ipsos
1824 3165 1954 3250 tarsos.

583 3275 691 3359 Inter
717 3276 850 3372 ulcera
876 3279 1093 3360 cacoethea
1117 3274 1201 3382 jure
1225 3306 1477 3362 numerantur
1501 3277 1634 3362 ulcera
1657 3279 1786 3361 modb
1809 3306 1956 3360 memo-

527 3415 608 3474 rata
632 3388 930 3504 palpebrarum,
961 3419 1044 3499 quat
1066 3395 1108 3472 bt
1132 3387 1358 3504 pulveribus
1380 3389 1699 3498 absorbentibus,
1724 3389 1954 3475 stecantibus

528 3511 572 3587 bt
597 3503 794 3587 detetsrvis
824 3502 1112 3618 potentioribus
1140 3533 1239 3618 opus
1265 3502 1446 3589 habeant.
1477 3506 1542 3588 Ad
1570 3507 1652 3590 haec
1681 3509 1844 3590 inventa
1871 3503 1956 3588 col-

526 3613 627 3727 lyria
647 3645 695 3700 ex
715 3645 808 3722 aare,
831 3613 993 3699 vitriolo
1005 3680 1020 3722 ,
1048 3614 1158 3726 aloc,
1183 3620 1266 3699 imi)
1290 3625 1332 3700 bt
1349 3645 1526 3703 veterum
1552 3617 1788 3702 sandaracha
1806 3619 1956 3720 offitia,

520 3751 614 3841 'qua
639 3729 781 3842 possint
803 3728 914 3810 smol
940 3737 981 3812 bt
1003 3729 1090 3813 vasa
1115 3733 1338 3836 exsiccare,
1368 3741 1413 3819 δι’
1435 3736 1609 3815 carnium
1631 3732 1785 3846 semper
1809 3730 1958 3820 recres-

522 3845 704 3926 centium
730 3843 937 3926 retundere
963 3843 1184 3944 luxuriem
1206 3874 1299 3926 cum
1324 3845 1464 3957 quibus
1486 3871 1616 3928 tamen
1640 3848 1695 3928 ita
1717 3843 1832 3928 caute
1853 3848 1960 3926 ince-

528 3954 703 4040 dendum
725 3983 769 4040 ut
789 3984 893 4038 nunc
913 3952 1006 4061 illa,
1032 3988 1136 4042 nunc
1157 3955 1310 4041 leniora
1330 3949 1481 4043 ex‘ovo
1501 3967 1544 4042 bt
1562 3956 1671 4040 melli
1688 3983 1959 4073 apponantur,

527 4067 681 4185 semper
714 4093 845 4153 tamen
872 4068 1064 4182 fugiendo
1100 4070 1268 4158 laxantia
1301 4079 1342 4156 bt
1376 4101 1422 4156 ea
1451 4079 1533 4181 qua
1560 4074 1673 4153 nimis
1702 4073 1960 4172 humcblant,

530 4181 676 4294 quippe
700 4212 803 4291 qua,
828 4179 1027 4268 laxatione
1051 4183 1229 4290 indulta,
1246 4184 1399 4298 possent
1413 4187 1540 4268 hiatus
1557 4181 1701 4268 ulceris
1723 4210 1868 4297 augere
1880 4245 1895 4290 ,
1918 4189 1964 4266 bt

524 4299 774 4398 curationem
802 4296 964 4379 tardare.
1416 4377 1418 4382 .
1728 4319 1730 4326 ⁴

587 4408 653 4489 Ad
673 4405 808 4492 ulcera
837 4405 905 4491 illa
926 4410 1136 4494 reserenda
1151 4410 1332 4495 uidentur
1349 4414 1499 4495 varices
1517 4407 1592 4492 illa
1612 4407 1888 4524 palpebrarum
1908 4407 1963 4490 de

531 4515 671 4628 quibus
696 4519 833 4604 seduli)
859 4549 997 4607 monet
1017 4525 1176 4629 Actius,
1200 4551 1252 4608 ne
1271 4522 1358 4607 illas
1376 4547 1512 4608 curare
1525 4521 1693 4606 velimus
1700 4587 1714 4628 ,
1737 4527 1829 4605 clun
1853 4520 1965 4602 surn-

530 4659 641 4715 mum
658 4627 859 4720 obtineant
878 4635 1127 4750 malignitatis
1146 4639 1308 4752 gradum
1325 4669 1337 4737 ;
1354 4637 1457 4722 relic
1479 4639 1584 4720 enim
1599 4637 1810 4744 suspicatur
1830 4659 1966 4716 muta·

527 4769 616 4831 tum
635 4743 711 4827 else
729 4746 842 4833 ulcus
863 4753 903 4834 in
921 4753 1168 4864 carcinoma,
1186 4754 1335 4838 varices
1360 4753 1616 4836 carcinomati
1636 4749 1695 4833 illi
1711 4747 1966 4850 accrescere,

573 4882 1043 4987 mfflmfflmww
1134 4901 1230 4940 Γ·
1757 4963 1772 4996 .

1877 5009 1969 5096 quae
