4188 5916
640 437 1150 544 CUTANEIa
1536 495 1611 570 ”r

183 633 299 694 erunt
322 615 390 724 qui
413 643 507 699 cum
531 613 1079 731 sagacillimo&do&ill1mo
1104 619 1237 704 Baton
1260 625 1341 729 (a),
1367 619 1616 712 consentiant

182 722 294 839 posse
310 726 440 812 forsan
460 730 540 814 sme
555 729 661 814 noxi
677 730 826 815 famosa
845 729 914 815 illa
933 734 1222 818 medicamenta
1241 732 1263 815 ὲ
1283 737 1392 850 praxi
1409 731 1550 843 abjici,
1572 763 1616 824 ut

182 861 279 950 pote
306 869 391 951 quae
416 839 516 925 iatri
575 845 759 954 rimarum
780 847 933 930 viarum
956 845 1101 932 limites
1127 846 1346 953 subsistant,
1372 874 1449 932 nec
1473 877 1615 936 exten·

182 949 324 1035 dantur
344 952 469 1061 ultri,
490 873 715 1040 indrilubilia
734 963 904 1072 prorslrs.

238 1063 390 1150 Verlrm
413 1070 481 1152 etsr
505 1074 709 1185 proprium
728 1069 871 1185 regulo
891 1068 1143 1178 vehiculum,
1161 1097 1207 1156 ut
1229 1075 1282 1155 ita
1298 1069 1450 1176 dicam,
1475 1075 1616 1166 consti·

181 1199 267 1260 tuat
291 1178 475 1294 sulphur,
508 1185 625 1293 eique
652 1192 694 1269 &
719 1211 865 1269 novam
893 1186 1010 1269 addat
1036 1186 1287 1290 efficaciam,
1317 1191 1360 1266 ὅ(
1386 1187 1615 1297 potestatem

181 1289 409 1404 acceleret,
431 1296 634 1381 latendum
656 1299 708 1380 est
729 1297 999 1411 multomagis
1018 1301 1055 1382 ei
1072 1300 1269 1410 potestatis
1285 1294 1477 1380 accedere
1500 1325 1617 1407 atque

182 1401 396 1515 efficacia,
424 1413 517 1493 clim
572 1413 669 1495 otest
690 1408 833 1494 salibus
862 1410 1018 1494 misceri
1044 1413 1218 1494 innmibs
1247 1435 1366 1519 atque
1396 1406 1618 1495 combinari

181 1517 307 1602 virtus
328 1521 518 1634 regulina.
543 1441 606 1608 lta
626 1526 733 1608 enim
755 1527 800 1607 fit
821 1527 946 1638 magis
968 1521 1219 1638 penetrabilis
1245 1520 1315 1608 illa
1339 1529 1380 1606 dc
1401 1549 1471 1637 per
1494 1548 1618 1608 artem

182 1631 304 1738 quast·
315 1634 494 1745 graduari
547 1641 655 1723 otest.
1633 1671 1635 1676 ¹

240 1742 392 1828 Verum
411 1744 432 1830 *a
450 1667 592 1833 salibus
605 1755 728 1835 virtus
742 1749 915 1835 servatur
932 1751 1123 1855 emerim,
1148 1775 1224 1832 nec
1242 1745 1370 1830 ullum
1393 1746 1505 1832 datur
1528 1743 1618 1832 sali·

182 1885 300 1942 num·
312 1861 519 1944 antimonii
541 1892 794 1979 preparatum
822 1861 933 1974 quod
957 1892 1040 1947 non
1067 1859 1214 1972 aliquid
1242 1862 1395 1944 virtutis
1419 1863 1617 1968 emeticae,

183 1993 252 2052 aut
276 1967 413 2056 saltem
440 1980 641 2090 purgantis
665 1978 841 2061 retincat.
868 1973 984 2058 Unde
1007 1972 1200 2088 singulare
1223 1972 1297 2055 suit
1319 1969 1619 2056 clarissimorum

183 2084 447 2191 quorumdam
472 2088 730 2173 Medicorum
755 2092 971 2174 institutum
992 2092 1048 2171 ita
1069 2083 1231 2171 testatis
1250 2085 1333 2170 dosr
1356 2085 1619 2170 administrare

182 2197 267 2278 haec
283 2225 359 2308 pra
386 2224 490 2285 arata
495 2263 511 2308 ‚
525 2196 576 2287 'ut
596 2203 738 2286 omissi
750 2200 819 2286 illa
832 2206 873 2288 vi
887 2226 1132 2286 verterentur
1151 2204 1191 2284 in
1211 2196 1424 2283 alterantia.
1444 2197 1514 2283 Sic
1532 2229 1618 2282 non

182 2229 445 2420 spernentium
460 2314 795 2399 medicamentum
809 2314 982 2399 offerunt
995 2313 1186 2420 essentiae,
1202 2315 1318 2417 vina,
1332 2314 1505 2394 tincturae
1520 2315 1622 2396 anti-

183 2420 404 2530 moniales,
435 2425 463 2507 sr
496 2453 546 2510 cx
573 2426 651 2510 illis
679 2424 852 2542 partibus
874 2429 970 2508 fiant
994 2421 1313 2508 antimonialibus
1335 2453 1418 2532 quae
1440 2423 1621 2507 nondum

185 2533 309 2618 calcis
325 2564 501 2622 naturam
517 2543 735 2654 perignem
750 2539 896 2655 adeptae
915 2539 1017 2642 smt,
1036 2537 1105 2620 sed
1127 2539 1180 2621 ita
1200 2533 1378 2650 regulind
1396 2562 1504 2648 parte
1526 2565 1620 2618 cum

211 2644 384 2760 hlogisto
407 2650 628 2763 gaudeant,
650 2678 696 2736 ut
714 2655 859 2736 virtute
877 2679 960 2734 non
980 2649 1207 2733 fraudentur
1225 2644 1407 2732 emetical.
1433 2647 1478 2730 Id
1500 2649 1625 2760 snrgu’

182 2676 318 2844 latitet
340 2786 525 2896 expertus
549 2764 846 2849 commendavit
868 2761 936 2848 Cl.
957 2761 1149 2845 Huxham
1167 2760 1250 2866 (b),
1268 2763 1337 2871 qui
1356 2761 1493 2844 vinum
1521 2763 1622 2843 anti-

183 2871 362 2958 moniale
385 2907 409 2960 a
432 2877 687 2992 quadraginta
708 2881 828 2992 guttis
849 2876 899 2960 ad
923 2870 1149 2988 scrupulum
1168 2903 1292 2956 unum
1314 2902 1407 2957 cum
1426 2869 1505 2956 levi
1526 2901 1622 2956 nau·

185 2983 271 3092 sed,
297 2989 381 3072 imb
396 2987 417 3073 ὲ
432 2989 572 3078 decem
595 2993 645 3076 ad
666 2991 921 3104 quadraginta
943 2990 1022 3072 sine
1043 2984 1125 3070 ulls
1146 2985 1309 3090 nausti,
1330 2983 1508 3069 fineulla
1524 3013 1622 3070 ven·
1749 2990 1752 2998 ’

186 3099 320 3184 triculi
339 3101 584 3188 sunciionum
609 3103 842 3189 alteratione
861 3103 1055 3187 continuo
1075 3101 1207 3182 haustu
1228 3127 1298 3211 per
1318 3095 1447 3212 plures
1471 3097 1624 3183 menses

187 3211 379 3298 adhibuit.
398 3217 490 3301 Imb
511 3222 690 3302 constans
711 3217 815 3330 apud
834 3215 1023 3299 Medicus
1041 3210 1108 3296 tali
1124 3237 1279 3296 utentes
1297 3210 1474 3294 remedio
1493 3208 1624 3294 obser-

185 3329 294 3411 vatio
311 3329 364 3409 est
375 3354 462 3412 earn
478 3329 604 3415 dosrm
618 3359 701 3442 quae
717 3332 845 3444 primi>
862 3325 1107 3412 membranas
1121 3323 1332 3409 ventriculi
1345 3321 1624 3429 convellebat,

187 3436 299 3524 brevi
313 3437 426 3524 nullo
440 3445 507 3526 ini
535 3444 620 3528 sum
630 3444 773 3529 effettu
783 3436 1345 3547 infamari‚‘ventriculumque
1356 3436 1414 3520 illi
1427 3441 1482 3522 ita
1495 3435 1627 3520 assues·

188 3579 303 3658 cere,
319 3579 365 3636 ut
376 3553 413 3642 J.
428 3475 616 3642 Brisbane
634 3563 694 3663 (c)
719 3587 801 3640 non
814 3555 958 3640 inlimae
972 3579 1076 3637 notae
1090 3548 1321 3654 observator
1338 3551 1481 3636 viderit
1496 3550 1627 3634 honri-

187 3693 284 3750 nem
303 3668 371 3772 qui
388 3664 526 3749 sensim
542 3669 792 3755 assuescendo
813 3672 865 3753 eb
883 3693 1071 3772 venerat,
1092 3689 1138 3747 ut
1153 3663 1315 3780 impune
1335 3664 1475 3750 decem
1494 3663 1626 3746 tartari

189 3775 331 3862 stibiati
352 3806 474 3890 grana
492 3781 619 3892 posset
641 3780 719 3864 und
736 3785 826 3866 vice
848 3783 1033 3866 haurire:
1059 3782 1198 3863 verbm
1216 3779 1245 3860 st
1264 3780 1375 3862 testes
1396 3774 1626 3860 clarissimos

185 3885 349 4001 Anglos
368 3886 577 3998 adhibeas,
592 3890 744 3976 nullum
758 3897 911 4008 potius,
928 3889 1082 3976 nullum
1096 3893 1328 4005 prestantius
1341 3892 1393 3974 est
1407 3886 1627 3971 remedium

191 4004 240 4087 ad
260 4006 395 4086 omnia
411 4007 512 4087 cutis
524 4005 680 4091 fluentis
694 4003 829 4092 ulcera
841 4009 937 4092 vino
953 4003 1220 4107 antimoniali,
1243 4002 1310 4085 seu
1325 4003 1457 4114 potilrs
1471 3996 1626 4082 nullum

192 4141 396 4200 attenuans
411 4117 523 4228 quod
541 4123 637 4202 tanti
654 4121 902 4228 faciendum,
921 4148 967 4204 ut
981 4116 1136 4204 abundb
1149 4111 1318 4229 probant
1333 4108 1626 4197 observationes

193 4257 317 4344 nuper
337 4230 452 4323 edita⁴
469 4229 493 4316 ὲ
510 4233 685 4320 Medicis
708 4237 749 4318 in
772 4233 870 4322 urbe
892 4230 1137 4318 Londinensr
1157 4224 1320 4310 selectis.

250 4345 306 4430 At
325 4346 426 4429 inter
449 4343 547 4431 alios
571 4348 680 4432 casus
705 4347 853 4458 eosque
874 4339 1129 4460 spectabiles,
1156 4334 1288 4420 nullus
1311 4341 1362 4422 est
1383 4335 1484 4420 adeb
1511 4365 1626 4422 nora·

194 4449 286 4538 bilis
306 4455 424 4566 quim
450 4458 519 4544 ille
542 4489 662 4571 quem
684 4457 885 4574 leprosum
906 4479 1028 4540 vocat
1049 4451 1086 4540 J.
1116 4447 1304 4534 Brisbane
1330 4451 1494 4534 Martini
1517 4449 1629 4535 Kelli

196 4567 285 4675 qui,
308 4594 397 4654 utut
418 4570 576 4658 summa
602 4571 850 4686 negligentia
871 4597 959 4655 reus
972 4629 988 4674 ,
1014 4561 1103 4650 solo
1118 4589 1253 4648 tamen
1265 4561 1335 4646 usu
1352 4564 1433 4648 vini
1456 4568 1628 4648 antimo-

189 4677 308 4770 nialis
322 4682 542 4796 'perfetiarn
561 4688 805 4771 sanationem
823 4682 1014 4766 assecutus
1033 4680 1098 4764 est.
1123 4676 1226 4787 Quae
1247 4677 1407 4789 quidem
1427 4675 1631 4764 observata

206 4837 210 4844 -
233 4797 287 4868 (α)
308 4791 399 4854 baron
414 4795 457 4858 sur
471 4796 556 4858 Ldme
600 4821 608 4858 ε
628 4798 764 4860 Huxham
778 4795 976 4860 Observatious
988 4815 1027 4854 on
1043 4795 1175 4852 antintou.

235 4870 292 4947 (l)
315 4873 354 4938 V.
377 4873 514 4939 Hurhanr
535 4877 566 4939 O
586 4877 734 4942 servatione
754 4901 792 4938 on
811 4879 973 4965 autimouy,
991 4894 1057 4962 pag.
1077 4880 1115 4935 60
1133 4879 1160 4933 δι
1180 4867 1237 4960 seq·

186 4960 193 4990 ‘
235 4957 295 5032 (c)
317 4951 349 5024 J·
369 4955 579 5032 Brisoana-1„
598 4959 635 5025 C.
654 4983 722 5047 pag·
741 4979 789 5037 45·
1292 5027 1402 5136 Ttij
