4226 5916
703 417 1193 548 curantis
1579 461 1661 539 aa

228 597 413 687 acurpat.
433 573 473 661 Is
493 575 594 662 adeo
610 579 751 666 efferus
769 585 822 666 est
840 586 883 666 bt
901 585 1080 667 humanae
1096 581 1289 698 patientia
1307 606 1467 700 captum
1482 583 1665 704 superans

227 717 272 772 ut
295 692 369 774 viri
392 694 519 776 etiam
548 695 711 777 animosi
742 724 860 806 atque
888 699 1146 802 constantes,
1188 695 1338 811 scalptu
1395 728 1563 814 erpcruo
1595 705 1665 792 fibi

225 801 360 886 ulcera
374 807 493 888 etiam
510 806 706 918 profunda
721 806 1013 915 conciliassent,
1038 811 1066 892 st
1084 838 1166 892 non
1180 809 1261 924 ipsa
1279 729 1490 897 conslrislae
1508 818 1665 904 ariditas

226 919 328 1000 cutis
345 913 512 1002 obstaret
529 922 634 1032 puris
649 924 920 1034 generationi,
947 929 989 1006 ὅ(
1009 953 1052 1005 ru
1082 949 1185 1007 tutas
1206 925 1346 1007 ichore
1365 923 1535 1038 repleret
1555 930 1664 1016 crus-

224 1027 315 1112 toso
334 1028 404 1112 sub
425 1061 506 1140 quo
524 1032 644 1118 infida
659 1034 829 1120 nascinn
843 1035 1021 1119 cicatrix.
1082 1065 1137 1120 aec
1154 1063 1285 1120 autem
1304 1036 1564 1152 symptomata
1580 1047 1664 1156 igni

226 1139 338 1225 sacro
361 1143 409 1226 ad
433 1144 629 1229 summum
650 1147 815 1262 gradum
838 1150 977 1232 evebio
1026 1152 1177 1262 ropria,
1202 1147 1315 1232 simul
1338 1151 1550 1234 miscentur
1569 1183 1664 1240 cum

225 1252 514 1341 lancinantibus
524 1259 717 1372 punctulis
729 1263 943 1366 acerrimis,
954 1179 1023 1344 tel
1033 1264 1144 1345 instar
1155 1263 1282 1367 infixi,
1293 1263 1663 1375 citb'emicantibus,

228 1370 312 1451 citb
329 1370 618 1458 renascentibus
635 1404 648 1472 3
670 1405 752 1485 quo
768 1374 879 1458 sensu
896 1374 1145 1481 renascente,
1166 1379 1208 1458 in
1230 1377 1324 1488 igne
1340 1374 1450 1459 sacro
1467 1374 1665 1491 phlysloe·

226 1481 330 1564 noso
346 1482 469 1598 vulgo
488 1486 614 1570 serum
630 1484 804 1601 depluit,
821 1485 887 1572 vel
901 1515 1005 1572 nova
1018 1487 1230 1572 renascitur
1251 1486 1505 1602 phlysioena3
1526 1495 1567 1574 bt
1584 1494 1664 1602 qub

226 1592 376 1676 malum
397 1601 523 1681 acrius
540 1603 616 1704 est,
635 1601 686 1682 eb
706 1601 950 1711 frequentior
966 1603 1019 1684 est
1034 1601 1163 1684 sensus
1183 1599 1251 1684 ille
1269 1598 1484 1687 lancinans.

282 1707 361 1790 Pro
377 1714 563 1796 varietate
582 1712 681 1796 sedis
697 1739 921 1826 occupate,
940 1716 1120 1826 gravior,
1136 1741 1202 1798 aut
1214 1711 1342 1800 levior
1356 1715 1408 1799 est
1421 1714 1664 1827 symptoma-

225 1845 311 1903 tum
334 1820 497 1906 illotum
513 1823 691 1910 violenta
710 1829 794 1926 vis3
814 1826 880 1910 sed
900 1824 1052 1940 semper
1075 1829 1089 1908 i
1119 1831 1176 1909 nis
1197 1827 1304 1910 sacer
1323 1854 1391 1942 per
1409 1825 1449 1910 se
1464 1826 1581 1910 saevus
1598 1829 1663 1912 est.

285 1935 378 2018 Nec
400 1933 604 2051 prognofis
627 1938 790 2052 simplex
810 1939 887 2024 esse
904 1942 1041 2052 potest.
1108 1968 1170 2022 am
1191 1943 1314 2024 variat
1335 1969 1417 2024 non
1441 1937 1568 2022 solbm
1589 1969 1663 2054 pro

193 2047 202 2054 ’
226 2050 382 2132 ratione
407 2055 598 2135 acuminis
623 2081 742 2164 atque
764 2053 992 2166 pervicacia
1010 2052 1343 2167 symptomatum,
1364 2051 1432 2138 sed
1452 2057 1570 2136 etiam
1591 2081 1665 2167 pro

226 2165 415 2248 varietate
433 2163 669 2250 accidentali
693 2167 989 2281 phoenomenun
1012 2191 1291 2272 externorum,
1316 2173 1358 2250 δι
1381 2164 1517 2250 natura
1543 2163 1665 2249 causa:

226 2272 415 2358 morbum
443 2278 678 2364 inducentis.

287 2387 446 2470 Notum
462 2393 513 2472 est
527 2391 672 2474 malum
690 2394 730 2473 in
747 2388 925 2475 cruribus
943 2391 1078 2475 senum
1092 2388 1236 2473 tardius
1254 2388 1387 2472 sanari.
1406 2389 1544 2504 Vulgb
1558 2396 1667 2476 aiunt

228 2502 300 2606 qui
324 2499 494 2583 formam
514 2502 668 2587 affeslat
687 2503 897 2587 rotundam
916 2502 1005 2618 plus
1029 2501 1221 2586 obsistere.
1255 2501 1360 2584 Mihi
1382 2505 1479 2586 verb
1493 2505 1562 2588 visi
1579 2504 1667 2588 sunt

227 2615 344 2724 ignes
375 2611 474 2697 sacri
505 2619 571 2725 qui
599 2615 758 2700 latiores
787 2613 1014 2701 obtinerent
1039 2612 1282 2730 phlysiotnas
1315 2617 1442 2700 minbs
1472 2618 1666 2722 resistere,

228 2721 350 2834 qubm
365 2729 432 2836 qui
451 2731 609 2812 minutis
626 2731 891 2813 conflarentur
905 2728 1085 2845 pustulis,
1106 2725 1223 2810 facile
1239 2724 1542 2811 renascentibus.
1558 2729 1611 2811 Et
1624 2731 1667 2815 ln

228 2864 377 2950 genere
398 2868 478 2947 quo
500 2845 634 2954 primis
653 2842 889 2956 phlysloenis
906 2843 1108 2926 exsiccatis
1129 2831 1179 2922 eb
1199 2835 1418 2924 crebriores
1438 2839 1666 2954 resurgunt,

230 2953 285 3033 eb
305 2955 422 3034 etiam
446 2952 662 3038 durationis
679 2957 720 3037 in
736 2952 843 3038 malo
864 2952 986 3059 majus
1006 2950 1227 3068 periculum
1247 2953 1310 3036 est.
1336 2955 1390 3036 At
1407 2953 1435 3036 si
1454 2950 1603 3064 aliquid
1625 2958 1668 3040 in

229 3064 354 3146 vitam
374 3066 605 3178 impendeat·
617 3065 808 3182 periculi,
835 3065 877 3150 id
899 3067 1105 3180 distingues
1128 3063 1149 3148 l
1169 3065 1476 3178 symptomatum
1493 3064 1667 3173 atrocis,

229 3175 417 3288 srgnaque
448 3183 572 3294 magis
605 3183 784 3294 urgentia
817 3178 925 3264 dabit
957 3177 1100 3264 lividus
1135 3176 1183 3261 ab
1214 3181 1333 3372 igino
1360 3177 1669 3375 dqgenerascens

233 3287 365 3373 color.
393 3290 522 3400 Quod
542 3296 845 3408 phoenomenon
864 3292 913 3376 ab
933 3295 1129 3402 antiquis,
1156 3300 1240 3376 &a
1290 3293 1301 3373 i
1331 3290 1374 3374 so
1438 3289 1520 3376 elso
1542 3317 1669 3376 anno-

232 3424 360 3486 tatum
381 3407 445 3487 est.
467 3407 617 3490 Verbm
635 3407 684 3490 ad
701 3408 928 3522 prognosrm
950 3403 1189 3502 fulciendam
1213 3432 1265 3487 co
1310 3430 1424 3489 erunt
1444 3405 1564 3488 causae
1584 3407 1669 3515 qu'ae

233 3511 327 3598 solae
345 3514 393 3598 ab
411 3519 638 3636 erysipelate
656 3548 775 3605 acuto
791 3523 924 3632 ignem
940 3518 1091 3602 sacrum
1108 3518 1370 3628 distinguunt,
1391 3525 1431 3602 br
1447 3521 1484 3602 ei
1499 3519 1670 3602 sormam

234 3627 290 3708 im
320 3632 465 3714 ertiunt
477 3694 491 3736 ,
515 3658 634 3744 atque
653 3631 735 3738 ejus
756 3635 1012 3747 proprietates
1034 3631 1257 3714 efformant.

264 3657 471 3828 -bsutatio
500 3746 659 3858 phyfica
685 3775 767 3853 qua
798 3748 838 3826 in
867 3747 959 3857 igne
987 3743 1098 3826 sacro
1123 3740 1212 3825 vasa
1236 3737 1476 3854 lymphatica
1505 3739 1670 3824 insarslu

237 3853 391 3960 afficit,
419 3859 550 3940 vicina
574 3858 783 3972 sanguinea
810 3856 1023 3940 erethismo
1052 3857 1222 3970 premit,
1248 3853 1386 3938 eadem
1413 3854 1464 3936 est
1489 3876 1606 3960 atque
1629 3857 1671 3936 in

238 3966 478 4082 erysipelate.
518 3972 671 4055 Verum
701 3975 790 4053 cum
819 3967 933 4081 causp
963 3970 1113 4052 irritans
1141 3967 1280 4055 locum
1307 3966 1496 4068 unicum,
1523 3968 1673 4049 ceteris

199 4175 205 4182 Ι
238 4082 411 4187 intastis,
443 4111 646 4198 occupet,
676 4085 759 4166 imb
784 4091 825 4168 bt
847 4081 1087 4198 retropulsus
1114 4085 1216 4193 ignis
1241 4079 1348 4160 sacer
1362 4138 1376 4180 ,
1407 4101 1451 4158 ut
1477 4074 1670 4189 pleraque

237 4220 307 4280 ,eru
338 4199 465 4279 tiones
476 4196 658 4282 volatiles
675 4223 848 4280 cutaneae
857 4260 871 4302 ,
883 4196 1090 4280 sanitatem
1102 4222 1186 4303 quae
1203 4193 1307 4304 prius
1322 4191 1472 4300 integra
1486 4215 1568 4272 erat
1581 4217 1671 4274 cou-

239 4223 372 4391 turbet
383 4371 396 4413 ,
417 4309 535 4394 facile
551 4313 604 4396 est
623 4309 866 4394 concludere
888 4313 1022 4422 ignem
1042 4306 1193 4387 sacrum
1210 4327 1284 4416 pro
1299 4299 1414 4384 cause
1435 4300 1671 4413 agnoscere,

241 4447 324 4502 non
339 4423 452 4536 ipsrbs
471 4422 639 4539 lymphae
655 4426 818 4524 vitium,
840 4445 907 4504 aut
924 4420 1091 4534 partium
1110 4417 1191 4522 ejus
1213 4415 1453 4541 degenerum
1476 4412 1676 4498 alteratio·

241 4561 361 4640 nem,
389 4534 456 4618 sed
477 4566 568 4621 acre
590 4534 752 4646 aliquod
776 4557 1005 4618 extraneum
1026 4533 1129 4613 intus
1154 4553 1387 4614 contentum
1409 4558 1422 4628 3
1446 4530 1499 4610 ita
1519 4554 1564 4611 ut
1586 4545 1674 4642 pars

241 4645 310 4730 illa
322 4673 505 4732 extranea
517 4653 556 4732 in
569 4673 719 4765 partem
730 4645 901 4757 aliquam
916 4643 1112 4759 deposita,
1128 4669 1283 4728 caeteras
1294 4642 1411 4746 srnat,
1433 4647 1474 4724 ὃ(
1491 4643 1675 4743 intatlas,

245 4766 285 4842 bt
301 4758 486 4845 salubres.
506 4761 616 4846 Hinc
632 4764 658 4844 st
672 4757 948 4875 retropellatur
962 4763 1107 4841 humor
1120 4755 1210 4863 ille,
1229 4751 1353 4840 subita
1366 4752 1572 4869 prasertim
1587 4747 1678 4834 deli·

243 4870 431 4962 sescentis
438 4935 453 4984 ,
471 4873 586 4960 illico
599 4876 880 4964 suffocationes
887 4935 902 4988 ,
917 4872 1033 4960 tusses
1049 4874 1169 4962 anxie
1178 4931 1193 4982 ,
1208 4873 1357 4986 angina
1347 4867 1522 5064 Esumme
1535 4865 1680 4950 inflam-

1394 5004 1449 5060 ee
1465 5007 1490 5082 ry
