4250 5898
654 431 1170 545 coarmata
1302 540 1305 546 ,
1546 481 1657 580 tar.

193 609 304 698 extri
317 610 523 730 ligaturam
536 621 732 734 pendeat,
752 621 960 737 polieique
974 621 1086 735 rupti
1098 625 1200 707 inter
1213 627 1411 737 corpur&
1424 646 1625 714 tumorem

194 734 583 840 communicatione,
601 733 846 849 deligatum,
867 745 908 821 dt
923 764 1056 820 tumor
1068 734 1182 819 srmul
1194 737 1409 820 concident
1415 801 1435 843 ,.
1449 737 1623 851 basrsqoe

192 839 381 926 cicatrice
397 847 549 928 firm-ior
572 848 784 962 apparebit.
803 853 859 932 At
879 852 906 934 st
925 877 1008 933 non
1032 847 1275 964 propendeat
1298 848 1498 958 sarcoma„
1523 879 1623 938 tunc

190 951 373 1039 industria
399 957 587 1073 Chirurgi
614 989 741 1076 partes
762 963 958 1047 rescindet
978 960 1136 1046 inutiles
1147 1023 1161 1068 ‚
1185 989 1281 1046 runc
1301 959 1419 1044 basrm
1445 962 1622 1050 luceres*

191 1065 325 1148 cendo
342 1079 471 1184 aptam
493 1071 668 1187 pluribus
682 1073 836 1160 vicibus
852 1080 1029 1160 cauterio
1042 1101 1203 1180 exuret,
1224 1075 1356 1162 donec
1376 1073 1445 1158 sub
1463 1077 1622 1164 oscitari

188 1177 387 1287 prolirnda
409 1183 634 1300 suppuratio
665 1197 707 1272 dt
733 1187 883 1272 malum
907 1188 1127 1280 &radices
1151 1187 1263 1270 simul
1290 1185 1479 1272 exsolvat.
1510 1191 1621 1275 Nam

185 1286 287 1402 sepe
305 1295 588 1408 hypersarcosrs
611 1299 682 1384 illa
704 1299 831 1412 quaei
855 1299 1009 1386 cellulis
1030 1305 1203 1384 cutaneis
1225 1298 1326 1384 intrd
1344 1329 1505 1384 mueum
1516 1361 1534 1407 ,
1553 1327 1621 1388 aue
1717 1354 1719 1363 ·

184 1401 289 1489 intri
310 1407 439 1518 ipsum
460 1407 620 1526 adipem
637 1413 833 1522 trascitur,
857 1443 924 1500 aut
943 1416 1136 1520 omnino,
1161 1439 1228 1500 aut
1247 1418 1389 1531 partim
1414 1413 1621 1528 resurget,

182 1516 255 1597 nist
283 1541 413 1604 textus
440 1522 637 1611 cellularis
665 1527 901 1642 profitndiira
923 1529 1243 1644 suppurationem
1274 1527 1444 1612 senserit.
1477 1527 1529 1609 In
1557 1530 1620 1612 hia

182 1631 311 1739 porri>
339 1633 529 1722 orrrnibue
558 1637 709 1729 cafibtre
738 1645 842 1728 ernis
869 1639 949 1756 ipsa
978 1644 1196 1756 patiturne
1225 1667 1440 1725 commune
1464 1642 1620 1837 integu-

180 1768 364 1828 mentum
377 1809 393 1854 ,
419 1757 462 1833 dt
487 1751 671 1837 omnibus
699 1755 821 1839 causta
850 1758 1020 1838 extemis
1046 1751 1307 1866 undequique
1338 1757 1543 1865 impetenti
1571 1775 1621 1838 ue

179 1881 334 1968 patens.
357 1860 477 1944 Licet
494 1867 603 1948 enim
620 1893 774 1951 ueteres
794 1893 971 1952 tumores
987 1866 1111 1950 hosce
1134 1893 1273 1950 omnes
1291 1866 1340 1950 ad
1359 1865 1482 1951 bilem
1500 1891 1619 1976 atque

177 1967 232 2052 ad
258 1998 382 2056 atram
408 1971 528 2060 bilem
558 1977 789 2086 retulerint,
818 1977 1078 2064 nihilominus
1098 2005 1231 2062 tamen
1248 2005 1386 2063 verum
1414 1981 1468 2061 est
1486 1977 1620 2064 causae

177 2083 301 2168 hasce
326 2085 348 2169 ὲ
373 2084 596 2202 longinquo
624 2096 763 2205 petitas
788 2097 915 2177 minias
942 2090 1207 2176 obsertationi
1236 2087 1484 2207 respondere.
1516 2091 1622 2176 Sunt

178 2201 324 2281 contri
341 2201 531 2285 struaturae
549 2203 732 2292 naturalis
754 2206 1025 2320 degenerantis
1043 2205 1180 2288 formae
1200 2204 1370 2288 diversa.
1397 2204 1445 2286 Id
1465 2205 1516 2287 ei>
1535 2229 1621 2288 nte-⁴

174 2307 257 2392 ‘liius
282 2310 562 2398 demonstratur
572 2379 588 2421 ,
611 2318 778 2426 quindiu
798 2323 1047 2402 adreromate
1067 2341 1265 2421 cutaneo,
1318 2314 1395 2400 ilos
1414 2315 1494 2399 sese
1514 2317 1619 2399 cras-

173 2423 325 2504 'srssimo
341 2425 499 2507 humori
515 2426 730 2540 implicitos
746 2429 935 2512 invenisse
947 2428 1150 2512 Leonidas
1166 2343 1341 2541 prodiaelit
1362 2434 1425 2532 (a)
1439 2487 1458 2534 5
1480 2427 1620 2513 Philo-

174 2561 309 2617 xenus
344 2539 446 2628 vero,
481 2565 608 2622 narrat
653 2569 673 2623 t
723 2567 804 2624 etta
824 2540 860 2648 fa
891 2545 935 2626 se
962 2538 1162 2624 culicibus:
1190 2565 1260 2623 aot
1291 2542 1443 2654 exiguis
1473 2541 1622 2628 muscia

172 2644 332 2730 srmilia
372 2649 501 2732 Priori
535 2676 579 2734 ut
617 2569 821 2738 credamus
851 2654 1118 2738 observationi
1149 2650 1192 2734 id
1220 2652 1316 2734 facit
1347 2651 1455 2762 quod
1483 2651 1622 2738 multe

173 2757 325 2842 similes
339 2759 632 2850 observationes
644 2765 748 2880 apud
765 2772 991 2852 neotericos
1004 2773 1046 2848 dt
1062 2767 1103 2846 in
1115 2765 1207 2847 attis
1222 2763 1347 2846 Acad.
1360 2761 1466 2877 Reg.
1483 2765 1618 2850 Scien-

172 2872 324 2954 tiarum
339 2879 600 2987 reperiantur,
619 2881 703 2962 imo
718 2879 815 2994 saepe
829 2907 879 2965 ex
896 2885 943 2964 iis
959 2875 1030 2993 pili
1048 2875 1260 2960 confertim
1275 2881 1385 2961 exire
1396 2877 1615 2966 videantur.

171 2981 391 3068 Posteriori
414 2987 629 3075 diffidimus
650 2994 801 3106 magia,
822 2999 915 3077 clrm
935 2988 1063 3078 facilis
1079 2991 1126 3074 stt
1144 3015 1254 3074 error
1272 2993 1314 3074 in
1333 2993 1616 3106 imaginatione

169 3091 196 3176 ai
220 3094 478 3186 similitudine
501 3102 638 3186 fotmae
657 3104 851 3219 percussi.
1590 3152 1594 3160 ·

552 3325 1112 3422 ARTICULUS
1180 3329 1231 3412 V.

366 3513 433 3602 De
454 3515 593 3605 Nevit
616 3519 664 3602 ab
684 3520 955 3639 imaginatione
973 3548 1143 3606 materno
1160 3519 1426 3634 pendentibus.

233 3739 351 3851 Quid
373 3741 602 3854 imaginatio
628 3747 761 3829 matris
780 3747 822 3828 in
845 3745 989 3830 soetum
1009 3767 1098 3856 agat
1119 3748 1133 3824 i
1157 3745 1223 3828 An
1247 3743 1295 3829 ab
1316 3743 1384 3830 illa
1407 3744 1616 3834 nascantur

162 3877 240 3938 tor
265 3858 405 3959 uoevi,
432 3880 497 3936 tot
517 3853 680 3939 absurde
700 3857 868 3942 formata
890 3887 1062 3972 corpora
1084 3885 1168 3966 qun
1193 3858 1496 3972 cum-partubus
1524 3861 1612 3944 nas·

168 3990 346 4070 cuntur,
376 3974 418 4050 &
437 3993 508 4050 eos
528 3965 739 4078 aliquando
763 3972 942 4055 efficiunt
955 3965 1048 4056 vere
1065 3971 1301 4056 monstrosos
1325 3977 1339 4053 i
1361 3973 1427 4056 An
1450 3971 1610 4059 denrirm

165 4075 303 4172 deleri
325 4075 382 4160 illi
402 4079 573 4192 poffintl

215 4189 366 4274 Prioris
387 4195 637 4300 questionum
657 4195 847 4280 harumce
867 4198 1066 4307 ioquisrrio
1092 4199 1222 4310 potiit
1242 4194 1290 4282 ad
1308 4192 1607 4307 Metaphyficen

166 4300 297 4414 quiam
322 4303 369 4387 ad
384 4303 574 4415 Phystcen
594 4305 771 4418 spaerae:
798 4309 839 4393 id
858 4315 1009 4392 tantum
1032 4311 1143 4392 cetto
1165 4307 1308 4390 scimus
1329 4307 1472 4390 socrum
1489 4311 1607 4416 atque

166 4441 344 4499 matrem
366 4415 577 4502 distinilam
599 4420 764 4503 omnino
783 4424 908 4504 vitam
930 4424 1075 4504 vivere.
1106 4420 1232 4502 Suum
1253 4422 1397 4527 cuique
1417 4447 1490 4504 cor
1513 4449 1526 4517 ;
1548 4419 1608 4504 sui

166 4527 269 4612 sunt
293 4530 401 4611 nervi
425 4561 435 4610 ε
462 4528 654 4674 praecipue
677 4535 774 4617 veri>
804 4532 948 4616 scimus
976 4558 1126 4650 partem
1157 4529 1267 4633 illam
1298 4561 1381 4639 quae
1408 4533 1450 4614 in
1482 4556 1605 4614 matre

161 4639 293 4724 sentit
317 4647 357 4722 dt
380 4669 563 4726 movetur
585 4675 607 4728 a
627 4647 768 4730 mentis
787 4647 936 4759 impetu
948 4709 960 4750 ,
983 4649 1004 4728 n
1023 4643 1219 4728 debilibus
1242 4643 1399 4727 infantis
1420 4647 1576 4758 organis
1588 4703 1605 4748 ,

162 4755 232 4838 ita·
243 4747 455 4836 diffindam
467 4753 544 4838 elle
553 4817 569 4861 ‚
580 4783 624 4842 ut
635 4760 836 4872 vanurnsrt
848 4761 998 4872 lingere
1012 4755 1269 4872 ernbryonem
1286 4753 1342 4840 ira
1350 4818 1365 4864 ,
1387 4784 1519 4864 metu,
1535 4781 1606 4838 ter·

201 4933 273 5014 'tat
294 4927 629 5000 eomrouuenea
663 5005 666 5012 ,

1256 5011 1410 5121 Zzzij
