4186 5908
481 385 573 464 266·
931 357 1044 455 D'E
1102 357 1225 450 ΜΟ
1250 361 1357 450 R'B
1386 363 1464 449 1¹8

469 537 665 638 ‚subluere
685 533 937 640 camarticie,
961 551 1045 616 non
1066 527 1304 616 irritantibus
1322 527 1432 637 illisi,
1451 525 1520 612 sed
1536 529 1806 642 eccoproticie
1823 559 1924 645 pro-

483 655 613 752 derit;
633 647 765 762 qualia
780 647 1028 765 suppeditant
1046 669 1120 762 pro
1137 643 1290 730 diversi
1305 647 1398 759 aegri
1418 643 1633 757 temperie,
1656 669 1792 751 aetate,
1811 649 1923 732 vitiu

483 767 592 854 uarie
609 762 853 868 adhibenda,
872 761 991 845 senna
1000 822 1014 868 ,
1033 783 1176 844 manna
1185 821 1199 868 ,
1220 757 1335 842 caffia
1349 764 1393 842 dt
1406 749 1500 845 salia
1517 754 1586 838 illa
1597 757 1728 842 media
1738 785 1789 842 ex
1802 787 1925 876 vege-

483 877 657 966 tantibus
679 878 841 962 acidum
859 872 931 986 sibi
950 875 1156 960 sumentia.
1184 873 1277 958 Nec
1300 871 1389 958 satie
1414 872 1470 954 est
1497 872 1539 954 in
1563 869 1671 954 malo
1693 869 1835 956 rebelli
1858 901 1925 962 tot

484 1003 529 1080 dt
554 1017 661 1082 tuntt
684 992 787 1076 inuis
816 988 1080 1075 medicamina
1110 984 1353 1094 cumulasse,
1384 984 1454 1068 nist
1481 982 1597 1068 fimus
1624 1013 1694 1098 per
1721 991 1922 1077 exteriora

484 1107 656 1194 laxantia
689 1105 906 1190 reiiituatur
933 1103 1198 1220 'perspiratio,
1230 1107 1272 1185 br
1303 1125 1365 1183 am
1394 1095 1474 1182 lior
1505 1096 1737 1219 humoribus
1768 1105 1923 1188 exitum

483 1216 741 1308 molientibus
773 1247 842 1336 pet
873 1221 1001 1302 cutim
1029 1219 1093 1300 via
1124 1218 1329 1332 aperiatur.
1412 1215 1421 1233 ⁰
1453 1243 1478 1297 c
1507 1216 1724 1297 maximum
1753 1216 1821 1301 bic
1850 1217 1923 1304 srbi

482 1332 597 1418 usum
620 1331 825 1417 vindicant
848 1329 988 1416 balnea
1012 1357 1120 1442 aque
1143 1328 1284 1527 regido
1306 1325 1537 1428 universalia
1558 1325 1627 1411 illa
1647 1335 1688 1413 dt
1709 1327 1922 1440 diuturna,

482 1444 627 1559 quibus
654 1451 842 1558 quantum
867 1443 995 1530 laticis
1024 1471 1048 1526 a
1076 1446 1141 1528 uei
1170 1468 1192 1527 a
1220 1440 1422 1528 sorbeatur
1449 1439 1581 1554 plures
1608 1441 1923 1531 demonstravere

481 1562 584 1646 inter
600 1585 701 1672 quos
713 1561 840 1643 noster
849 1557 1055 1676 prefulget
1118 1560 1317 1642 onneriue.
1337 1553 1550 1662 Praetereit,
1569 1554 1717 1641 sublata
1789 1560 1820 1643 sl
1840 1557 1924 1644 bal-

482 1683 603 1758 neum
629 1673 982 1788 aqua-pressione,
1010 1675 1149 1785 ingena
1175 1674 1393 1756 humorum
1416 1673 1550 1754 vie&
1575 1673 1694 1784 c'opia
1737 1697 1843 1755 errur
1868 1673 1921 1758 ad

483 1790 635 1891 entim,
661 1793 702 1870 dt
724 1784 862 1870 laxetis
884 1783 1208 1900 uasis-¹per-»lllam
1231 1785 1336 1896 quast
1360 1809 1537 1868 torrente
1552 1781 1659 1868 'fauo
1679 1788 1766 1868 ‘exit
1778 1847 1792 1890 ‚
1812 1786 1921 1872 unde

483 1905 526 1986 dt
539 1897 782 1982 'subtrahitur
799 1897 948 1983 alendis
967 1896 1126 2014 pustulis
1146 1891 1297 2006 fomes,
1325 1903 1368 1982 ὅ(
1384 1900 1566 1982 materies
1582 1898 1663 2013 ipsa
1683 1897 1921 2014 pullulatum

483 2009 773 2127 appositi-aqud
789 2011 950 2096 diluitur
965 2038 1083 2122 atque
1097 2013 1293 2098 mitescit:
1318 2012 1532 2121 omniaque
1549 2009 1701 2125 plenius
1720 2011 1769 2095 ad
1778 2015 1921 2096 ‘omni-

483 2123 646 2208 modam
664 2123 907 2230 sanationem
922 2123 1205 2239 disponuntur,
1228 2123 1333 2209 unde
1354 2128 1447 2208 viris
1471 2122 1620 2232 semel,
1642 2152 1708 2208 aut
1728 2129 1920 2240 epinyei·

484 2237 597 2345 dem,
614 2260 682 2322 aut
699 2236 876 2340 leviores
948 2232 1060 2350 stolas
1082 2239 1193 2351 paliis
1211 2235 1414 2350 nunquam
1427 2235 1451 2320 it
1463 2236 1614 2324 balneis
1629 2237 1916 2324 abstinendum:

484 2359 568 2462 quae
588 2363 718 2436 tamen
741 2377 825 2435 non
849 2363 871 2434 a
901 2351 1128 2458 mouenda,
1152 2351 1274 2468 pleno
1299 2349 1429 2435 adhbe
1456 2358 1498 2435 dt
1524 2351 1654 2436 crudis
1680 2353 1941 2471 humoribus·

483 2484 667 2580 turgente
705 2491 906 2580 corpore,
944 2490 995 2548 ne
1029 2462 1186 2579 plenibu
1219 2465 1298 2549 ind'
1330 2465 1405 2549 etti·
1437 2467 1626 2549 humorev
1658 2465 1833 2550 serantur
1870 2467 1919 2552 ad

485 2581 636 2684 curtim,
664 2585 704 2662 dt
726 2578 881 2692 pustulae
904 2593 1186 2665 convertantur
1208 2583 1250 2663 in
1315 2600 1405 2663 cera
1425 2575 1595 2662 crustosa
1615 2575 1684 2662 illa
1706 2578 1755 2662 de
1775 2579 1919 2692 quibut

482 2719 581 2778 mox
603 2719 625 2774 a
654 2717 778 2776 ernus.

540 2805 596 2889 At
618 2722 789 2889 cgeisante
809 2803 944 2913 malo,
968 2829 1086 2917 atque
1109 2804 1184 2913 jam
1204 2805 1500 2892 defervescente
1520 2803 1602 2912 ejus
1621 2803 1796 2908 fernes,
1820 2831 1918 2918 pto-

484 2916 586 3000 derit
618 2915 787 2999 multum
818 2916 919 3001 illud
952 2915 1117 3032 bretgo
1147 2917 1297 3030 insequi
1330 2947 1399 3035 per
1431 2919 1582 3003 dietam
1608 2917 1771 3003 laetum
1799 2943 1920 3028 atque

482 3029 617 3112 asinini
635 3029 843 3144 prasertim
867 3029 975 3115 lastis
1000 3032 1087 3116 sero
1109 3039 1150 3116 bt
1164 3031 1291 3116 mane
1314 3031 1495 3148 assumpti
1521 3032 1636 3115 usum
1657 3064 1669 3134 3
1697 3030 1808 3143 quod
1830 3029 1916 3139 lac,

480 3168 606 3228 verno
628 3143 835 3256 praesertim
858 3165 1066 3259 tempore,
1090 3143 1220 3258 postea
1242 3149 1340 3230 verb
1354 3143 1570 3230 autumnali
1582 3208 1595 3250 ‚
1618 3143 1751 3280 plures
1771 3172 1848 3261 per
1858 3173 1918 3227 an·

481 3284 557 3339 nos
574 3258 620 3339 iis
641 3252 966 3370 praescribendum
983 3259 1038 3342 est
1051 3256 1193 3368 quibua
1209 3262 1312 3344 cutis
1327 3261 1530 3373 agrotavit
1548 3287 1598 3342 ex
1616 3256 1690 3342 tllo
1708 3259 1919 3372 prasertim

482 3395 628 3484 genere
650 3367 884 3452 morborum
903 3373 971 3481 qui
989 3372 1163 3486 pendent
1176 3370 1229 3454 ab
1253 3360 1614 3457 acrimonisietum
1631 3372 1854 3477 infestante,
1877 3379 1920 3457 dr

481 3483 684 3565 mucosum
703 3480 898 3596 sanguinis
913 3511 1065 3598 partem
1079 3487 1271 3600 integram
1291 3487 1439 3594 sinunt,
1463 3485 1588 3569 modb
1606 3511 1739 3570 tamen
1754 3484 1917 3570 biliosus

479 3597 627 3680 humor
647 3595 750 3679 teile
768 3621 838 3710 per
856 3599 1032 3682 intestina
1045 3591 1193 3684 defluat
1205 3653 1224 3705 ,·
1243 3601 1474 3712 exitumque
1487 3595 1556 3682 fibi
1572 3620 1805 3714 perpetuum
1823 3623 1919 3683 con·

482 3707 618 3809 ciliet;
644 3739 733 3792 nam
760 3737 880 3792 nemo
905 3711 1008 3796 adeb
1028 3711 1187 3827 pustulis
1205 3712 1329 3798 scatet
1348 3735 1466 3824 arque
1488 3711 1548 3796 illi
1569 3717 1611 3796 in
1631 3709 1777 3824 quibua
1795 3715 1918 3828 hepar

480 3819 560 3910 bile
584 3820 741 3909 retenti
759 3829 911 3937 turget,
936 3828 995 3908 uti
1017 3823 1177 3912 abunde
1198 3825 1449 3914 obseruatum
1470 3827 1537 3911 est.

819 4043 1371 4154 Anrlcunuu
1452 4050 1565 4135 nt
1744 4151 1752 4160 ,

527 4263 597 4348 oe
614 4270 826 4379 Affectus
846 4273 1020 4415 uramus
1033 4298 1085 4360 u
1135 4219 1342 4404 aufigit
1359 4278 1402 4362 n
1420 4301 1545 4362 uum
1563 4275 1872 4364 ammentum

775 4431 782 4440 ·
1089 4414 1322 4505 epurotorur.
1377 4428 1394 4460 ·-

2067 4460 2069 4527 i

536 4596 633 4686 Hire
652 4605 773 4714 usque
795 4637 880 4720 qua
899 4548 1169 4732 descripsimus
1189 4616 1292 4702 mala
1313 4642 1445 4704 curem
1463 4615 1743 4702 tantummodb
1763 4616 1915 4708 lantbe-
2067 4619 2068 4707 l

480 4707 576 4792 bant
583 4776 597 4820 ,
615 4719 657 4796 dt
674 4719 741 4827 ipst
757 4725 866 4830 quasi
877 4724 1168 4846 superimposita
1182 4727 1438 4834 videbantur3
1454 4758 1561 4816 nunc
1581 4757 1668 4844 quo
1681 4727 1915 4850 suscipimur

478 4825 677 4912 trudanda
695 4829 955 4943 depascuntur
979 4843 1092 4956 ipsius
1115 4847 1219 4930 cutis
1236 4843 1575 4954 subsanam&
1590 4849 1632 4930 in
1648 4843 1736 4962 ipsit
1751 4851 1913 4956 vivunt,

2055 5601 2062 5825 r
