4228 5898
446 493 524 572 134
676 455 1126 552 osmonnrs
1180 399 1606 553 c'vrsrsnrs.
1853 527 1874 562 .

440 623 550 710 tandi
569 625 807 711 methodum
828 626 995 711 omnine
1011 621 1201 712 diversam
1225 623 1294 711 sibi
1313 625 1560 742 expostulant
1582 625 1735 715 ratione
1753 619 1882 728 cause,

441 744 484 825 bt
507 740 786 824 accidentium.

161 924 191 987 D
239 857 266 917 ⁵·
287 843 331 984 ¹dl·
344 922 369 983 ¹,
496 851 849 936 Haemorrhoidum
874 846 1004 932 morbi
1029 852 1071 933 in
1093 849 1325 936 oeconomis
1341 849 1497 936 animali
1518 853 1705 970 principis
1724 850 1879 938 diversa

146 945 340 1086 „0231ssssss
354 943 424 1066 suli}
442 963 540 1081 sape
561 968 615 1050 est
646 965 772 1050 causa.
802 957 883 1048 Illae
902 965 1038 1069 enim,
1067 990 1133 1060 aut
1156 971 1292 1080 partim
1316 964 1431 1050 caute
1452 963 1682 1080 suppressa,
1716 991 1782 1050 aut
1804 993 1874 1082 per

145 1087 181 1146 as
216 1086 424 1184 haemorrhoidi·
442 1078 482 1164 se
512 1077 810 1182 delitescentes,
842 1074 1010 1160 morbos
1030 1074 1124 1160 vere
1156 1075 1406 1184 horrendos,
1438 1075 1677 1185 abnormes,
1705 1107 1879 1163 oreono-.

145 1168 424 1318 ,bffie'rffliffim'
442 1197 530 1277 mia
556 1190 712 1276 animali
736 1187 910 1276 infensos
934 1213 1170 1304 procreant;
1199 1197 1242 1274 dt
1277 1188 1378 1274 beni
1399 1219 1508 1274 cum
1536 1187 1767 1296 oeconomirl
1789 1195 1876 1278 ani-2

441 1305 536 1391 mali
560 1309 716 1419 agitur,
746 1305 774 1385 st
805 1307 957 1386 ranrbm
982 1300 1218 1416 protulerint
1243 1329 1434 1388 cutaneos
1460 1301 1624 1389 morbos
1650 1302 1778 1388 forms
1806 1301 1872 1386 ab·

440 1419 601 1524 surdos,
626 1416 793 1533 periodo
815 1415 1023 1521 taediosos,
1048 1413 1269 1502 rebellione
1294 1423 1336 1500 bt
1355 1413 1575 1532 pervicacis
1594 1416 1765 1500 maxime
1786 1444 1872 1500 me-

439 1532 622 1618 tuendos.
650 1531 763 1614 Rarb
788 1527 961 1636 juniores
989 1527 1164 1614 adoritur
1195 1525 1360 1614 morbus
1383 1525 1453 1628 ille
1475 1532 1517 1613 in
1537 1527 1678 1640 quibus
1703 1533 1874 1613 hamor-

439 1645 599 1731 rhoides
619 1642 787 1726 multum
809 1640 857 1727 ab
880 1640 959 1725 illis
981 1642 1256 1756 distinguenda
1272 1641 1360 1726 sunt
1379 1671 1462 1752 quat
1476 1645 1742 1755 provesliores
1760 1668 1873 1726 atate

439 1785 602 1844 tentant.
628 1757 674 1839 In
699 1753 916 1862 junioribus
935 1757 1040 1839 enim
1060 1754 1242 1870 pletbora
1265 1753 1527 1865 undequaque
1548 1755 1773 1862 exundans,
1790 1757 1873 1836 har-

439 1868 690 1957 morrhoides
702 1869 819 1968 facin
838 1871 879 1950 in
894 1865 1153 1952 adultioribus
1165 1865 1262 1981 saepl
1275 1870 1418 1952 critica
1434 1866 1523 1950 sunt
1535 1865 1610 1948 illai
1618 1929 1633 1973 ,
1647 1866 1875 1952 circulatio-

439 1989 498 2070 nis
515 1987 556 2068 in
570 1985 711 2098 hepate
729 2007 847 2094 atque
860 1979 965 2066 liene
977 1979 1150 2064 difficilis
1165 1979 1455 2088 levamentum,
1469 1987 1511 2064 ἃ
1524 1977 1648 2064 verbo
1663 1982 1709 2063 srt
1723 1982 1870 2094 gratia,

439 2097 543 2212 apud
571 2097 734 2208 eosqui
765 2093 1036 2178 oeconomiam
1072 2090 1282 2178 animalem
1309 2094 1425 2178 nimis
1453 2091 1688 2176 mechanici
1722 2119 1872 2207 expen-

439 2211 565 2314 dunt,
594 2206 698 2320 quasr
723 2205 1070 2291 defoecamentum.
1099 2207 1266 2292 Certum
1292 2207 1346 2289 est
1357 2268 1373 2314 ,
1399 2213 1441 2288 ὁ(
1468 2201 1784 2290 observationem
1803 2209 1872 2290 bie

440 2354 524 2407 non
540 2325 717 2426 unicam,
734 2319 801 2404 sed
823 2316 1062 2434 multiplices
1088 2327 1129 2404 dt
1159 2317 1182 2403 h
1204 2316 1338 2402 multis
1361 2317 1477 2401 fallas
1499 2321 1642 2426 testor,
1669 2317 1873 2432 suppressis

440 2429 822 2538 hemorrhoidibus,
843 2431 939 2548 saepl
954 2432 1119 2520 extitisse
1132 2431 1181 2516 ad
1197 2435 1377 2546 corporis
1397 2430 1643 2546 superficiem
1664 2435 1843 2545 herperes
1853 2493 1869 2540 ,

439 2550 682 2666 porriginem
703 2545 853 2630 foedam
888 2553 930 2630 be
966 2543 1079 2654 hujus
1115 2547 1269 2660 generis
1301 2541 1404 2628 mala
1438 2571 1522 2656 qua
1553 2543 1685 2632 frustrl
1717 2543 1871 2660 vulgari

440 2663 691 2764 curationum
709 2657 906 2743 methodo
925 2661 1134 2760 tentaveris
1153 2683 1420 2742 averruncare.
1451 2657 1599 2742 Cutem
1618 2655 1750 2742 sruslri
1777 2655 1872 2742 obs-

440 2773 562 2860 tinate
590 2802 659 2890 per
695 2771 983 2857 medicamenta
1022 2769 1169 2855 stibiata
1204 2795 1270 2854 aut
1297 2769 1513 2854 sudorifera
1541 2798 1684 2855 vexare
1712 2769 1870 2855 sedulus
1981 2811 1987 2824 ·

441 2889 682 2992 tentaveris,
698 2914 898 2995 nunquam
918 2885 1111 2969 successus
1130 2883 1312 2994 sequetur
1332 2880 1570 2989 molimina,
1595 2885 1663 2965 nisr
1687 2882 1764 2967 alvi
1782 2886 1870 2969 vias

441 2997 595 3082 lenibus
636 2999 938 3108 eccoproricis,
970 2997 1268 3080 medicamentis
1314 2999 1479 3102 amaris,
1509 2994 1770 3110 aperientibus
1809 2994 1870 3082 la-

442 3111 593 3196 xaveris
605 3169 619 3215 ,
647 3105 829 3215 addendo
850 3106 1094 3222 saponacea,
1122 3116 1164 3192 dt
1185 3106 1255 3191 illa
1283 3135 1367 3220 qua
1387 3108 1483 3223 sape
1509 3109 1614 3221 apud
1632 3109 1774 3194 divites
1798 3137 1872 3194 crr-

441 3226 534 3308 teris
556 3223 699 3304 meritb
719 3217 971 3334 preferuntur
992 3219 1180 3304 diluentis
1206 3219 1320 3304 simul
1341 3227 1384 3303 be
1406 3224 1616 3336 aperientia
1632 3249 1715 3332 quae
1729 3247 1870 3338 petun-

442 3361 506 3420 tur
529 3360 578 3419 ex
598 3336 707 3443 aquis
728 3329 970 3441 solventibus
993 3329 1277 3440 mineralibus,
1305 3333 1599 3445 recidivamque
1620 3361 1691 3449 per
1717 3337 1871 3420 martia·

443 3447 498 3533 lia
527 3447 753 3563 precaveris
783 3443 934 3530 sedulii.
974 3444 1085 3560 sepe
1122 3439 1348 3529 hirudinum
1381 3449 1533 3531 morsus
1559 3445 1787 3562 sanguinem
1819 3445 1872 3532 eb

441 3551 796 3647 haemonhoidibus
819 3561 969 3670 ingenti
990 3561 1031 3641 vi
1061 3557 1303 3672 profundens
1323 3584 1465 3643 cutem
1498 3556 1666 3668 levavit,
1679 3561 1868 3672 venisque

442 3677 507 3759 ani
521 3670 769 3756 recludendis
794 3669 922 3754 dicata
941 3669 1049 3755 aloes
1069 3675 1152 3756 cuti
1171 3671 1251 3758 visa
1269 3673 1322 3762 est
1347 3669 1421 3755 hic
1447 3674 1599 3757 ratione
1627 3675 1829 3788 profuisse.

497 3787 589 3869 Nec
612 3781 825 3868 diffitemur
845 3809 975 3868 tamen
1008 3783 1179 3895 aliquam
1209 3787 1328 3870 eriam
1353 3781 1401 3868 ab
1430 3782 1512 3982 ippi
1537 3810 1630 3870 cute
1658 3787 1871 3872 indicatio-

443 3927 536 3984 nem
561 3899 602 3980 in
627 3897 735 3980 hisce
764 3893 913 3980 morbis
945 3897 1106 4004 offerri,
1137 3897 1312 4013 sepeque
1342 3897 1433 3980 adhi
1486 3897 1563 3982 nda
1593 3898 1704 3984 deter
1732 3905 1836 3986 entia
1849 3961 1867 4008 ,

442 4042 536 4095 curn
556 4015 713 4096 interno
732 4011 1014 4124 aperientium,
1034 4007 1248 4093 laxantium
1265 4007 1361 4109 usu;
1387 4007 1438 4092 de
1461 4008 1537 4122 qus
1557 3931 1753 4098 methorlo
1775 4013 1870 4103 alibi

444 4123 608 4208 dicetur.
623 4120 786 4210 Sublati
799 4125 905 4207 enim
922 4119 1058 4228 causi,
1076 4151 1157 4205 non
1171 4125 1295 4212 statim
1313 4119 1478 4206 solvitur
1490 4121 1650 4210 effeetus
1664 4151 1734 4240 per
1746 4155 1869 4238 quern

442 4235 530 4321 vasa
549 4258 713 4320 cutanea
731 4235 916 4320 destrutu
935 4235 1031 4352 sape
1050 4235 1149 4319 sunt.
1707 4251 1717 4270 ⁸

500 4347 715 4455 Nunquam
743 4349 844 4430 adeb
872 4377 1008 4462 graves
1035 4349 1135 4432 curis
1162 4344 1325 4431 morbos
1354 4349 1539 4464 producit
1571 4353 1754 4435 menstrui
1779 4350 1872 4436 san‹

442 4460 572 4574 guinis
590 4461 630 4544 in
650 4455 878 4544 mulieribus
903 4465 1084 4548 retenti0.
1113 4460 1286 4546 Colores
1305 4463 1466 4570 quidem
1485 4466 1639 4548 nativos
1662 4465 1867 4578 infringit,

442 4567 635 4688 pallorem
655 4567 781 4678 indit,
804 4571 1043 4684 morbosque
1059 4572 1179 4658 infert
1196 4571 1245 4658 ab
1270 4571 1531 4659 obstruslione
1552 4576 1769 4666 nascendos
1790 4609 1798 4659 ε
1825 4580 1868 4664 in

438 4711 523 4798 quo
546 4682 594 4766 sd
614 4683 948 4768 hemorrhoidum
976 4685 1283 4802 suppresionem
1311 4687 1475 4773 refertur
1499 4711 1639 4774 eorum
1664 4692 1868 4800 retenti0,

444 4795 704 4908 eamdemque
749 4796 888 4882 ostulat
909 4799 1143 4886 methodum
1166 4803 1414 4885 curatoriam.

452 4942 457 4951 ¹
499 4911 555 4996 At
571 4911 675 4994 maxi
759 4907 925 5002 rebelles
950 4911 1038 4998 sunt
1065 4915 1168 5002 emis
1193 4910 1325 5000 morbi
1349 4915 1419 5028 qui·
1437 4939 1547 5004 atate
1574 4911 1869 5034 ingravescente
