4188 5916
461 375 567 478 „a
910 353 1436 468 annonam

316 573 320 588 ¹
455 529 576 616 bendi
597 529 785 634 occalio,
807 526 899 610 crim
919 520 1019 604 nihil
1033 517 1139 606 aliud
1156 519 1224 605 sibi
1239 519 1443 638 admoveri
1458 519 1657 636 postulent
1669 541 1906 638 egrotantes

486 672 594 730 raetet
612 640 838 726 molliffima
848 699 863 744 ,
888 639 972 719 irnb
988 642 1031 717 bt
1049 637 1135 717 abiu
1152 635 1292 748 frigida
1308 633 1515 740 fomenta,
1536 635 1643 719 unde
1661 639 1707 721 fit
1721 663 1767 720 ut
1781 666 1902 752 poma

456 675 539 842 leni
565 761 658 870 igne
685 757 799 837 coua
813 811 827 856 ,
856 749 971 831 frusta
998 751 1124 832 camis
1149 746 1322 831 vitulina
1351 748 1619 848 recentillimae
1633 811 1647 855 ,
1677 779 1902 835 cremorem

456 871 600 976 lauis,
627 891 834 983 pomarum
863 857 964 944 illud
992 861 1101 971 quod
1128 859 1153 944 ὲ
1182 860 1329 944 semine
1355 861 1648 945 cucurbitarum
1680 869 1901 948 recentium

457 1009 526 1066 aut
542 1009 632 1090 amy
661 977 836 1064 dalarum
855 972 1033 1058 dulcium
1055 976 1268 1059 conficitur
1294 971 1436 1058 crebtb
1459 981 1500 1058 bt
1527 979 1695 1088 repetitb
1725 977 1791 1059 sibi
1814 975 1903 1094 pos-

458 1094 599 1180 tulen't.
623 1011 725 1202 &aa
747 1089 1057 1193 medicamenta,
1080 1088 1148 1170 etsi
1168 1091 1253 1192 vim!
1272 1087 1433 1171 efferam
1452 1086 1582 1170 morbi
1606 1090 1794 1174 edomare
1819 1121 1900 1176 non

457 1205 639 1308 valeant,
664 1230 823 1306 tamen,
850 1199 997 1284 nedum
1014 1227 1159 1284 nocere
1178 1201 1345 1313 poliant,
1363 1197 1524 1310 aliquod
1541 1205 1655 1314 pretii
1676 1231 1899 1310 merentur,

460 1320 572 1430 quod
590 1314 836 1400 sublevandis
851 1311 1057 1398 doloribus
1074 1343 1157 1395 non
1177 1315 1249 1396 sint
1265 1311 1445 1419 inutilia,
1467 1315 1592 1396 modo
1607 1342 1736 1399 tamen
1752 1315 1901 1426 aliquid

462 1435 545 1547 opii
561 1435 604 1516 in
624 1431 761 1512 senon
779 1429 995 1540 recipiant'3
1012 1429 1201 1537 quienim
1220 1424 1268 1510 ad
1289 1455 1433 1510 nervos
1452 1433 1492 1510 b(
1514 1427 1601 1510 vasa
1623 1433 1810 1543 pertingit
1825 1433 1901 1512 stu·

461 1575 563 1662 por,
591 1542 774 1629 vasorum
801 1545 997 1624 abbonem
1011 1600 1025 1644 ,
1053 1566 1169 1648 atque
1196 1567 1334 1622 eorum
1361 1535 1584 1625 resolvendi
1611 1547 1689 1626 vim
1719 1547 1901 1648 cicurat,

462 1659 644 1767 adeoque
664 1664 705 1739 ὅ(
725 1655 1013 1739 saturninorum
1034 1658 1074 1734 ὃ(
1095 1653 1410 1764 adstringendum
1428 1655 1683 1767 stypticorum
1700 1684 1825 1738 noxas
1843 1682 1903 1738 te-

461 1772 539 1856 fert
557 1769 677 1854 fallax
698 1770 996 1852 narcoticorum
1016 1762 1156 1849 lenitas
1177 1773 1218 1848 ἃ
1239 1765 1388 1879 perfida
1409 1764 1717 1881 symptomatum
1738 1765 1904 1860 levatio.

841 1990 1399 2130 ‚ARTICULUS
1479 1991 1532 2076 V.

1011 2205 1085 2288 De
1109 2200 1345 2314 impetigine.

517 2428 633 2544 Quid
646 2426 796 2512 Plinius
813 2433 878 2532 (a)
896 2456 965 2543 per
983 2431 1255 2542 impetiginem
1272 2423 1511 2510 intellexerit
1527 2453 1609 2510 non
1625 2449 1731 2540 patet
1745 2429 1903 2540 aperte,

459 2546 530 2630 nist
545 2571 678 2628 tamen
693 2541 802 2652 quod
818 2540 869 2624 de
886 2540 1180 2656 impetiginibus
1196 2538 1280 2622 fere
1301 2538 1454 2653 semper
1463 2542 1714 2622 mentionem
1731 2569 1903 2630 numero

458 2656 601 2792 plurali
613 2656 803 2764 injecerit.
817 2654 934 2738 Unde
946 2682 1070 2768 genus
1083 2653 1191 2760 mali,
1208 2681 1290 2736 non
1304 2651 1902 2766 speciemvidetutfignificalle,

458 2775 545 2854 amb
555 2799 679 2884 genus
689 2768 1082 2879 illudquodcumque
1095 2769 1298 2850 lit&cum
1311 2763 1683 2850 lichenibus&cum
1694 2765 1901 2881 mentagtd

458 2910 640 2968 veterum
653 2883 933 2964 Romanorum
955 2881 1175 2964 confudisse
1188 2879 1249 2985 (b).
1266 2879 1442 2964 Galenus
1457 2887 1503 2983 (c)
1516 2876 1733 2992 ipsealiqui
1745 2884 1904 2967 ratione

459 2993 881 3109 mentagramlPlinio
894 2995 1127 3109 descriptam
1140 3023 1233 3078 cum
1246 2996 1477 3107 impetigine
1491 2993 1751 3098 miscuit,xaut
1763 2989 1900 3078 saltem

458 3135 595 3192 veram
615 3109 812 3194 Romanis
832 3107 971 3192 dietam
996 3135 1236 3221 mentagram
1258 3137 1331 3221 pro
1352 3107 1582 3221 impetigine
1605 3105 1721 3188 faciei
1744 3105 1900 3222 proprii

458 3218 626 3328 habuit,
654 3227 745 3306 cirm
767 3220 1015 3305 foedilstmam
1038 3223 1309 3337 impetiginem
1329 3218 1543 3304 secundum
1560 3218 1653 3303 loca
1674 3219 1760 3302 fieri
1777 3218 1900 3330 dicit,

459 3360 505 3419 ut
514 3336 567 3418 est
579 3337 618 3416 in
634 3333 778 3442 barbi,
798 3363 890 3418 cum
904 3339 1097 3418 anxietate
1111 3343 1151 3416 ὅ(
1165 3337 1341 3448 pruritu,
1358 3341 1399 3416 iit
1414 3361 1498 3444 que
1511 3331 1703 3466 serpendo
1716 3329 1766 3416 ad
1779 3331 1901 3446 usque

460 3446 606 3532 oculos
626 3449 871 3560 producitur.
894 3447 976 3532 Sed
990 3451 1125 3562 impeti
1156 3445 1284 3532 inibus
1296 3507 1309 3552 ,
1326 3446 1392 3531 seu
1409 3448 1629 3560 impetigini
1644 3448 1902 3561 interpretum

459 3557 569 3644 nulla
590 3559 665 3642 alia
686 3589 769 3643 vox
791 3558 986 3646 Galenica
1010 3477 1294 3674 correlpondet
1306 3621 1319 3666 ,
1347 3561 1414 3642 nist
1442 3558 1645 3644 lichenum
1666 3589 1678 3658 3
1706 3561 1899 3674 impetigo

460 3677 568 3760 enim
583 3670 825 3756 vocabulum
846 3675 899 3754 est
922 3677 1088 3758 omnini>
1109 3672 1302 3775 latinum;
1324 3675 1460 3758 vertim
1481 3677 1574 3757 cbm
1598 3671 1647 3757 de
1670 3675 1901 3788 impetigine

460 3813 482 3868 a
512 3789 589 3868 itur
603 3783 734 3869 frustra
745 3782 1051 3869 discordantium
1065 3790 1376 3890 aueiorumvana
1388 3787 1712 3902 prosequeremur
1726 3790 1901 3872 nomina.

461 3816 510 3980 li
540 3897 758 3984 notandum
784 3923 917 3982 tamen
942 3900 1051 4007 quod
1080 3903 1229 4010 antiqui
1253 3903 1524 4014 impetiginem
1551 3929 1624 4015 pro
1651 3900 1902 3986 deformitate

461 4011 595 4121 potius
610 4011 726 4122 quim
744 4040 816 4129 pro
834 4007 978 4093 morbo
1000 4009 1200 4096 haberent.
1227 4017 1300 4096 Ait
1315 4017 1420 4098 enim
1440 4013 1627 4130 Ulpianus
1645 4013 1712 4096 inl
1767 4013 1904 4099 .Pom·

458 4120 624 4236 ponitis,
638 4125 734 4236 Dig.
746 4127 796 4210 de
806 4121 931 4208 AEdil.
945 4123 1071 4208 Ediu.
1086 4141 1120 4217 §.
1140 4123 1193 4208 1⁰.
1212 4124 1413 4208 Trebatius
1423 4129 1496 4224 ait,
1507 4041 1805 4242 impetiginoeffim
1813 4157 1906 4210 mor·

464 4229 593 4340 bissum
604 4263 678 4314 non
690 4238 818 4346 ‘'ffi’fi
829 4269 872 4318 eo
884 4237 1044 4322 membro
1058 4237 1120 4322 ubi
1132 4240 1308 4352 impetigo
1323 4239 1389 4348 est,
1404 4245 1512 4354 capue
1527 4243 1622 4323 recte
1635 4265 1777 4324 utatur.
1792 4242 1905 4323 Unus

464 4342 647 4426 omnium
671 4343 768 4431 loeo
793 4351 837 4431 sit
864 4348 1004 4436 Celsus
1031 4355 1098 4464 qui
1121 4349 1333 4466 plenius&
1358 4352 1495 4438 melitis
1516 4351 1611 4462 quid
1637 4352 1908 4466 intelligerent

464 4455 646 4548 Romani
668 4457 736 4542 sub
766 4462 1005 4576 impetiginis
1034 4467 1199 4551 nomine
1230 4466 1455 4553 declaravit.
1484 4467 1651 4552 Nomen
1679 4465 1728 4551 ab
1752 4470 1909 4584 impetu

504 4683 565 4760 (al
588 4677 651 4744 Lib.
672 4699 729 4750 ao,
745 4701 807 4762 cap.
829 4705 853 4744 r.

505 4761 563 4838 (d)
586 4759 646 4822 Lib.
671 4769 723 4830 26,
745 4762 771 4820 lo
790 4763 908 4846 Princip.

502 4851 562 4928 (t)
581 4843 648 4910 [ἦν.
666 4861 701 4920 52
720 4840 754 4902 de
771 4839 872 4936 Comp.
893 4845 971 4912 Med.
992 4845 1046 4916 sec.
1067 4847 1140 4912 loca.
