<?xml version="1.0" encoding="UTF-8"?>
<!DOCTYPE html PUBLIC "-//W3C//DTD XHTML 1.0 Transitional//EN"
    "http://www.w3.org/TR/xhtml1/DTD/xhtml1-transitional.dtd">
<html xmlns="http://www.w3.org/1999/xhtml" xml:lang="en" lang="en">
 <head>
  <title>
</title>
<meta http-equiv="Content-Type" content="text/html;charset=utf-8" />
  <meta name='ocr-system' content='tesseract 3.04.00' />
  <meta name='ocr-capabilities' content='ocr_page ocr_carea ocr_par ocr_line ocrx_word'/>
</head>
<body>
  <div class='ocr_page' id='page_1' title='image "./tractatusdemorb00cavegoog_0097.png"; bbox 0 0 4246 5900; ppageno 0'>
   <div class='ocr_carea' id='block_1_1' title="bbox 422 391 1702 506">
    <p class='ocr_par' dir='ltr' id='par_1_1' title="bbox 422 391 1702 506">
     <span class='ocr_line' id='line_1_1' title="bbox 422 391 1702 506; baseline 0.001 -23"><span class='ocrx_word' id='word_1_1' title='bbox 422 425 486 506; x_wconf 61' lang='grc' dir='ltr'>,γε</span> <span class='ocrx_word' id='word_1_2' title='bbox 602 393 708 483; x_wconf 91' lang='lat' dir='ltr'>DE</span> <span class='ocrx_word' id='word_1_3' title='bbox 775 391 1144 488; x_wconf 85' lang='lat' dir='ltr'><strong>M&#39;ORBIS</strong></span> <span class='ocrx_word' id='word_1_4' title='bbox 1209 397 1702 486; x_wconf 84' lang='lat' dir='ltr'><strong>CUTANEIS.</strong></span> 
     </span>
    </p>
   </div>
   <div class='ocr_carea' id='block_1_2' title="bbox 309 553 1970 4397">
    <p class='ocr_par' dir='ltr' id='par_1_2' title="bbox 385 553 1875 1321">
     <span class='ocr_line' id='line_1_2' title="bbox 432 553 1875 682; baseline 0 -40"><span class='ocrx_word' id='word_1_5' title='bbox 432 583 496 644; x_wconf 86' lang='lat' dir='ltr'>tot</span> <span class='ocrx_word' id='word_1_6' title='bbox 520 562 634 644; x_wconf 78' lang='lat' dir='ltr'>varis</span> <span class='ocrx_word' id='word_1_7' title='bbox 662 559 898 648; x_wconf 88' lang='lat' dir='ltr'><strong>morborum</strong></span> <span class='ocrx_word' id='word_1_8' title='bbox 925 564 1159 649; x_wconf 89' lang='lat' dir='ltr'>eorumdem</span> <span class='ocrx_word' id='word_1_9' title='bbox 1190 563 1328 649; x_wconf 77' lang='lat' dir='ltr'>formas</span> <span class='ocrx_word' id='word_1_10' title='bbox 1356 595 1428 682; x_wconf 94' lang='lat' dir='ltr'>pro</span> <span class='ocrx_word' id='word_1_11' title='bbox 1455 567 1573 650; x_wconf 82' lang='lat' dir='ltr'>variis</span> <span class='ocrx_word' id='word_1_12' title='bbox 1600 553 1875 647; x_wconf 87' lang='lat' dir='ltr'>accidentibus</span> 
     </span>
     <span class='ocr_line' id='line_1_3' title="bbox 433 671 1874 793; baseline -0.001 -35"><span class='ocrx_word' id='word_1_13' title='bbox 433 671 668 786; x_wconf 88' lang='lat' dir='ltr'>exsurgunt,</span> <span class='ocrx_word' id='word_1_14' title='bbox 684 675 780 793; x_wconf 73' lang='lat' dir='ltr'>supe</span> <span class='ocrx_word' id='word_1_15' title='bbox 797 677 913 762; x_wconf 70' lang='lat' dir='ltr'>causi</span> <span class='ocrx_word' id='word_1_16' title='bbox 927 677 1099 785; x_wconf 75' lang='lat' dir='ltr'>eadem,</span> <span class='ocrx_word' id='word_1_17' title='bbox 1117 677 1185 762; x_wconf 82' lang='lat' dir='ltr'>sed</span> <span class='ocrx_word' id='word_1_18' title='bbox 1200 677 1402 764; x_wconf 67' lang='lat' dir='ltr'>effectibus</span> <span class='ocrx_word' id='word_1_19' title='bbox 1418 679 1585 762; x_wconf 81' lang='lat' dir='ltr'>omninb</span> <span class='ocrx_word' id='word_1_20' title='bbox 1597 697 1874 789; x_wconf 81' lang='lat' dir='ltr'>repugnantes.</span> 
     </span>
     <span class='ocr_line' id='line_1_4' title="bbox 434 781 1875 901; baseline -0.001 -31"><span class='ocrx_word' id='word_1_21' title='bbox 434 784 554 870; x_wconf 84' lang='lat' dir='ltr'>Adest</span> <span class='ocrx_word' id='word_1_22' title='bbox 576 790 693 873; x_wconf 89' lang='lat' dir='ltr'>etiam</span> <span class='ocrx_word' id='word_1_23' title='bbox 720 793 930 874; x_wconf 89' lang='lat' dir='ltr'>hominum</span> <span class='ocrx_word' id='word_1_24' title='bbox 956 789 980 873; x_wconf 91' lang='lat' dir='ltr'>s</span> <span class='ocrx_word' id='word_1_25' title='bbox 999 795 1100 876; x_wconf 88' lang='lat' dir='ltr'>eciei</span> <span class='ocrx_word' id='word_1_26' title='bbox 1132 787 1191 874; x_wconf 93' lang='lat' dir='ltr'>illi</span> <span class='ocrx_word' id='word_1_27' title='bbox 1220 821 1304 901; x_wconf 86' lang='lat' dir='ltr'>quae</span> <span class='ocrx_word' id='word_1_28' title='bbox 1336 795 1429 876; x_wconf 88' lang='lat' dir='ltr'>rufis</span> <span class='ocrx_word' id='word_1_29' title='bbox 1462 791 1608 874; x_wconf 91' lang='lat' dir='ltr'>donata</span> <span class='ocrx_word' id='word_1_30' title='bbox 1637 789 1691 872; x_wconf 83' lang='lat' dir='ltr'>est</span> <span class='ocrx_word' id='word_1_31' title='bbox 1718 781 1875 900; x_wconf 77' lang='lat' dir='ltr'>capillis</span> 
     </span>
     <span class='ocr_line' id='line_1_5' title="bbox 432 898 1870 1018; baseline -0.003 -34"><span class='ocrx_word' id='word_1_32' title='bbox 432 898 641 1012; x_wconf 87' lang='lat' dir='ltr'>specificus</span> <span class='ocrx_word' id='word_1_33' title='bbox 662 901 751 987; x_wconf 89' lang='lat' dir='ltr'>suus</span> <span class='ocrx_word' id='word_1_34' title='bbox 779 903 906 1011; x_wconf 90' lang='lat' dir='ltr'>odor,</span> <span class='ocrx_word' id='word_1_35' title='bbox 931 933 951 986; x_wconf 91' lang='lat' dir='ltr'>a</span> <span class='ocrx_word' id='word_1_36' title='bbox 980 907 1032 988; x_wconf 89' lang='lat' dir='ltr'>est</span> <span class='ocrx_word' id='word_1_37' title='bbox 1056 901 1277 1018; x_wconf 89' lang='lat' dir='ltr'>periculum</span> <span class='ocrx_word' id='word_1_38' title='bbox 1304 900 1426 1008; x_wconf 84' lang='lat' dir='ltr'>majus</span> <span class='ocrx_word' id='word_1_39' title='bbox 1452 907 1494 988; x_wconf 87' lang='lat' dir='ltr'>in</span> <span class='ocrx_word' id='word_1_40' title='bbox 1514 899 1673 986; x_wconf 88' lang='lat' dir='ltr'>variolis</span> <span class='ocrx_word' id='word_1_41' title='bbox 1697 907 1738 982; x_wconf 78' lang='lat' dir='ltr'>iit</span> <span class='ocrx_word' id='word_1_42' title='bbox 1759 928 1870 982; x_wconf 93' lang='lat' dir='ltr'>mor-</span> 
     </span>
     <span class='ocr_line' id='line_1_6' title="bbox 432 1008 1873 1130; baseline -0.003 -32"><span class='ocrx_word' id='word_1_43' title='bbox 432 1008 563 1120; x_wconf 87' lang='lat' dir='ltr'>billis,</span> <span class='ocrx_word' id='word_1_44' title='bbox 583 1013 665 1098; x_wconf 90' lang='lat' dir='ltr'>sors</span> <span class='ocrx_word' id='word_1_45' title='bbox 682 1017 804 1128; x_wconf 89' lang='lat' dir='ltr'>magis</span> <span class='ocrx_word' id='word_1_46' title='bbox 821 1043 965 1128; x_wconf 87' lang='lat' dir='ltr'>anceps</span> <span class='ocrx_word' id='word_1_47' title='bbox 986 1021 1027 1098; x_wconf 92' lang='lat' dir='ltr'>in</span> <span class='ocrx_word' id='word_1_48' title='bbox 1047 1019 1384 1130; x_wconf 90' lang='lat' dir='ltr'>peripneurnoniis</span> <span class='ocrx_word' id='word_1_49' title='bbox 1402 1024 1443 1099; x_wconf 74' lang='lat' dir='ltr'>bt</span> <span class='ocrx_word' id='word_1_50' title='bbox 1461 1018 1640 1126; x_wconf 87' lang='lat' dir='ltr'>anginis,</span> <span class='ocrx_word' id='word_1_51' title='bbox 1655 1014 1873 1096; x_wconf 82' lang='lat' dir='ltr'>necminirs</span> 
     </span>
     <span class='ocr_line' id='line_1_7' title="bbox 385 1123 1869 1321; baseline -0.003 -113"><span class='ocrx_word' id='word_1_52' title='bbox 385 1217 389 1228; x_wconf 35' lang='lat'><strong><em>¹</em></strong></span> <span class='ocrx_word' id='word_1_53' title='bbox 428 1127 551 1208; x_wconf 82' lang='lat' dir='ltr'>etiam</span> <span class='ocrx_word' id='word_1_54' title='bbox 568 1127 731 1212; x_wconf 74' lang='lat' dir='ltr'>macule</span> <span class='ocrx_word' id='word_1_55' title='bbox 754 1124 833 1210; x_wconf 90' lang='lat' dir='ltr'>illis</span> <span class='ocrx_word' id='word_1_56' title='bbox 857 1129 906 1212; x_wconf 90' lang='lat' dir='ltr'>ad</span> <span class='ocrx_word' id='word_1_57' title='bbox 927 1155 1059 1213; x_wconf 91' lang='lat' dir='ltr'>cutem</span> <span class='ocrx_word' id='word_1_58' title='bbox 1081 1127 1319 1241; x_wconf 78' lang='lat' dir='ltr'>peculiares,</span> <span class='ocrx_word' id='word_1_59' title='bbox 1343 1137 1384 1212; x_wconf 75' lang='lat' dir='ltr'>bt</span> <span class='ocrx_word' id='word_1_60' title='bbox 1407 1131 1569 1213; x_wconf 88' lang='lat' dir='ltr'>acrioris</span> <span class='ocrx_word' id='word_1_61' title='bbox 1588 1127 1758 1321; x_wconf 80' lang='lat' dir='ltr'>prurinis</span> <span class='ocrx_word' id='word_1_62' title='bbox 1781 1123 1869 1208; x_wconf 86' lang='lat' dir='ltr'>sen·</span> 
     </span>
    </p>

    <p class='ocr_par' dir='ltr' id='par_1_3' title="bbox 425 1237 1876 2256">
     <span class='ocr_line' id='line_1_8' title="bbox 431 1237 1869 1345; baseline -0.001 -25"><span class='ocrx_word' id='word_1_63' title='bbox 431 1237 530 1322; x_wconf 86' lang='lat' dir='ltr'>satio</span> <span class='ocrx_word' id='word_1_64' title='bbox 555 1238 729 1323; x_wconf 87' lang='lat' dir='ltr'>fortior:</span> <span class='ocrx_word' id='word_1_65' title='bbox 756 1240 861 1324; x_wconf 70' lang='lat' dir='ltr'>unde</span> <span class='ocrx_word' id='word_1_66' title='bbox 884 1244 1002 1325; x_wconf 90' lang='lat' dir='ltr'>etiam</span> <span class='ocrx_word' id='word_1_67' title='bbox 1026 1245 1184 1326; x_wconf 84' lang='lat' dir='ltr'>curatio&#39;</span> <span class='ocrx_word' id='word_1_68' title='bbox 1202 1239 1429 1345; x_wconf 86' lang='lat' dir='ltr'>difficilior,</span> <span class='ocrx_word' id='word_1_69' title='bbox 1452 1247 1587 1324; x_wconf 85' lang='lat' dir='ltr'>&amp;cau</span> <span class='ocrx_word' id='word_1_70' title='bbox 1605 1271 1633 1320; x_wconf 66' lang='grc' dir='ltr'>ω</span> <span class='ocrx_word' id='word_1_71' title='bbox 1658 1239 1869 1322; x_wconf 75' lang='lat' dir='ltr'>tenacioris</span> 
     </span>
     <span class='ocr_line' id='line_1_9' title="bbox 428 1349 1871 1460; baseline -0.003 -26"><span class='ocrx_word' id='word_1_72' title='bbox 428 1352 588 1436; x_wconf 75' lang='lat' dir='ltr'>affeciio</span> <span class='ocrx_word' id='word_1_73' title='bbox 615 1353 758 1460; x_wconf 83' lang='lat' dir='ltr'>quaevis</span> <span class='ocrx_word' id='word_1_74' title='bbox 785 1350 834 1435; x_wconf 89' lang='lat' dir='ltr'>ad</span> <span class='ocrx_word' id='word_1_75' title='bbox 861 1379 995 1438; x_wconf 90' lang='lat' dir='ltr'>cutem</span> <span class='ocrx_word' id='word_1_76' title='bbox 1023 1351 1101 1437; x_wconf 81' lang='lat' dir='ltr'>elle</span> <span class='ocrx_word' id='word_1_77' title='bbox 1123 1349 1254 1438; x_wconf 90' lang='lat' dir='ltr'>debet.</span> <span class='ocrx_word' id='word_1_78' title='bbox 1282 1350 1423 1446; x_wconf 82' lang='lat' dir='ltr'>Morbi</span> <span class='ocrx_word' id='word_1_79' title='bbox 1451 1379 1584 1436; x_wconf 87' lang='lat' dir='ltr'>autem</span> <span class='ocrx_word' id='word_1_80' title='bbox 1613 1352 1798 1453; x_wconf 87' lang='lat' dir='ltr'>cutanei,</span> <span class='ocrx_word' id='word_1_81' title='bbox 1824 1372 1871 1430; x_wconf 90' lang='lat' dir='ltr'>ut</span> 
     </span>
     <span class='ocr_line' id='line_1_10' title="bbox 428 1461 1873 1580; baseline -0.003 -34"><span class='ocrx_word' id='word_1_82' title='bbox 428 1491 501 1578; x_wconf 92' lang='lat' dir='ltr'>per</span> <span class='ocrx_word' id='word_1_83' title='bbox 522 1461 695 1547; x_wconf 87' lang='lat' dir='ltr'>sedulam</span> <span class='ocrx_word' id='word_1_84' title='bbox 719 1463 920 1549; x_wconf 86' lang='lat' dir='ltr'>causarum</span> <span class='ocrx_word' id='word_1_85' title='bbox 943 1465 1236 1577; x_wconf 81' lang='lat' dir='ltr'>inquisitionem</span> <span class='ocrx_word' id='word_1_86' title='bbox 1255 1490 1388 1580; x_wconf 89' lang='lat' dir='ltr'>patet,</span> <span class='ocrx_word' id='word_1_87' title='bbox 1407 1463 1474 1549; x_wconf 89' lang='lat' dir='ltr'>vel</span> <span class='ocrx_word' id='word_1_88' title='bbox 1496 1463 1737 1576; x_wconf 88' lang='lat' dir='ltr'>depuratorii</span> <span class='ocrx_word' id='word_1_89' title='bbox 1755 1462 1873 1565; x_wconf 83' lang='lat' dir='ltr'>sunt,</span> 
     </span>
     <span class='ocr_line' id='line_1_11' title="bbox 425 1573 1872 1692; baseline -0.004 -32"><span class='ocrx_word' id='word_1_90' title='bbox 425 1583 471 1660; x_wconf 71' lang='lat' dir='ltr'>dr</span> <span class='ocrx_word' id='word_1_91' title='bbox 485 1573 533 1658; x_wconf 89' lang='lat' dir='ltr'>ab</span> <span class='ocrx_word' id='word_1_92' title='bbox 547 1579 631 1659; x_wconf 91' lang='lat' dir='ltr'>imo</span> <span class='ocrx_word' id='word_1_93' title='bbox 644 1577 837 1660; x_wconf 84' lang='lat' dir='ltr'>viscerum</span> <span class='ocrx_word' id='word_1_94' title='bbox 850 1577 977 1663; x_wconf 92' lang='lat' dir='ltr'>fundo</span> <span class='ocrx_word' id='word_1_95' title='bbox 989 1604 1241 1692; x_wconf 81' lang='lat' dir='ltr'>repetuntur3</span> <span class='ocrx_word' id='word_1_96' title='bbox 1256 1602 1402 1662; x_wconf 82' lang='lat' dir='ltr'>naturae</span> <span class='ocrx_word' id='word_1_97' title='bbox 1412 1580 1473 1660; x_wconf 90' lang='lat' dir='ltr'>vis</span> <span class='ocrx_word' id='word_1_98' title='bbox 1485 1574 1640 1660; x_wconf 70' lang='lat' dir='ltr'>annosa</span> <span class='ocrx_word' id='word_1_99' title='bbox 1657 1579 1872 1656; x_wconf 87' lang='lat' dir='ltr'>humorem</span> 
     </span>
     <span class='ocr_line' id='line_1_12' title="bbox 426 1685 1872 1796; baseline -0.003 -24"><span class='ocrx_word' id='word_1_100' title='bbox 426 1688 618 1773; x_wconf 84' lang='lat' dir='ltr'>hostilem</span> <span class='ocrx_word' id='word_1_101' title='bbox 632 1685 680 1771; x_wconf 83' lang='lat' dir='ltr'>ab</span> <span class='ocrx_word' id='word_1_102' title='bbox 700 1687 785 1773; x_wconf 91' lang='lat' dir='ltr'>aliis</span> <span class='ocrx_word' id='word_1_103' title='bbox 800 1687 961 1790; x_wconf 83' lang='lat' dir='ltr'>utilibus</span> <span class='ocrx_word' id='word_1_104' title='bbox 976 1689 1163 1796; x_wconf 89' lang='lat' dir='ltr'>secrevit,</span> <span class='ocrx_word' id='word_1_105' title='bbox 1185 1693 1267 1774; x_wconf 84' lang='lat' dir='ltr'>haec</span> <span class='ocrx_word' id='word_1_106' title='bbox 1282 1715 1365 1773; x_wconf 90' lang='lat' dir='ltr'>erat</span> <span class='ocrx_word' id='word_1_107' title='bbox 1381 1687 1528 1790; x_wconf 62' lang='lat' dir='ltr'>bucule</span> <span class='ocrx_word' id='word_1_108' title='bbox 1541 1713 1720 1772; x_wconf 89' lang='lat' dir='ltr'>veterum</span> <span class='ocrx_word' id='word_1_109' title='bbox 1732 1685 1872 1792; x_wconf 61' lang='lat' dir='ltr'>blaspe-</span> 
     </span>
     <span class='ocr_line' id='line_1_13' title="bbox 427 1796 1871 1906; baseline -0.003 -22"><span class='ocrx_word' id='word_1_110' title='bbox 427 1801 532 1902; x_wconf 64' lang='lat' dir='ltr'>Jnul3</span> <span class='ocrx_word' id='word_1_111' title='bbox 555 1800 725 1884; x_wconf 80' lang='lat' dir='ltr'>secretos</span> <span class='ocrx_word' id='word_1_112' title='bbox 739 1806 779 1887; x_wconf 86' lang='lat' dir='ltr'>vl</span> <span class='ocrx_word' id='word_1_113' title='bbox 795 1801 892 1888; x_wconf 61' lang='lat' dir='ltr'>fabii</span> <span class='ocrx_word' id='word_1_114' title='bbox 906 1803 955 1888; x_wconf 88' lang='lat' dir='ltr'>ad</span> <span class='ocrx_word' id='word_1_115' title='bbox 970 1829 1105 1890; x_wconf 81' lang='lat' dir='ltr'>cutem</span> <span class='ocrx_word' id='word_1_116' title='bbox 1124 1831 1173 1890; x_wconf 82' lang='lat' dir='ltr'>ex</span> <span class='ocrx_word' id='word_1_117' title='bbox 1201 1800 1288 1888; x_wconf 82' lang='lat' dir='ltr'>ellit</span> <span class='ocrx_word' id='word_1_118' title='bbox 1304 1809 1451 1903; x_wconf 59' lang='grc' dir='ltr'><strong><em>Μωμιε</em></strong></span> <span class='ocrx_word' id='word_1_119' title='bbox 1467 1798 1676 1906; x_wconf 58' lang='lat' dir='ltr'>insanivisti</span> <span class='ocrx_word' id='word_1_120' title='bbox 1691 1831 1705 1896; x_wconf 82' lang='lat'>3</span> <span class='ocrx_word' id='word_1_121' title='bbox 1718 1796 1785 1882; x_wconf 77' lang='lat' dir='ltr'>vel</span> <span class='ocrx_word' id='word_1_122' title='bbox 1798 1796 1871 1880; x_wconf 84' lang='lat' dir='ltr'>de-</span> 
     </span>
     <span class='ocr_line' id='line_1_14' title="bbox 427 1834 1869 2028; baseline -0.003 -32"><span class='ocrx_word' id='word_1_123' title='bbox 427 1943 540 1997; x_wconf 89' lang='lat' dir='ltr'>mum</span> <span class='ocrx_word' id='word_1_124' title='bbox 563 1917 602 1996; x_wconf 91' lang='lat' dir='ltr'>in</span> <span class='ocrx_word' id='word_1_125' title='bbox 626 1916 728 1998; x_wconf 89' lang='lat' dir='ltr'>cutis</span> <span class='ocrx_word' id='word_1_126' title='bbox 751 1914 906 2001; x_wconf 89' lang='lat' dir='ltr'>cellulis</span> <span class='ocrx_word' id='word_1_127' title='bbox 929 1946 1013 2028; x_wconf 83' lang='lat' dir='ltr'>quar</span> <span class='ocrx_word' id='word_1_128' title='bbox 1035 1947 1141 2000; x_wconf 93' lang='lat' dir='ltr'>nunc</span> <span class='ocrx_word' id='word_1_129' title='bbox 1163 1834 1274 2022; x_wconf 59' lang='lat' dir='ltr'>ildro,</span> <span class='ocrx_word' id='word_1_130' title='bbox 1292 1943 1399 1998; x_wconf 90' lang='lat' dir='ltr'>nunc</span> <span class='ocrx_word' id='word_1_131' title='bbox 1422 1943 1543 1996; x_wconf 93' lang='lat' dir='ltr'>muco</span> <span class='ocrx_word' id='word_1_132' title='bbox 1565 1911 1747 2014; x_wconf 84' lang='lat' dir='ltr'>madent,</span> <span class='ocrx_word' id='word_1_133' title='bbox 1768 1911 1869 1994; x_wconf 87' lang='lat' dir='ltr'>edu·</span> 
     </span>
     <span class='ocr_line' id='line_1_15' title="bbox 429 2022 1876 2140; baseline 0 -30"><span class='ocrx_word' id='word_1_134' title='bbox 429 2053 568 2110; x_wconf 86' lang='lat' dir='ltr'>cantur</span> <span class='ocrx_word' id='word_1_135' title='bbox 578 2087 592 2130; x_wconf 93' lang='lat'>,</span> <span class='ocrx_word' id='word_1_136' title='bbox 613 2024 792 2132; x_wconf 87' lang='lat' dir='ltr'>aluntur,</span> <span class='ocrx_word' id='word_1_137' title='bbox 812 2029 1059 2136; x_wconf 87' lang='lat' dir='ltr'>increscunt,</span> <span class='ocrx_word' id='word_1_138' title='bbox 1077 2036 1118 2114; x_wconf 68' lang='grc' dir='ltr'>ἃ</span> <span class='ocrx_word' id='word_1_139' title='bbox 1142 2028 1235 2112; x_wconf 92' lang='lat' dir='ltr'>dato</span> <span class='ocrx_word' id='word_1_140' title='bbox 1255 2053 1366 2112; x_wconf 89' lang='lat' dir='ltr'>certo</span> <span class='ocrx_word' id='word_1_141' title='bbox 1386 2051 1592 2140; x_wconf 90' lang='lat' dir='ltr'>tempore,</span> <span class='ocrx_word' id='word_1_142' title='bbox 1617 2022 1683 2108; x_wconf 89' lang='lat' dir='ltr'>alii</span> <span class='ocrx_word' id='word_1_143' title='bbox 1705 2024 1755 2108; x_wconf 92' lang='lat' dir='ltr'>ad</span> <span class='ocrx_word' id='word_1_144' title='bbox 1773 2022 1876 2110; x_wconf 77' lang='lat' dir='ltr'>alias</span> 
     </span>
     <span class='ocr_line' id='line_1_16' title="bbox 427 2138 1318 2256; baseline 0.004 -34"><span class='ocrx_word' id='word_1_145' title='bbox 427 2165 558 2222; x_wconf 73' lang='lat' dir='ltr'>states</span> <span class='ocrx_word' id='word_1_146' title='bbox 580 2138 845 2224; x_wconf 81' lang='lat' dir='ltr'>intumescunt</span> <span class='ocrx_word' id='word_1_147' title='bbox 866 2146 909 2225; x_wconf 71' lang='grc' dir='ltr'>ὁ(</span> <span class='ocrx_word' id='word_1_148' title='bbox 931 2141 1048 2226; x_wconf 87' lang='lat' dir='ltr'>furias</span> <span class='ocrx_word' id='word_1_149' title='bbox 1072 2144 1318 2256; x_wconf 87' lang='lat' dir='ltr'>concipiunt.</span> 
     </span>
    </p>

    <p class='ocr_par' dir='ltr' id='par_1_4' title="bbox 309 2246 1970 3944">
     <span class='ocr_line' id='line_1_17' title="bbox 486 2246 1868 2367; baseline 0 -33"><span class='ocrx_word' id='word_1_150' title='bbox 486 2251 631 2337; x_wconf 85' lang='lat' dir='ltr'>Latere</span> <span class='ocrx_word' id='word_1_151' title='bbox 665 2259 708 2340; x_wconf 79' lang='lat' dir='ltr'>bt</span> <span class='ocrx_word' id='word_1_152' title='bbox 739 2250 934 2340; x_wconf 89' lang='lat' dir='ltr'>occultari</span> <span class='ocrx_word' id='word_1_153' title='bbox 970 2253 1080 2367; x_wconf 85' lang='lat' dir='ltr'>polle</span> <span class='ocrx_word' id='word_1_154' title='bbox 1113 2281 1312 2340; x_wconf 89' lang='lat' dir='ltr'>venenum</span> <span class='ocrx_word' id='word_1_155' title='bbox 1349 2251 1452 2337; x_wconf 92' lang='lat' dir='ltr'>illud</span> <span class='ocrx_word' id='word_1_156' title='bbox 1482 2251 1718 2336; x_wconf 89' lang='lat' dir='ltr'>acerrimum</span> <span class='ocrx_word' id='word_1_157' title='bbox 1751 2246 1868 2334; x_wconf 87' lang='lat' dir='ltr'>multi</span> 
     </span>
     <span class='ocr_line' id='line_1_18' title="bbox 424 2363 1866 2481; baseline -0.001 -33"><span class='ocrx_word' id='word_1_158' title='bbox 424 2366 495 2448; x_wconf 81' lang='lat' dir='ltr'>vix</span> <span class='ocrx_word' id='word_1_159' title='bbox 516 2367 760 2476; x_wconf 89' lang='lat' dir='ltr'>concipiunt.</span> <span class='ocrx_word' id='word_1_160' title='bbox 798 2367 843 2449; x_wconf 87' lang='lat' dir='ltr'>Si</span> <span class='ocrx_word' id='word_1_161' title='bbox 871 2363 1084 2451; x_wconf 87' lang='lat' dir='ltr'>solidatum</span> <span class='ocrx_word' id='word_1_162' title='bbox 1105 2392 1223 2476; x_wconf 82' lang='lat' dir='ltr'>atque</span> <span class='ocrx_word' id='word_1_163' title='bbox 1247 2370 1497 2481; x_wconf 68' lang='lat' dir='ltr'>compaeium</span> <span class='ocrx_word' id='word_1_164' title='bbox 1525 2365 1644 2447; x_wconf 85' lang='lat' dir='ltr'>fuerit</span> <span class='ocrx_word' id='word_1_165' title='bbox 1669 2389 1866 2446; x_wconf 85' lang='lat' dir='ltr'>venenum</span> 
     </span>
     <span class='ocr_line' id='line_1_19' title="bbox 422 2477 1869 2592; baseline 0 -32"><span class='ocrx_word' id='word_1_166' title='bbox 422 2477 734 2586; x_wconf 88' lang='lat' dir='ltr'>quodcumque,</span> <span class='ocrx_word' id='word_1_167' title='bbox 756 2479 996 2564; x_wconf 86' lang='lat' dir='ltr'>vix-nocere</span> <span class='ocrx_word' id='word_1_168' title='bbox 1020 2482 1146 2592; x_wconf 89' lang='lat' dir='ltr'>potest</span> <span class='ocrx_word' id='word_1_169' title='bbox 1166 2512 1178 2579; x_wconf 80' lang='lat'>3</span> <span class='ocrx_word' id='word_1_170' title='bbox 1203 2478 1312 2564; x_wconf 85' lang='lat' dir='ltr'>nulla</span> <span class='ocrx_word' id='word_1_171' title='bbox 1331 2481 1436 2564; x_wconf 89' lang='lat' dir='ltr'>enim</span> <span class='ocrx_word' id='word_1_172' title='bbox 1459 2479 1511 2560; x_wconf 87' lang='lat' dir='ltr'>cst</span> <span class='ocrx_word' id='word_1_173' title='bbox 1530 2477 1644 2590; x_wconf 79' lang='lat' dir='ltr'>ipsius</span> <span class='ocrx_word' id='word_1_174' title='bbox 1669 2478 1787 2560; x_wconf 64' lang='lat' dir='ltr'>aelio.</span> <span class='ocrx_word' id='word_1_175' title='bbox 1809 2477 1869 2560; x_wconf 87' lang='lat' dir='ltr'>At</span> 
     </span>
     <span class='ocr_line' id='line_1_20' title="bbox 309 2585 1866 2704; baseline -0.001 -32"><span class='ocrx_word' id='word_1_176' title='bbox 309 2615 322 2626; x_wconf 91' lang='lat'><strong>·</strong></span> <span class='ocrx_word' id='word_1_177' title='bbox 426 2589 454 2672; x_wconf 88' lang='lat' dir='ltr'>sr</span> <span class='ocrx_word' id='word_1_178' title='bbox 477 2591 580 2702; x_wconf 79' lang='lat' dir='ltr'>prius</span> <span class='ocrx_word' id='word_1_179' title='bbox 600 2589 700 2672; x_wconf 90' lang='lat' dir='ltr'>intra</span> <span class='ocrx_word' id='word_1_180' title='bbox 720 2587 925 2703; x_wconf 86' lang='lat' dir='ltr'>glandulas</span> <span class='ocrx_word' id='word_1_181' title='bbox 945 2617 1181 2678; x_wconf 88' lang='lat' dir='ltr'>contentum</span> <span class='ocrx_word' id='word_1_182' title='bbox 1205 2618 1324 2702; x_wconf 90' lang='lat' dir='ltr'>atque</span> <span class='ocrx_word' id='word_1_183' title='bbox 1342 2589 1580 2704; x_wconf 82' lang='lat' dir='ltr'>repositum,</span> <span class='ocrx_word' id='word_1_184' title='bbox 1603 2587 1765 2700; x_wconf 74' lang='lat' dir='ltr'>accepti</span> <span class='ocrx_word' id='word_1_185' title='bbox 1782 2585 1866 2671; x_wconf 89' lang='lat' dir='ltr'>sol-</span> 
     </span>
     <span class='ocr_line' id='line_1_21' title="bbox 425 2701 1866 2814; baseline -0.001 -30"><span class='ocrx_word' id='word_1_186' title='bbox 425 2727 539 2784; x_wconf 90' lang='lat' dir='ltr'>vatur</span> <span class='ocrx_word' id='word_1_187' title='bbox 563 2701 823 2808; x_wconf 86' lang='lat' dir='ltr'>humiditate,</span> <span class='ocrx_word' id='word_1_188' title='bbox 850 2729 946 2787; x_wconf 89' lang='lat' dir='ltr'>tunc</span> <span class='ocrx_word' id='word_1_189' title='bbox 973 2728 1128 2788; x_wconf 88' lang='lat' dir='ltr'>motum</span> <span class='ocrx_word' id='word_1_190' title='bbox 1159 2712 1201 2787; x_wconf 85' lang='lat' dir='ltr'>iit</span> <span class='ocrx_word' id='word_1_191' title='bbox 1225 2704 1423 2789; x_wconf 75' lang='lat' dir='ltr'>aiiuosam</span> <span class='ocrx_word' id='word_1_192' title='bbox 1448 2702 1595 2814; x_wconf 91' lang='lat' dir='ltr'>accipit</span> <span class='ocrx_word' id='word_1_193' title='bbox 1617 2701 1866 2808; x_wconf 87' lang='lat' dir='ltr'>efficaciam,</span> 
     </span>
     <span class='ocr_line' id='line_1_22' title="bbox 424 2809 1970 2932; baseline 0.001 -36"><span class='ocrx_word' id='word_1_194' title='bbox 424 2809 583 2925; x_wconf 71' lang='lat' dir='ltr'>jamque</span> <span class='ocrx_word' id='word_1_195' title='bbox 603 2812 817 2928; x_wconf 84' lang='lat' dir='ltr'>longiffimi</span> <span class='ocrx_word' id='word_1_196' title='bbox 839 2815 985 2902; x_wconf 81' lang='lat' dir='ltr'>fastidia</span> <span class='ocrx_word' id='word_1_197' title='bbox 1000 2813 1130 2900; x_wconf 90' lang='lat' dir='ltr'>morbi</span> <span class='ocrx_word' id='word_1_198' title='bbox 1141 2815 1368 2932; x_wconf 87' lang='lat' dir='ltr'>procreabit</span> <span class='ocrx_word' id='word_1_199' title='bbox 1380 2879 1395 2924; x_wconf 95' lang='lat'>,</span> <span class='ocrx_word' id='word_1_200' title='bbox 1419 2817 1487 2898; x_wconf 91' lang='lat' dir='ltr'>cui</span> <span class='ocrx_word' id='word_1_201' title='bbox 1509 2841 1584 2898; x_wconf 88' lang='lat' dir='ltr'>nec</span> <span class='ocrx_word' id='word_1_202' title='bbox 1607 2841 1736 2898; x_wconf 87' lang='lat' dir='ltr'>moras</span> <span class='ocrx_word' id='word_1_203' title='bbox 1744 2875 1761 2920; x_wconf 92' lang='lat'>,</span> <span class='ocrx_word' id='word_1_204' title='bbox 1784 2839 1865 2898; x_wconf 87' lang='lat' dir='ltr'>nee</span> <span class='ocrx_word' id='word_1_205' title='bbox 1966 2813 1970 2822; x_wconf 75' lang='grc'><em>’</em></span> 
     </span>
     <span class='ocr_line' id='line_1_23' title="bbox 422 2927 1663 3040; baseline 0.004 -29"><span class='ocrx_word' id='word_1_206' title='bbox 422 2950 606 3040; x_wconf 85' lang='lat' dir='ltr'>tempora</span> <span class='ocrx_word' id='word_1_207' title='bbox 629 2927 874 3040; x_wconf 72' lang='lat' dir='ltr'>prescribere</span> <span class='ocrx_word' id='word_1_208' title='bbox 895 2929 953 3010; x_wconf 87' lang='lat' dir='ltr'>fas</span> <span class='ocrx_word' id='word_1_209' title='bbox 975 2932 1061 3013; x_wconf 89' lang='lat' dir='ltr'>erit.</span> <span class='ocrx_word' id='word_1_210' title='bbox 1660 3030 1663 3040; x_wconf 24' lang='grc'>1</span> 
     </span>
     <span class='ocr_line' id='line_1_24' title="bbox 421 3035 1866 3156; baseline 0.004 -36"><span class='ocrx_word' id='word_1_211' title='bbox 421 3079 428 3094; x_wconf 93' lang='grc'>·</span> <span class='ocrx_word' id='word_1_212' title='bbox 484 3035 600 3122; x_wconf 79' lang='lat' dir='ltr'>Posse</span> <span class='ocrx_word' id='word_1_213' title='bbox 621 3041 718 3122; x_wconf 79' lang='lat' dir='ltr'>verb</span> <span class='ocrx_word' id='word_1_214' title='bbox 735 3037 894 3122; x_wconf 87' lang='lat' dir='ltr'>solidari</span> <span class='ocrx_word' id='word_1_215' title='bbox 914 3042 955 3122; x_wconf 91' lang='lat' dir='ltr'>in</span> <span class='ocrx_word' id='word_1_216' title='bbox 977 3037 1173 3154; x_wconf 83' lang='lat' dir='ltr'>glandulis</span> <span class='ocrx_word' id='word_1_217' title='bbox 1191 3038 1322 3126; x_wconf 85' lang='lat' dir='ltr'>labem</span> <span class='ocrx_word' id='word_1_218' title='bbox 1342 3071 1427 3152; x_wconf 76' lang='lat' dir='ltr'>que</span> <span class='ocrx_word' id='word_1_219' title='bbox 1448 3043 1489 3124; x_wconf 92' lang='lat' dir='ltr'>in</span> <span class='ocrx_word' id='word_1_220' title='bbox 1508 3065 1663 3124; x_wconf 85' lang='lat' dir='ltr'>motum</span> <span class='ocrx_word' id='word_1_221' title='bbox 1682 3041 1765 3124; x_wconf 76' lang='lat' dir='ltr'>aiis</span> <span class='ocrx_word' id='word_1_222' title='bbox 1785 3065 1866 3156; x_wconf 84' lang='lat' dir='ltr'>ope</span> 
     </span>
     <span class='ocr_line' id='line_1_25' title="bbox 419 3146 1863 3268; baseline 0.001 -34"><span class='ocrx_word' id='word_1_223' title='bbox 419 3146 662 3236; x_wconf 75' lang='lat' dir='ltr'>diluentium</span> <span class='ocrx_word' id='word_1_224' title='bbox 686 3175 813 3239; x_wconf 87' lang='lat' dir='ltr'>totam</span> <span class='ocrx_word' id='word_1_225' title='bbox 835 3177 967 3236; x_wconf 91' lang='lat' dir='ltr'>cutem</span> <span class='ocrx_word' id='word_1_226' title='bbox 990 3153 1194 3268; x_wconf 88' lang='lat' dir='ltr'>deturpat,</span> <span class='ocrx_word' id='word_1_227' title='bbox 1221 3181 1296 3238; x_wconf 91' lang='lat' dir='ltr'>nec</span> <span class='ocrx_word' id='word_1_228' title='bbox 1324 3157 1430 3267; x_wconf 89' lang='lat' dir='ltr'>ptius</span> <span class='ocrx_word' id='word_1_229' title='bbox 1459 3151 1612 3238; x_wconf 91' lang='lat' dir='ltr'>tollitur</span> <span class='ocrx_word' id='word_1_230' title='bbox 1632 3155 1727 3262; x_wconf 88' lang='lat' dir='ltr'>quin</span> <span class='ocrx_word' id='word_1_231' title='bbox 1752 3151 1863 3266; x_wconf 84' lang='lat' dir='ltr'>glan·</span> 
     </span>
     <span class='ocr_line' id='line_1_26' title="bbox 422 3259 1869 3380; baseline 0.006 -36"><span class='ocrx_word' id='word_1_232' title='bbox 422 3259 524 3348; x_wconf 87' lang='lat' dir='ltr'>dulae</span> <span class='ocrx_word' id='word_1_233' title='bbox 547 3265 714 3348; x_wconf 87' lang='lat' dir='ltr'>omninb</span> <span class='ocrx_word' id='word_1_234' title='bbox 735 3261 783 3348; x_wconf 85' lang='lat' dir='ltr'>ab</span> <span class='ocrx_word' id='word_1_235' title='bbox 811 3267 968 3379; x_wconf 91' lang='lat' dir='ltr'>imputo</span> <span class='ocrx_word' id='word_1_236' title='bbox 996 3268 1165 3351; x_wconf 89' lang='lat' dir='ltr'>humore</span> <span class='ocrx_word' id='word_1_237' title='bbox 1188 3265 1319 3352; x_wconf 77' lang='lat' dir='ltr'>libera</span> <span class='ocrx_word' id='word_1_238' title='bbox 1340 3268 1414 3349; x_wconf 87' lang='lat' dir='ltr'>srnt</span> <span class='ocrx_word' id='word_1_239' title='bbox 1427 3328 1441 3372; x_wconf 95' lang='lat'>,</span> <span class='ocrx_word' id='word_1_240' title='bbox 1466 3265 1576 3376; x_wconf 91' lang='lat' dir='ltr'>quod</span> <span class='ocrx_word' id='word_1_241' title='bbox 1600 3265 1793 3380; x_wconf 72' lang='lat' dir='ltr'>precipue</span> <span class='ocrx_word' id='word_1_242' title='bbox 1818 3268 1869 3352; x_wconf 86' lang='lat' dir='ltr'>fit</span> 
     </span>
     <span class='ocr_line' id='line_1_27' title="bbox 422 3373 1865 3490; baseline 0.005 -32"><span class='ocrx_word' id='word_1_243' title='bbox 422 3373 637 3490; x_wconf 80' lang='lat' dir='ltr'>pubertatis</span> <span class='ocrx_word' id='word_1_244' title='bbox 652 3401 857 3490; x_wconf 90' lang='lat' dir='ltr'>tempore,</span> <span class='ocrx_word' id='word_1_245' title='bbox 882 3381 1030 3466; x_wconf 89' lang='lat' dir='ltr'>centies</span> <span class='ocrx_word' id='word_1_246' title='bbox 1050 3381 1078 3462; x_wconf 87' lang='lat' dir='ltr'>st</span> <span class='ocrx_word' id='word_1_247' title='bbox 1096 3379 1232 3466; x_wconf 85' lang='lat' dir='ltr'>vidiffe</span> <span class='ocrx_word' id='word_1_248' title='bbox 1251 3407 1316 3464; x_wconf 90' lang='lat' dir='ltr'>me</span> <span class='ocrx_word' id='word_1_249' title='bbox 1336 3380 1529 3484; x_wconf 85' lang='lat' dir='ltr'>dixerim,</span> <span class='ocrx_word' id='word_1_250' title='bbox 1551 3375 1650 3462; x_wconf 86' lang='lat' dir='ltr'>nihil</span> <span class='ocrx_word' id='word_1_251' title='bbox 1666 3376 1765 3463; x_wconf 75' lang='lat' dir='ltr'>ultri</span> <span class='ocrx_word' id='word_1_252' title='bbox 1780 3382 1865 3466; x_wconf 90' lang='lat' dir='ltr'>veri</span> 
     </span>
     <span class='ocr_line' id='line_1_28' title="bbox 418 3487 1866 3607; baseline 0.003 -36"><span class='ocrx_word' id='word_1_253' title='bbox 418 3515 548 3580; x_wconf 84' lang='lat' dir='ltr'>metas</span> <span class='ocrx_word' id='word_1_254' title='bbox 574 3487 819 3602; x_wconf 88' lang='lat' dir='ltr'>protulerim.</span> <span class='ocrx_word' id='word_1_255' title='bbox 843 3494 900 3579; x_wconf 65' lang='grc' dir='ltr'>Αἰ</span> <span class='ocrx_word' id='word_1_256' title='bbox 917 3490 1145 3607; x_wconf 86' lang='lat' dir='ltr'>exemplum</span> <span class='ocrx_word' id='word_1_257' title='bbox 1164 3493 1442 3604; x_wconf 84' lang='lat' dir='ltr'>quotidianum</span> <span class='ocrx_word' id='word_1_258' title='bbox 1461 3488 1633 3606; x_wconf 80' lang='lat' dir='ltr'>praebent</span> <span class='ocrx_word' id='word_1_259' title='bbox 1654 3494 1866 3603; x_wconf 65' lang='lat' dir='ltr'>praeficis,</span> 
     </span>
     <span class='ocr_line' id='line_1_29' title="bbox 421 3599 1860 3718; baseline 0.001 -32"><span class='ocrx_word' id='word_1_260' title='bbox 421 3599 487 3686; x_wconf 88' lang='lat' dir='ltr'>vel</span> <span class='ocrx_word' id='word_1_261' title='bbox 510 3603 639 3687; x_wconf 75' lang='lat' dir='ltr'>minis</span> <span class='ocrx_word' id='word_1_262' title='bbox 666 3606 848 3710; x_wconf 89' lang='lat' dir='ltr'>attentis,</span> <span class='ocrx_word' id='word_1_263' title='bbox 872 3633 1025 3690; x_wconf 91' lang='lat' dir='ltr'>venena</span> <span class='ocrx_word' id='word_1_264' title='bbox 1044 3606 1232 3690; x_wconf 90' lang='lat' dir='ltr'>cancrosa</span> <span class='ocrx_word' id='word_1_265' title='bbox 1244 3669 1257 3711; x_wconf 96' lang='lat'>,</span> <span class='ocrx_word' id='word_1_266' title='bbox 1280 3603 1376 3718; x_wconf 72' lang='lat' dir='ltr'>sape</span> <span class='ocrx_word' id='word_1_267' title='bbox 1401 3602 1449 3687; x_wconf 90' lang='lat' dir='ltr'>ab</span> <span class='ocrx_word' id='word_1_268' title='bbox 1474 3603 1590 3688; x_wconf 67' lang='lat' dir='ltr'>unici</span> <span class='ocrx_word' id='word_1_269' title='bbox 1610 3603 1675 3690; x_wconf 89' lang='lat' dir='ltr'>vel</span> <span class='ocrx_word' id='word_1_270' title='bbox 1698 3604 1860 3688; x_wconf 72' lang='lat' dir='ltr'>minimi</span> 
     </span>
     <span class='ocr_line' id='line_1_30' title="bbox 418 3691 1862 3832; baseline 0.008 -40"><span class='ocrx_word' id='word_1_271' title='bbox 418 3691 608 3823; x_wconf 82' lang='lat' dir='ltr'>glandulrl</span> <span class='ocrx_word' id='word_1_272' title='bbox 629 3742 698 3828; x_wconf 80' lang='lat' dir='ltr'>per</span> <span class='ocrx_word' id='word_1_273' title='bbox 715 3741 842 3800; x_wconf 81' lang='lat' dir='ltr'>totam</span> <span class='ocrx_word' id='word_1_274' title='bbox 863 3745 997 3804; x_wconf 90' lang='lat' dir='ltr'>cutem</span> <span class='ocrx_word' id='word_1_275' title='bbox 1018 3718 1146 3802; x_wconf 87' lang='lat' dir='ltr'>delata</span> <span class='ocrx_word' id='word_1_276' title='bbox 1167 3727 1208 3804; x_wconf 86' lang='lat'>&amp;</span> <span class='ocrx_word' id='word_1_277' title='bbox 1229 3743 1446 3832; x_wconf 86' lang='lat' dir='ltr'>exportata.</span> <span class='ocrx_word' id='word_1_278' title='bbox 1468 3716 1565 3800; x_wconf 80' lang='lat' dir='ltr'>Imb</span> <span class='ocrx_word' id='word_1_279' title='bbox 1577 3715 1628 3800; x_wconf 91' lang='lat' dir='ltr'>ab</span> <span class='ocrx_word' id='word_1_280' title='bbox 1649 3714 1862 3816; x_wconf 67' lang='lat' dir='ltr'>isic‘causi</span> 
     </span>
     <span class='ocr_line' id='line_1_31' title="bbox 419 3826 1713 3944; baseline 0.003 -36"><span class='ocrx_word' id='word_1_281' title='bbox 419 3826 592 3911; x_wconf 73' lang='lat' dir='ltr'>nra-xime</span> <span class='ocrx_word' id='word_1_282' title='bbox 616 3828 790 3914; x_wconf 87' lang='lat' dir='ltr'>crudelia</span> <span class='ocrx_word' id='word_1_283' title='bbox 813 3829 1046 3914; x_wconf 90' lang='lat' dir='ltr'>morborum</span> <span class='ocrx_word' id='word_1_284' title='bbox 1070 3860 1328 3916; x_wconf 88' lang='lat' dir='ltr'>cutaneorum</span> <span class='ocrx_word' id='word_1_285' title='bbox 1351 3859 1495 3944; x_wconf 87' lang='lat' dir='ltr'>genera</span> <span class='ocrx_word' id='word_1_286' title='bbox 1522 3833 1713 3912; x_wconf 87' lang='lat' dir='ltr'>oriuntur.</span> 
     </span>
    </p>

    <p class='ocr_par' dir='ltr' id='par_1_5' title="bbox 417 3937 1865 4397">
     <span class='ocr_line' id='line_1_32' title="bbox 478 3937 1865 4058; baseline 0.006 -40"><span class='ocrx_word' id='word_1_287' title='bbox 478 3937 603 4024; x_wconf 78' lang='lat' dir='ltr'>Porro</span> <span class='ocrx_word' id='word_1_288' title='bbox 622 3942 648 4022; x_wconf 87' lang='lat' dir='ltr'>sr</span> <span class='ocrx_word' id='word_1_289' title='bbox 666 3940 714 4025; x_wconf 93' lang='lat' dir='ltr'>ab</span> <span class='ocrx_word' id='word_1_290' title='bbox 731 3944 893 4026; x_wconf 89' lang='lat' dir='ltr'>internis</span> <span class='ocrx_word' id='word_1_291' title='bbox 912 3941 991 4026; x_wconf 90' lang='lat' dir='ltr'>illis</span> <span class='ocrx_word' id='word_1_292' title='bbox 1011 3945 1156 4050; x_wconf 79' lang='lat' dir='ltr'>causta,</span> <span class='ocrx_word' id='word_1_293' title='bbox 1174 3953 1215 4028; x_wconf 78' lang='grc' dir='ltr'>δι</span> <span class='ocrx_word' id='word_1_294' title='bbox 1234 3943 1403 4058; x_wconf 78' lang='lat' dir='ltr'>lympha</span> <span class='ocrx_word' id='word_1_295' title='bbox 1422 3953 1463 4026; x_wconf 78' lang='lat' dir='ltr'>bt</span> <span class='ocrx_word' id='word_1_296' title='bbox 1481 3941 1675 4054; x_wconf 86' lang='lat' dir='ltr'>sanguinis</span> <span class='ocrx_word' id='word_1_297' title='bbox 1690 3942 1795 4023; x_wconf 89' lang='lat' dir='ltr'>vitiis</span> <span class='ocrx_word' id='word_1_298' title='bbox 1810 3939 1865 4026; x_wconf 90' lang='lat' dir='ltr'>ad</span> 
     </span>
     <span class='ocr_line' id='line_1_33' title="bbox 418 4049 1864 4164; baseline 0.004 -32"><span class='ocrx_word' id='word_1_299' title='bbox 418 4049 552 4134; x_wconf 82' lang='lat' dir='ltr'>mimis</span> <span class='ocrx_word' id='word_1_300' title='bbox 564 4055 813 4138; x_wconf 87' lang='lat' dir='ltr'>momentosa</span> <span class='ocrx_word' id='word_1_301' title='bbox 828 4055 1021 4162; x_wconf 88' lang='lat' dir='ltr'>feramur,</span> <span class='ocrx_word' id='word_1_302' title='bbox 1038 4057 1155 4142; x_wconf 88' lang='lat' dir='ltr'>nullis</span> <span class='ocrx_word' id='word_1_303' title='bbox 1168 4059 1209 4140; x_wconf 90' lang='lat' dir='ltr'>in</span> <span class='ocrx_word' id='word_1_304' title='bbox 1225 4057 1310 4140; x_wconf 90' lang='lat' dir='ltr'>aliis</span> <span class='ocrx_word' id='word_1_305' title='bbox 1329 4053 1479 4138; x_wconf 90' lang='lat' dir='ltr'>morbis</span> <span class='ocrx_word' id='word_1_306' title='bbox 1495 4055 1598 4136; x_wconf 79' lang='lat' dir='ltr'>adeo</span> <span class='ocrx_word' id='word_1_307' title='bbox 1616 4079 1738 4136; x_wconf 91' lang='lat' dir='ltr'>nocet</span> <span class='ocrx_word' id='word_1_308' title='bbox 1756 4053 1864 4164; x_wconf 81' lang='lat' dir='ltr'>gulte</span> 
     </span>
     <span class='ocr_line' id='line_1_34' title="bbox 417 4161 1858 4284; baseline 0.004 -40"><span class='ocrx_word' id='word_1_309' title='bbox 417 4161 698 4277; x_wconf 87' lang='lat' dir='ltr'>intemperies,</span> <span class='ocrx_word' id='word_1_310' title='bbox 729 4196 814 4276; x_wconf 84' lang='lat' dir='ltr'>quae</span> <span class='ocrx_word' id='word_1_311' title='bbox 841 4168 1023 4254; x_wconf 83' lang='lat' dir='ltr'>fovendis</span> <span class='ocrx_word' id='word_1_312' title='bbox 1054 4196 1094 4254; x_wconf 87' lang='lat' dir='ltr'>at</span> <span class='ocrx_word' id='word_1_313' title='bbox 1121 4197 1172 4254; x_wconf 91' lang='lat' dir='ltr'>ue</span> <span class='ocrx_word' id='word_1_314' title='bbox 1197 4167 1467 4284; x_wconf 84' lang='lat' dir='ltr'>exasperandis</span> <span class='ocrx_word' id='word_1_315' title='bbox 1495 4163 1644 4250; x_wconf 90' lang='lat' dir='ltr'>morbis</span> <span class='ocrx_word' id='word_1_316' title='bbox 1675 4169 1776 4249; x_wconf 90' lang='lat' dir='ltr'>cutis</span> <span class='ocrx_word' id='word_1_317' title='bbox 1802 4167 1858 4250; x_wconf 86' lang='lat' dir='ltr'>ita</span> 
     </span>
     <span class='ocr_line' id='line_1_35' title="bbox 418 4199 1857 4397; baseline 0.003 -42"><span class='ocrx_word' id='word_1_318' title='bbox 418 4275 603 4380; x_wconf 88' lang='lat' dir='ltr'>confert,</span> <span class='ocrx_word' id='word_1_319' title='bbox 625 4305 668 4360; x_wconf 89' lang='lat' dir='ltr'>ut</span> <span class='ocrx_word' id='word_1_320' title='bbox 684 4283 817 4363; x_wconf 90' lang='lat' dir='ltr'>norint</span> <span class='ocrx_word' id='word_1_321' title='bbox 835 4279 979 4388; x_wconf 73' lang='lat' dir='ltr'>facili,</span> <span class='ocrx_word' id='word_1_322' title='bbox 1000 4289 1041 4366; x_wconf 86' lang='lat'>&amp;</span> <span class='ocrx_word' id='word_1_323' title='bbox 1059 4199 1124 4367; x_wconf 76' lang='lat' dir='ltr'>vel</span> <span class='ocrx_word' id='word_1_324' title='bbox 1146 4284 1232 4397; x_wconf 81' lang='lat' dir='ltr'>ipsis</span> <span class='ocrx_word' id='word_1_325' title='bbox 1258 4279 1388 4366; x_wconf 91' lang='lat' dir='ltr'>oculis</span> <span class='ocrx_word' id='word_1_326' title='bbox 1409 4279 1718 4364; x_wconf 85' lang='lat' dir='ltr'>animadvertant</span> <span class='ocrx_word' id='word_1_327' title='bbox 1741 4305 1857 4390; x_wconf 86' lang='lat' dir='ltr'>prac-</span> 
     </span>
    </p>
   </div>
   <div class='ocr_carea' id='block_1_3' title="bbox 415 4386 1861 5046">
    <p class='ocr_par' dir='ltr' id='par_1_6' title="bbox 415 4386 1861 5046">
     <span class='ocr_line' id='line_1_36' title="bbox 417 4386 1861 4508; baseline 0.006 -41"><span class='ocrx_word' id='word_1_328' title='bbox 417 4386 490 4468; x_wconf 87' lang='lat' dir='ltr'>tlci</span> <span class='ocrx_word' id='word_1_329' title='bbox 515 4387 556 4468; x_wconf 93' lang='lat' dir='ltr'>in</span> <span class='ocrx_word' id='word_1_330' title='bbox 582 4417 665 4497; x_wconf 91' lang='lat' dir='ltr'>quo</span> <span class='ocrx_word' id='word_1_331' title='bbox 691 4417 922 4502; x_wconf 75' lang='lat' dir='ltr'>egrotantes</span> <span class='ocrx_word' id='word_1_332' title='bbox 947 4393 1185 4506; x_wconf 87' lang='lat' dir='ltr'>deliquerint</span> <span class='ocrx_word' id='word_1_333' title='bbox 1213 4394 1233 4478; x_wconf 79' lang='lat' dir='ltr'>i</span> <span class='ocrx_word' id='word_1_334' title='bbox 1259 4397 1547 4508; x_wconf 87' lang='lat' dir='ltr'>temperatioris</span> <span class='ocrx_word' id='word_1_335' title='bbox 1570 4395 1659 4476; x_wconf 83' lang='lat' dir='ltr'>vitae</span> <span class='ocrx_word' id='word_1_336' title='bbox 1687 4387 1861 4502; x_wconf 67' lang='lat' dir='ltr'>legibus.</span> 
     </span>
     <span class='ocr_line' id='line_1_37' title="bbox 420 4497 1857 4623; baseline 0.006 -45"><span class='ocrx_word' id='word_1_337' title='bbox 420 4497 490 4580; x_wconf 88' lang='lat' dir='ltr'>Sic</span> <span class='ocrx_word' id='word_1_338' title='bbox 516 4501 624 4584; x_wconf 90' lang='lat' dir='ltr'>aiunt</span> <span class='ocrx_word' id='word_1_339' title='bbox 649 4499 920 4588; x_wconf 87' lang='lat' dir='ltr'>observatores</span> <span class='ocrx_word' id='word_1_340' title='bbox 943 4505 1195 4618; x_wconf 84' lang='lat' dir='ltr'>illegitimum</span> <span class='ocrx_word' id='word_1_341' title='bbox 1219 4507 1390 4623; x_wconf 87' lang='lat' dir='ltr'>piscium·</span> <span class='ocrx_word' id='word_1_342' title='bbox 1410 4507 1521 4590; x_wconf 91' lang='lat' dir='ltr'>usum</span> <span class='ocrx_word' id='word_1_343' title='bbox 1548 4509 1589 4590; x_wconf 89' lang='lat' dir='ltr'>in</span> <span class='ocrx_word' id='word_1_344' title='bbox 1614 4519 1701 4589; x_wconf 71' lang='lat' dir='ltr'>aere</span> <span class='ocrx_word' id='word_1_345' title='bbox 1723 4506 1857 4586; x_wconf 88' lang='lat' dir='ltr'>humi-</span> 
     </span>
     <span class='ocr_line' id='line_1_38' title="bbox 418 4611 1857 4734; baseline 0.004 -38"><span class='ocrx_word' id='word_1_346' title='bbox 418 4611 502 4716; x_wconf 93' lang='lat' dir='ltr'>do,</span> <span class='ocrx_word' id='word_1_347' title='bbox 531 4615 709 4721; x_wconf 89' lang='lat' dir='ltr'>marino,</span> <span class='ocrx_word' id='word_1_348' title='bbox 735 4614 876 4730; x_wconf 84' lang='lat' dir='ltr'>leprae,</span> <span class='ocrx_word' id='word_1_349' title='bbox 906 4642 952 4700; x_wconf 91' lang='lat' dir='ltr'>ut</span> <span class='ocrx_word' id='word_1_350' title='bbox 972 4619 1206 4726; x_wconf 74' lang='lat' dir='ltr'>inferenda,</span> <span class='ocrx_word' id='word_1_351' title='bbox 1240 4623 1292 4704; x_wconf 87' lang='lat' dir='ltr'>src</span> <span class='ocrx_word' id='word_1_352' title='bbox 1316 4619 1583 4734; x_wconf 73' lang='lat' dir='ltr'>exasperanda</span> <span class='ocrx_word' id='word_1_353' title='bbox 1605 4615 1857 4730; x_wconf 75' lang='lat' dir='ltr'>summopere</span> 
     </span>
     <span class='ocr_line' id='line_1_39' title="bbox 417 4724 1855 4818; baseline 0.004 -10"><span class='ocrx_word' id='word_1_354' title='bbox 417 4724 614 4810; x_wconf 86' lang='lat' dir='ltr'>conferre.</span> <span class='ocrx_word' id='word_1_355' title='bbox 640 4725 694 4810; x_wconf 88' lang='lat' dir='ltr'>Et</span> <span class='ocrx_word' id='word_1_356' title='bbox 713 4728 820 4812; x_wconf 75' lang='lat' dir='ltr'>certe</span> <span class='ocrx_word' id='word_1_357' title='bbox 843 4734 1008 4816; x_wconf 88' lang='lat' dir='ltr'>rariores</span> <span class='ocrx_word' id='word_1_358' title='bbox 1029 4732 1118 4818; x_wconf 88' lang='lat' dir='ltr'>sunt</span> <span class='ocrx_word' id='word_1_359' title='bbox 1140 4743 1181 4818; x_wconf 79' lang='lat' dir='ltr'>iit</span> <span class='ocrx_word' id='word_1_360' title='bbox 1203 4733 1376 4818; x_wconf 87' lang='lat' dir='ltr'>leviores</span> <span class='ocrx_word' id='word_1_361' title='bbox 1395 4731 1524 4816; x_wconf 89' lang='lat' dir='ltr'>morbi</span> <span class='ocrx_word' id='word_1_362' title='bbox 1548 4734 1705 4816; x_wconf 90' lang='lat' dir='ltr'>cutanei</span> <span class='ocrx_word' id='word_1_363' title='bbox 1725 4733 1855 4814; x_wconf 90' lang='lat' dir='ltr'>homi·</span> 
     </span>
     <span class='ocr_line' id='line_1_40' title="bbox 415 4835 1853 5046; baseline -0.001 -117"><span class='ocrx_word' id='word_1_364' title='bbox 415 4835 532 4929; x_wconf 83' lang='lat' dir='ltr'>nibus</span> <span class='ocrx_word' id='word_1_365' title='bbox 547 4839 732 4954; x_wconf 83' lang='lat' dir='ltr'>mundis,</span> <span class='ocrx_word' id='word_1_366' title='bbox 752 4841 831 4932; x_wconf 79' lang='lat' dir='ltr'>vitai</span> <span class='ocrx_word' id='word_1_367' title='bbox 851 4843 960 4934; x_wconf 72' lang='lat' dir='ltr'>lautia</span> <span class='ocrx_word' id='word_1_368' title='bbox 977 4854 1019 4932; x_wconf 76' lang='grc' dir='ltr'>δι</span> <span class='ocrx_word' id='word_1_369' title='bbox 1041 4843 1156 4934; x_wconf 77' lang='lat' dir='ltr'>bestii</span> <span class='ocrx_word' id='word_1_370' title='bbox 1171 4843 1395 4955; x_wconf 83' lang='lat' dir='ltr'>utentibus,</span> <span class='ocrx_word' id='word_1_371' title='bbox 1417 4843 1704 4960; x_wconf 82' lang='lat' dir='ltr'>frequentiores</span> <span class='ocrx_word' id='word_1_372' title='bbox 1724 4844 1853 5046; x_wconf 52' lang='lat' dir='ltr'>illotgp</span> 
     </span>
    </p>
   </div>
   <div class='ocr_carea' id='block_1_4' title="bbox 0 0 2128 5898">
    <p class='ocr_par' dir='ltr' id='par_1_7' title="bbox 0 0 2128 5898">
     <span class='ocr_line' id='line_1_41' title="bbox 0 0 2128 5898; baseline 0 0"><span class='ocrx_word' id='word_1_373' title='bbox 0 0 2128 5898; x_wconf 95' lang='lat' dir='ltr'> </span> 
     </span>
    </p>
   </div>
  </div>
 </body>
</html>
