4250 5898
652 479 1189 578 CUTANEIS.
1546 498 1635 600 563

201 645 385 760 famina,
407 677 490 762 quar
506 649 596 738 sola
612 651 689 748 illo
704 679 922 760 armantur,
943 680 1035 738 eum
1050 654 1091 734 in
1103 646 1266 738 vulnere
1282 645 1518 762 relinquunt.
1540 649 1637 735 Pra-

204 761 310 846 tercb
322 767 419 850 verb
432 765 480 849 ad
498 766 672 852 radicem
690 766 819 851 aculei
832 767 1016 851 viderunt
1033 763 1247 869 Hookius‚
1266 762 1635 856 Svammerdamius

201 871 350 985 aliique
375 903 519 962 natura
549 877 821 966 observatores
846 877 1059 964 veficulam
1085 874 1243 986 liquore
1279 871 1418 963 oleoso
1449 875 1634 993 plenam,
1719 899 1721 908 ’

204 1015 290 1096 quae
310 987 414 1072 intrit'
432 1017 566 1078 cutem
586 995 774 1078 insinuata
793 995 937 1078 veneni
954 987 1072 1074 titulo
1095 991 1187 1102 agit.
1212 985 1326 1070 Undb
1345 989 1461 1070 etiam
1484 987 1637 1082 illustris

203 1098 456 1186 Reaumurus
474 1111 540 1208 (o)
562 1109 715 1191 notavit
737 1133 786 1190 ex
812 1105 936 1220 vespae
960 1103 1158 1217 punuuris
1170 1164 1184 1208 ,
1213 1129 1304 1184 nam
1324 1099 1449 1212 vespa
1475 1099 1636 1194 aculeos

204 1211 392 1300 fortiores
416 1214 585 1325 habent,
606 1227 682 1312 nec
707 1217 798 1302 illos
820 1217 1067 1327 relinquunt,
1084 1240 1129 1300 ut
1150 1215 1303 1300 notavit
1318 1214 1454 1298 A'e'tius
1483 1213 1565 1317 (b),
1594 1228 1637 1309 in

204 1323 393 1433 vulnere,
414 1332 580 1441 primam
602 1331 680 1418 elle
697 1331 848 1416 summe
869 1329 1148 1434 dolorificam‚
1169 1329 1324 1411 tertiam
1346 1334 1442 1415 verb
1463 1335 1530 1415 vix
1550 1333 1639 1417 sen-

203 1438 379 1522 tiendam
394 1459 422 1546 ,‘
438 1441 569 1528 donec
590 1459 713 1530 novas
732 1449 835 1530 vires
858 1440 1002 1528 animal
1022 1442 1294 1554 resumpserit,
1325 1448 1638 1556 reparaveritque

203 1547 370 1661 liquoris
405 1560 591 1642 venenati
628 1555 826 1665 jatruram.
870 1555 999 1667 Quod
1036 1554 1135 1639 verb
1166 1552 1216 1636 de
1251 1550 1378 1666 vespis
1417 1555 1639 1645 observavit

204 1665 459 1754 Reaumurus
473 1669 735 1777 douiffimus,
751 1673 803 1756 de
822 1673 969 1754 araneis
986 1668 1153 1782 scriptor
1171 1666 1297 1750 Lister
1312 1666 1599 1758 observaverat.

259 1774 439 1863 Multbm
461 1810 593 1868 autem
616 1785 746 1868 differt
765 1815 814 1868 an
838 1781 886 1867 ab
910 1779 1028 1866 unce
1048 1807 1122 1893 ape
1141 1777 1237 1864 irata
1252 1778 1394 1865 vulnus
1414 1788 1637 1899 acceperis,

204 1919 255 1976 an
281 1894 461 1978 incautus
486 1905 528 1980 ὅ(
550 1901 605 1978 im
634 1897 776 1983 rudens
798 1895 964 1981 alvearia
984 1891 1196 1978 disturbans
1215 1897 1412 1978 totam·in
1431 1922 1471 1978 te
1490 1895 1639 2011 pubem

203 2005 394 2089 exardere
413 2007 566 2093 feceris.
588 1927 697 2092 tiam
718 2035 814 2094 tunc
826 2072 840 2114 ,
862 2007 960 2091 licet
978 2006 1115 2090 eadem
1128 2006 1219 2109 vis,
1241 2005 1348 2088 idem
1365 2004 1494 2092 aculei
1515 2037 1638 2095 vene·
1734 2099 1751 2126 ,

204 2145 332 2222 num,
360 2118 631 2316 multiplicatis
657 2149 792 2206 tamen
815 2119 954 2204 retibus
982 2126 1023 2202 ὃ(
1049 2117 1345 2231 impressionum
1370 2147 1536 2206 numero
1556 2119 1638 2228 ejus

204 2255 376 2344 augente
399 2235 467 2317 vio
485 2239 661 2343 entiam,
692 2236 822 2320 dirum
849 2231 945 2347 sape
969 2227 1174 2342 erysipelas
1202 2233 1244 2312 in
1270 2229 1399 2337 facie,
1429 2232 1636 2344 manibus,

203 2342 453 2454 partibusque
478 2347 683 2432 denudatis
705 2347 947 2432 accenditur.
974 2339 1112 2425 Febris
1135 2339 1245 2424 ardet
1267 2340 1444 2425 violenta
1456 2406 1469 2448 ,
1496 2346 1639 2458 phlyc-

205 2479 322 2538 toeuae
343 2460 541 2562 oriuntur,
567 2488 652 2541 non
675 2461 755 2542 stne
784 2483 995 2572 gangrena
1020 2479 1159 2558 metu,
1181 2452 1389 2566 prasertim
1414 2456 1442 2538 sr
1466 2459 1506 2538 in
1536 2457 1639 2543 male

205 2591 382 2651 moratos
417 2571 605 2654 humores
637 2569 787 2654 malum
817 2568 1013 2652 inciderit.
1045 2565 1177 2649 Pauca
1208 2591 1341 2648 tarnen
1369 2569 1434 2650 hic
1467 2571 1641 2656 remedia

206 2682 486 2788 conveniunt,
525 2690 616 2766 cirm
644 2687 751 2766 enim
786 2681 1046 2797 symptomata
1081 2675 1359 2762 tantummodi>
1394 2679 1640 2792 refrigerium
1700 2730 1725 2776 ,-

207 2790 428 2908 postulent,
445 2803 487 2878 &
503 2793 692 2880 diluentis
706 2794 907 2902 indicent,
929 2792 1076 2876 sufficit
1094 2787 1208 2873 simul
1221 2788 1363 2904 posci,
1380 2790 1446 2876 seu
1462 2821 1578 2878 aceto
1596 2803 1640 2881 dt
1777 2814 1780 2826 “

206 2903 308 3015 aqui
327 2933 454 3022 partes
469 2904 573 2994 lassas
588 2908 748 3018 fovere,
771 2905 912 3019 quibus
927 2906 1077 3014 antiqui
1093 2929 1231 2987 omnes
1255 2902 1451 2989 addebant
1470 2908 1640 3017 stercus,

206 3019 275 3104 seu
297 3019 436 3106 fimum
454 3020 676 3130 bovinum,
703 3049 889 3132 tanquam
911 3015 1054 3104 eximii
1078 3025 1120 3100 ὃ(
1142 3017 1246 3127 quast
1267 3013 1392 3100 subitis
1417 3017 1640 3106 resolvendi

205 3133 353 3215 virtute
379 3131 597 3241 donatum,
625 3137 667 3218 in
694 3132 837 3247 quibus
864 3134 905 3219 id
930 3133 1061 3214 mirari
1088 3129 1191 3216 subit
1221 3128 1331 3239 quod
1360 3133 1452 3214 clun
1479 3132 1640 3219 aculeus

205 3241 308 3326 intrit
320 3242 462 3332 vulnus
477 3250 794 3354 restitetptamen
806 3275 852 3334 ut
869 3275 952 3359 qua
971 3247 1011 3330 in
1030 3241 1171 3357 ligneis
1192 3241 1358 3326 frustulis
1382 3245 1483 3328 intra
1506 3273 1640 3332 cutem

205 3356 393 3471 susceptis
413 3362 622 3446 necessaria
640 3364 719 3469 est,
748 3359 857 3446 nulla
885 3365 951 3443 hic
979 3359 1169 3440 extraclio
1196 3355 1473 3463 tentandam,
1501 3358 1579 3443 srve
1598 3363 1641 3444 vi.

206 3495 352 3554 naturae
385 3500 479 3556 cum
509 3478 679 3560 humore
707 3472 918 3560 insensrbili
950 3470 1176 3558 extrudatur
1209 3465 1414 3560 ille,s1ve
1444 3470 1641 3584 putrescat

205 3579 374 3668 latenter
394 3585 494 3670 adeo
514 3586 676 3702 parvula
697 3587 839 3672 moles.

101 3720 105 3729 ·
261 3697 296 3781 F
298 3697 438 3780 amosae
458 3726 569 3784 erant
590 3701 693 3815 apud
716 3703 899 3810 antiquos
919 3701 981 3800 (c)
1002 3695 1043 3778 vi
1064 3717 1264 3807 pungente
1283 3699 1323 3777 br
1339 3691 1530 3808 venenati
1548 3723 1642 3810 apes

209 3806 456 3895 Calchoides
468 3874 482 3919 ,
508 3815 586 3922 srve
613 3814 851 3919 Cretenses,
882 3808 1013 3920 quaefi
1041 3808 1240 3888 turmatim
1264 3805 1568 3919 aggrederentur
1592 3816 1640 3892 a&

191 3920 335 4020 ,boves
367 3925 471 4038 ipsos
507 3925 662 4038 possent
693 3928 945 4040 prosternere.
986 3920 1078 4004 Nec
1118 3918 1225 4002 certe
1260 3917 1387 4002 deesse
1423 3917 1543 4003 debet
1579 3922 1640 4006 vis

210 4032 338 4140 major
355 4039 493 4122 urendi
516 4037 651 4153 apibus
673 4041 715 4120 in
734 4036 865 4122 calido
888 4050 976 4119 aere
998 4040 1040 4117 dt
1064 4031 1294 4148 praservido
1319 4028 1477 4114 climate
1497 4031 1642 4146 degan·

210 4145 328 4232 tibus.
351 4149 497 4261 Neque
517 4178 649 4236 tamen
670 4149 753 4236 alia‘
768 4150 965 4235 medicina
986 4148 1052 4230 est.
1078 4143 1220 4228 Asserit
1241 4147 1337 4227 verb
1360 4145 1496 4226 Aetius
1517 4173 1641 4229 vene·

208 4259 375 4344 randum
403 4268 531 4347 crucis
556 4265 706 4377 sgnum
729 4292 778 4348 ex
796 4264 901 4348 serro
922 4259 1040 4374 plaga
1062 4255 1284 4369 impressum
1311 4258 1444 4338 omnia
1468 4259 1533 4338 isla
1551 4255 1642 4340 vul·

209 4400 305 4456 nera
332 4372 494 4483 sanare,
522 4377 631 4488 quod
653 4377 722 4459 etsi
745 4377 990 4488 empyricum
1017 4369 1235 4453 remedium
1250 4428 1264 4473 ,
1294 4397 1377 4452 non
1407 4367 1499 4452 ideb
1530 4368 1641 4454 volui

210 4484 342 4570 celare
375 4492 466 4570 clun
498 4491 646 4574 indicet
674 4488 878 4600 quousque
900 4485 1098 4586 dosiiores
1122 4483 1164 4564 iu
1186 4477 1315 4592 aliqui
1338 4507 1445 4596 parte
1457 4544 1473 4588 ‚
1497 4483 1539 4566 in
1567 4481 1642 4566 alii

213 4599 256 4681 se
279 4597 499 4686 imbecilles
522 4606 705 4717 praestent.

252 4805 305 4880 (a)
327 4806 401 4874 Hirr.
418 4809 464 4870 des
479 4809 609 4884 Inseslts,
623 4831 690 4872 rom.
711 4831 743 4888 5,
756 4809 843 4873 Mern-
858 4829 885 4882 7.

211 4899 218 4908 “
256 4885 312 4962 (b)
334 4889 413 4948 Terr.
433 4916 467 4961 4,
486 4892 564 4950 serm.
582 4911 614 4962 1,
632 4913 691 4972 cap.
712 4913 755 4954 η.

250 4975 306 5047 (r)
328 4967 433 5036 AEliau.
449 4971 498 5035 lib.
519 4990 572 5044 17,
589 4972 622 5034 de
638 4972 761 5040 Animal.
779 4991 840 5055 cap.
861 4987 912 5048 ις.

1159 5047 1164 5052 ·
1278 5042 1475 5152 asnar
