4186 5908
641 353 1174 510 CUTANEIb²
1366 481 1373 486 -
1506 367 1690 555 *R7'

178 607 273 668 cum
295 576 379 664 bile
405 583 517 665 extra
545 586 691 694 corpur
718 578 886 674 feratu..
911 581 1005 670 lmb
1032 579 1083 668 ‘at
1106 577 1256 670 balneis
1285 583 1427 701 tepidis
1459 582 1616 686 lenibus

179 699 315 778 cutem
334 695 390 778 ira
407 687 569 778 mollire
594 689 793 807 proderit,
815 695 907 782 utfi
929 723 1014 808 qua
1031 691 1267 812 superessent
1292 699 1395 783 intus
1423 694 1616 812 reliquia,

177 809 259 893 hac
278 806 464 891 feranmr.
493 801 653 916 Quibus
669 806 832 918 paradis
837 868 852 914 ,
877 803 1029 894 linulla
1051 802 1195 892 scabiei
1210 827 1412 894 remanent
1430 813 1614 924 vestigia,
1704 907 1707 916 ,

179 919 357 1005 sanatum
378 915 564 1004 absolute
589 913 775 1003 morbum
802 917 908 1006 reat
929 915 1162 1007 concludes.
1201 919 1355 1018 laterai
1379 924 1478 1008 verb
1506 925 1618 1012 diata

180 1060 279 1118 curn
306 1027 634 1117 medicaminibus
659 1024 888 1142 coincidet,
913 1035 1042 1119 'tenuit
1053 1091 1069 1140 ,
1093 1027 1230 1118 mollis
1240 1083 1256 1140 9
1281 1061 1363 1118 non
1389 1038 1615 1140 muriatica;

12 1197 13 1212 .
182 1171 276 1256 nam
289 1145 455 1260 pruritui
474 1141 687 1230 excitando
702 1145 868 1230 muriam
883 1143 1112 1230 conducere
1124 1139 1192 1229 vel
1208 1133 1397 1232 levtffima
1414 1135 1618 1236 observata

182 1255 356 1364 docent,
375 1281 452 1342 nec
471 1256 684 1371 spirituosrs
699 1253 823 1342 setali
851 1254 1035 1364 uoribus,
1056 1279 1125 1338 aut
1142 1253 1272 1362 colse,
1292 1288 1377 1370 qua
1395 1266 1529 1346 omnia
1546 1262 1618 1347 sub

183 1373 241 1504 ἰΗ
273 1367 396 1502 ellum
426 1369 569 1502 nodis·
584 1367 754 1458 ferinum
783 1283 910 1486 vdgb
948 1370 1179 1486 pruritum,
1222 1371 1369 1482 vixque
1397 1371 1621 1500 tolerandas

183 1509 214 1568 rt
278 1508 431 1566 atrones
451 1505 680 1566 concttant.
1157 1503 1161 1512 ·

239 1597 298 1681 At
316 1592 339 1677 i
357 1591 587 1708 simpliciori
607 1589 684 1678 hac
698 1591 843 1682 scabiei
866 1593 1037 1680 recentia
1057 1593 1263 1682 curatione
1279 1591 1467 1708 quantiam
1484 1597 1620 1687 dillant

189 1704 398 1816 molimina
412 1733 496 1818 qua
516 1705 869 1794 inveterascentem
885 1731 1003 1816 atque
1024 1702 1216 1822 rebeliem
1231 1711 1441 1824 profligare
1463 1711 1622 1827 possunt

186 1823 448 1908 curationum*
466 1815 687 1902 molimina.
724 1817 842 1904 Cutis
870 1815 1003 1932 aspera
1029 1819 1117 1926 est,
1138 1820 1288 1937 papula
1315 1821 1448 1929 durssae,
1476 1854 1550 1908 cor
1576 1857 1622 1911 us
1794 1867 1803 1883 s

187 1927 438 2047 delassatum,
457 1933 561 2016 vires
578 1928 725 2014 adcisa.
752 1928 906 2018 amara
919 1957 1003 2015 rem
1019 1958 1090 2046 per
1103 1937 1238 2048 topica
1259 1936 1498 2048 aggrediare.
1520 1855 1623 2022 Cliu-

186 2047 305 2246 dum·
322 2040 509 2130 morbum
547 2043 711 2159 prorsus
743 2037 1025 2162 exasperabunt
1056 2040 1158 2154 illa,
1196 2045 1268 2131 fiet
1298 2046 1378 2162 ipsa
1417 2048 1621 2138 diffieilior

204 2185 349 2246 anano.
1140 2211 1145 2222 ·
1289 2220 1293 2226 -

245 2271 414 2358 Scilicet
438 2273 480 2356 in
502 2268 687 2357 omnibus
714 2265 793 2356 illia
819 2266 970 2357 morbis
997 2269 1283 2406 depuratoriis,
1311 2274 1379 2384 qui
1403 2273 1443 2356 in
1469 2301 1631 2389 partem

188 2383 361 2498 aliquam
378 2385 657 2502 deponuntur,
685 2379 830 2497 duplex
852 2387 966 2470 statuas
985 2412 1032 2469 ut
1048 2414 1090 2468 rn
1107 2387 1231 2469 acutis
1250 2384 1539 2499 distinguendus
1555 2391 1621 2474 est.

187 2498 407 2584 Cruditatis
429 2496 594 2596 alterum
606 2494 811 2606 ‚alterum
830 2499 928 2614 verb
950 2484 1158 2584 coitionis.
1181 2495 1350 2582 Scilicet
1373 2502 1533 2586 materia
1552 2501 1621 2586 illa

190 2607 305 2696 mord
325 2619 370 2700 ot
393 2605 514 2726 ignes
532 2605 670 2693 indole
685 2605 973 2714 ,itae-uocendi
996 2608 1193 2694 saviffima
1217 2607 1399 2717 obtinet,
1427 2619 1469 2697 bt
1494 2616 1620 2697 curari

189 2724 232 2810 se
255 2751 338 2808 non
356 2726 524 2839 patitur,
545 2703 762 2806 immobilis
778 2728 819 2804 dt
835 2724 1008 2828 nociva,
1033 2720 1166 2806 donec
1188 2719 1255 2806 vel
1281 2747 1424 2806 nature
1448 2723 1618 2834 viribus,

187 2837 258 2923 vel
271 2841 363 2922 artis
378 2831 557 2921 efficacii
571 2860 742 2942 munta,
760 2858 941 2940 tenuata,
961 2833 1169 2946 liquefacta
1182 2831 1300 2918 suerit
1313 2842 1354 2918 bt
1371 2837 1504 2920 mitior
1521 2837 1622 2923 faeta
1753 2827 1755 2834 ’

190 2980 241 3034 at
260 2948 476 3056 mobilior,
498 2950 593 3032 binc
613 2944 695 3056 ejus
717 2945 933 3032 acrimonii
951 2944 1104 3054 diluti,
1130 2944 1241 3034 illinc
1259 2944 1395 3031 laxatis
1416 2947 1619 3036 meatibus.

191 3061 369 3174 Quoties
388 3063 508 3176 igitur
531 3056 639 3144 luem
662 3056 834 3171 aliquam
856 3062 1089 3176 chronicam
1111 3059 1361 3176 susceperunt
1385 3061 1622 3148 traiiandam

191 3175 349 3261 Medici
371 3173 399 3260 d
455 3174 591 3258 marici
610 3171 664 3257 de
684 3197 736 3257 eo
757 3174 936 3286 cogitant
957 3199 1002 3258 ut
1027 3173 1229 3258 materiem
1254 3169 1507 3259 mobiliorem
1533 3175 1622 3260 ted-

186 3288 290 3374 dant
308 3296 350 3374 dt
366 3313 416 3372 va
432 3313 456 3370 a
471 3287 596 3398 magis
613 3281 817 3392 meabilia,
839 3282 971 3399 postes
984 3289 1091 3370 enim
1104 3289 1224 3371 tutius
1244 3293 1285 3370 bt
1303 3285 1482 3373 dirediibs
1502 3313 1624 3402 agunt

189 3403 458 3515 corrigentia,
477 3425 545 3504 aut
552 3400 761 3483 vacuantia
779 3397 1089 3508 medicamenta,
1109 3395 1312 3510 siquidem
1327 3398 1368 3482 in
1380 3429 1524 3517 corpus
1540 3429 1623 3484 non

193 3511 368 3598 solutum
388 3507 497 3598 nulla
516 3511 569 3595 est
588 3509 871 3596 medicamenti
887 3513 1002 3599 adio.
1070 3535 1086 3576 ³
1302 3572 1305 3580 Α
1395 3530 1397 3536 ’
1603 3557 1608 3564 ·

250 3626 383 3712 Priora
400 3651 499 3740 ergo
518 3625 561 3708 in
581 3621 711 3708 scabie
734 3621 874 3708 rebelli
892 3623 1065 3710 curandi
1083 3621 1273 3709 indicatio
1298 3627 1339 3708 in
1365 3623 1407 3709 id
1431 3649 1517 3709 tota
1540 3653 1625 3711 ver-

196 3740 291 3871 titur
310 3764 358 3822 ut
374 3733 565 3870 rebellem
587 3736 703 3849 ipsius
726 3734 980 3869 retundamus
1002 3733 1207 3869 indolem,
1233 3735 1436 3934 partesque
1462 3739 1625 3826 nocivas

191 3849 390 3937 diluendo
403 3873 645 3964 mmgemut,
656 3845 824 3960 vasaque
832 3874 963 3933 tenaci
978 3847 1138 3965 cnspata
1155 3857 1237 3934 &o
1266 3851 1401 3935 simtu
1416 3852 1629 3952 erethismc

199 3962 389 4050 laxemus.
410 3957 622 4078 Erg'oantd
636 3957 1062 4076 omniavulgbivenae
1075 3962 1268 4069 sectione,
1282 3961 1513 4157 utpleriqoe
1526 3964 1630 4050 Gra·

198 4103 339 4162 conum
348 4139 364 4182 ,
382 4075 628 4160 curationem
645 4071 941 4188 suspicabimur.
955 4069 1042 4192 Ipsa
1057 4101 1128 4192 per
1141 4075 1184 4161 se
1198 4075 1323 4158 erethi
1341 4104 1409 4160 mo
1422 4075 1631 4172 condutit.

198 4187 396 4300 'Quadam
411 4213 543 4272 tamen
561 4183 611 4270 ab
632 4183 716 4301 ipsi
738 4185 951 4275 abhorrent
968 4213 1150 4306 corpora.
1176 4184 1335 4270 Gallica
1355 4190 1480 4272 nostra
1499 4201 1632 4308 ex'qui-
1730 4273 1734 4286 .

200 4299 266 4386 sua
297 4300 488 4385 sentiendi
513 4302 555 4384 vi
579 4298 727 4382 donata
754 4305 957 4416 repetitam
984 4301 1081 4416 saepb'
1111 4296 1315 4413 postulant.
1346 4299 1634 4396 Exindeimus
1709 4351 1711 4356 ·

202 4413 289 4498 sero
305 4411 416 4499 iadis
429 4409 653 4498 dulcissimo
667 4439 811 4524 corpus
828 4411 1008 4517 imbues,
1030 4409 1219 4522 dietaque
1230 4411 1401 4500 uteberis
1417 4416 1636 4506 adrnodbrn
1808 4432 1811 4438 ’

202 4528 473 4640 refrigeranti,
493 4522 653 4636 qualem
670 4521 855 4629 lactucae,
882 4523 1198 4633 manationi,
1227 4555 1482 4642 cucumeres,
1510 4534 1638 4621 herbae
1696 4529 1699 4535 ’

201 4640 283 4724 seri
299 4665 438 4724 omnes
457 4647 498 4722 bt
515 4636 625 4722 olera
642 4634 816 4769 prabent
832 4633 1069 4767 moiliffima.
1092 4635 1262 4745 Alvum,
1283 4668 1334 4726 ne
1353 4637 1445 4734 bilis
1466 4649 1639 4764 resorpta

183 4746 1285 4978 ..ffai”?rii.i²;ti{2¹i.iiiiiii.iiiiii?
1298 4783 1641 4987 biiii&
1737 4852 1740 4859 ’
