4246 5900
588 489 1382 587 auctomento(
1621 540 1667 624 13

229 661 355 751 solam
379 665 481 752 cutis
504 690 728 782 occupant,
750 661 913 749 alteram
943 659 1104 749 classem
1126 667 1378 752 constituunt.
1409 667 1564 809 Verbrp
1580 669 1671 759 bre..

229 807 323 888 ves,
339 806 475 866 tenues
485 841 501 890 ,
521 784 564 865 in
583 774 814 865 mulieribus
836 774 1054 893 pellucidi,
1073 807 1144 895 per
1164 805 1273 866 totos
1291 807 1395 868 artus
1413 779 1668 897 sparguntur,

228 893 383 981 natibus
412 901 455 980 dt
480 892 576 983 volti
600 892 789 978 mansium
814 918 915 976 exce
942 894 1020 1000 tis,
1048 917 1236 1008 parteque
1263 892 1487 981 abdominis
1517 903 1669 1012 promi-

228 1004 332 1092 nulrl.
365 1007 478 1124 Saepe
504 1011 566 1094 his
595 1007 839 1092 nascentium
861 921 1072 1090 insdntium
1095 1037 1241 1122 corpus
1267 1011 1414 1095 hirtum
1438 1008 1479 1094 se
1504 1011 1667 1126 prodit,

225 1145 268 1204 at
289 1119 402 1208 brevi
427 1149 499 1237 per
522 1121 724 1226 lotiones,
747 1120 1048 1231 friblionesque,
1071 1122 1152 1206 fine
1174 1120 1261 1230 ullo
1281 1121 1364 1209 fere
1388 1121 1532 1208 dolore
1557 1125 1668 1212 dete-

223 1261 392 1341 runtur,
406 1236 613 1346 minusque
625 1233 728 1318 densr
743 1232 1018 1341 renascuntur,
1036 1233 1168 1320 donec
1181 1235 1231 1320 ad
1240 1233 1491 1430 pubertatem
1508 1235 1667 1352 plenam

222 1353 391 1462 prorsits
417 1347 610 1434 decidant.
646 1347 737 1430 Imb
765 1347 794 1429 ss
821 1345 1042 1543 puellarum
1066 1345 1239 1454 juvencu
1257 1378 1367 1434 arum
1400 1350 1667 1440 nitidissimam

221 1460 375 1544 faciem
402 1457 617 1574 explores,
644 1458 715 1544 ubi
745 1489 821 1574 prae
840 1463 954 1546 ertim
985 1464 1071 1576 post
1099 1463 1287 1580 soporem
1317 1465 1419 1548 cutis
1449 1467 1665 1577 intumuit,

206 1575 331 1686 ‘quafi
365 1573 694 1659 efflorescentium
723 1573 898 1689 pilorum
926 1573 1158 1662 leviffimam
1190 1575 1461 1692 deprehendes
1491 1577 1664 1688 exilem,

221 1683 436 1795 villosam,
465 1691 534 1772 vix
566 1690 668 1772 cutis
694 1685 944 1802 superficiem
972 1687 1015 1772 su
1043 1717 1152 1775 erare
1180 1716 1337 1806 aptam,
1365 1721 1448 1804 quae
1475 1719 1668 1805 vaporem

222 1823 386 1884 tenuem
410 1802 492 1885 rori
517 1800 666 1886 frudus
690 1826 869 1886 recentes
892 1801 941 1885 ab
966 1719 1109 1888 ardore
1133 1803 1339 1889 decoranti
1363 1799 1547 1887 amulum
1569 1835 1668 1890 con·

225 1914 376 2013 tineat;
398 1913 510 2024 quod
525 1917 568 1998 in
586 1911 664 2000 illis
683 1914 890 2029 praesertim
908 1913 1162 2024 observatur,
1186 1947 1271 2029 quae
1286 1919 1391 2003 flavo
1410 1914 1666 2004 &albicante

225 2024 392 2110 caesariei
426 2022 569 2112 colore
608 2027 818 2114 donantur.
855 2027 935 2114 Ubi
973 2029 1123 2116 decidit
1155 2029 1379 2146 superficies
1416 2027 1486 2113 illa
1522 2027 1666 2116 leviter

222 2135 367 2334 pilosa,
388 2168 524 2225 annon
545 2145 647 2228 cutis
666 2141 862 2258 deturpari
881 2145 1079 2258 incipit&
1095 2174 1211 2230 varos
1232 2143 1441 2229 efformare
1462 2171 1509 2227 ac
1527 2173 1666 2229 macu·
1749 2213 1753 2220 .

239 2255 269 2336 's
288 2253 434 2337 infici?
455 2255 578 2340 Certe
596 2282 646 2339 ex
670 2255 836 2340 maculis
859 2253 936 2342 illis
947 2319 962 2364 ,
984 2258 1089 2366 quast
1104 2255 1233 2342 bulbis
1248 2256 1422 2372 pilorum
1443 2255 1633 2342 induratis
1645 2317 1663 2364 ,
1726 2345 1728 2352 ,

226 2391 370 2450 exeunt
393 2366 607 2478 aliquandi)
620 2429 635 2477 ,
659 2367 725 2454 vel
747 2372 791 2453 in
815 2369 910 2454 sexu
937 2371 1146 2478 formoso,
1177 2371 1281 2482 quast
1309 2399 1359 2455 ex
1386 2366 1504 2454 unictl
1530 2369 1665 2456 radice

225 2476 351 2592 plures
378 2478 555 2595 pilorum
582 2481 875 2567 duriffimorum
902 2481 1044 2598 spica,
1077 2513 1204 2594 quos,
1233 2481 1358 2570 veluti
1385 2482 1568 2566 radicem
1585 2479 1665 2589 jam

229 2595 511 2718 conceperint,
531 2624 615 2677 non
637 2597 717 2679 stne
734 2593 880 2680 dolore
897 2621 1100 2710 pungente
1119 2594 1275 2682 avellas.
1300 2598 1358 2679 At
1375 2594 1549 2678 discuffis
1574 2595 1665 2709 pilis

223 2701 329 2811 illis,
356 2733 513 2816 Jamque
541 2704 781 2819 capillorum
811 2705 931 2817 copilt
956 2715 999 2790 bt
1024 2708 1259 2790 humiditate
1282 2707 1564 2810 decrescente,
1594 2736 1666 2792 cur

222 2813 361 2902 contri
382 2817 454 2934 pili
477 2817 529 2903 ad
552 2814 700 2934 pubem
722 2840 964 2930 erumpunt,
991 2824 1034 2900 ὃ(
1056 2814 1193 2901 axillas
1218 2823 1233 2900 i
1255 2817 1342 2900 Cur
1361 2819 1535 2928 virgines
1560 2816 1668 2904 malt

223 2934 487 3038 menstruata,
511 2961 582 3016 cur
599 2927 785 3014 mulieres
804 2929 1007 3013 menstruis
1024 2927 1301 3014 deficientibus
1316 2926 1449 3044 pilosae
1468 2928 1668 3039 evadunt,-

37 3049 38 3114 f
138 3122 141 3128 .
224 3047 306 3128 imb
331 3051 371 3128 dt
395 3043 495 3159 saepb
518 3041 655 3126 salsam
678 3043 855 3127 educunt
876 3037 1039 3126 barbam
1064 3047 1080 3125 i
1105 3043 1189 3126 Cur
1203 3066 1344 3128 contra
1360 3044 1534 3127 eunuchi
1554 3047 1635 3128 nati
1646 3105 1664 3152 ,

220 3183 289 3242 aut
314 3158 408 3241 fatti
435 3185 585 3272 magno
613 3185 740 3240 comae
764 3181 1001 3242 ornamento
1032 3153 1194 3238 barbam
1219 3186 1303 3240 non
1326 3153 1549 3240 obtinenti
1577 3157 1663 3242 Cur

219 3271 339 3356 iidem
364 3299 450 3354 non
474 3266 723 3375 calvescunt‚
744 3291 909 3353 notante
930 3267 1214 3383 Hippocrate?
1235 3266 1374 3382 Vulgo
1396 3271 1545 3371 etiam,
1569 3297 1664 3353 nam

219 3414 302 3468 non
323 3384 501 3469 diffiteor
518 3383 601 3467 dari
618 3379 750 3497 plures
771 3407 912 3468 contra
931 3385 1102 3468 nitentes
1123 3379 1448 3485 observationes,
1472 3382 1539 3490 qui
1560 3378 1663 3463 mul·

220 3525 305 3583 tum
326 3498 463 3581 semen
488 3499 675 3581 emittunt
696 3498 826 3582 minias
849 3493 964 3612 pilosr
982 3496 1096 3602 sunt,
1123 3499 1166 3578 bt
1189 3497 1304 3580 citius
1325 3492 1429 3609 pilos
1452 3495 1665 3600 amittunt,

218 3611 286 3695 seu
306 3609 538 3698 calvescunt
547 3670 563 3717 ,
580 3607 697 3720 qulam
713 3613 782 3720 qui
801 3607 901 3695 caste
918 3611 1042 3694 vitam
1056 3634 1191 3721 agunt.
1210 3605 1379 3693 Videtur
1394 3603 1503 3691 certe
1520 3608 1679 3719 ingens

220 3725 304 3810 dari
336 3723 520 3840 analogia
556 3727 659 3807 inter
688 3721 846 3806 seminis
881 3723 1181 3837 generationem
1206 3723 1249 3803 in
1279 3723 1372 3806 viris
1405 3749 1452 3804 ac
1486 3715 1663 3833 pilorum

220 3839 469 3924 emiffionem
482 3898 499 3945 ,
530 3840 572 3921 &
599 3837 641 3919 in
665 3831 896 3920 mulieribus
923 3839 1026 3919 inter
1054 3833 1288 3919 eorumdem
1315 3831 1550 3918 uberiorem
1565 3857 1663 3944 pro-

218 3978 385 4040 ventum
414 3981 464 4036 ac
492 3951 782 4036 menstruorum·
811 3946 1156 4035 retardationem:
1191 3949 1272 4035 srve
1303 3944 1413 4060 qubd
1440 3943 1662 4058 resorptum

217 4067 355 4152 lemen
378 4067 392 4147 i
421 4064 507 4147 sum
527 4088 700 4150 vertatur
724 4065 766 4146 in
816 4060 962 4148 ilorum
988 4063 1221 4170 materiem,
1243 4063 1322 4146 srve
1351 4054 1460 4252 tpubd
1484 4059 1586 4142 vires
1613 4059 1663 4142 iis

218 4096 449 4266 emittendis
469 4177 673 4277 sufficiat3
703 4094 815 4261 undl
834 4201 967 4264 tamen
981 4239 996 4284 ,
1020 4179 1048 4260 st
1075 4204 1136 4261 res
1164 4173 1219 4258 i'ta
1246 4173 1286 4256 se
1311 4174 1363 4253 ha
1391 4193 1457 4276 et,
1480 4171 1522 4253 in
1549 4199 1662 4254 mor·

218 4291 326 4378 bosrs
351 4289 705 4408 languentibusque
730 4291 930 4380 affectibus
954 4289 1027 4407 pili
1050 4285 1309 4373 nihilominus
1336 4299 1549 4399 augentur,
1576 4285 1662 4369 imo

221 4415 267 4492 bt
285 4435 358 4523 per
384 4406 547 4492 sudores
566 4404 750 4489 videntur
775 4409 996 4520 propagari.
1026 4400 1259 4512 Quinetiam
1284 4397 1414 4484 forsan
1440 4399 1528 4513 post
1551 4423 1662 4482 mora

223 4544 307 4604 tem
333 4519 517 4604 crescunt
544 4517 818 4634 aliquantisper
841 4515 906 4602 ‘illi
929 4553 938 4600 :
962 4515 1003 4600 id
1029 4510 1303 4630 vegetantibus
1331 4514 1493 4627 corpori
1518 4513 1661 4596 innatis

95 4715 102 4748 ,
224 4640 376 4719 tantum
413 4658 643 4749 competere
672 4631 883 4717 videretur.
918 4631 1069 4718 Verum
1099 4629 1168 4714 etst
1201 4627 1225 4728 a
1255 4627 1403 4712 semine
1436 4621 1585 4734 aliquid
1617 4627 1661 4706 in

224 4745 331 4862 pilos
360 4749 525 4832 influere
557 4746 746 4853 videtur,
779 4743 827 4830 ab
861 4743 976 4852 hujus
1012 4744 1238 4832 attuofitate
1268 4741 1402 4826 tamen
1436 4737 1659 4823 nullatenus

223 4859 302 4946 alia
323 4863 487 4964 historia
509 4858 692 4954 naturalis
716 4859 890 4976 pilorum
914 4863 1183 4980 phoenomena
1206 4853 1461 4940 solverentur.
1492 4845 1660 4934 Scilicet

226 5003 298 5062 eur
327 4975 413 5062 sete
442 4971 632 5062 'omnibus
666 4973 896 5066 hominibus
929 4975 1040 5066 aetate
1072 4968 1292 5061 inclinante
1320 4965 1391 5088 pili
1421 4963 1658 5128 albescant,
