4246 5900
537 416 1383 520 INTRODUCTIO.'
1568 466 1653 527 210¹

198 609 281 700 que
302 581 557 700 distinguente
589 589 694 698 quast
719 586 742 671 ὲ
771 611 910 672 centro
938 588 1018 674 sese
1051 591 1346 682 diffundentem.
1378 598 1425 683 Id
1460 601 1620 688 certes

201 695 402 785 cellularis
426 700 555 784 textsu
576 693 760 816 suppositi
786 699 967 785 strueturd
988 701 1064 786 eise
1086 709 1340 818 repetendum
1359 711 1519 797 evidens
1540 719 1618 814 est;

199 812 272 924 qui
282 836 412 895 textus
427 809 623 896 cellularis
645 811 810 896 similem
825 815 1372 928 experiturpartitionem.8ic
1387 849 1516 908 torum
1531 857 1620 911 cor-

197 951 275 1039 pus
297 927 511 1008 humanum
532 927 576 1008 in
597 923 691 1009 duas
713 921 877 1034 aequales
900 951 1025 1037 partes
1045 935 1222 1014 externas
1248 933 1432 1020 dividitur
1450 937 1498 1020 ad
1518 939 1620 1054 Hip-

196 1039 374 1150 pocratis
395 1061 585 1122 mentem.
610 1037 713 1147 Quat
733 1035 893 1144 quidem
916 1040 1074 1150 partitio
1104 1046 1235 1154 magni
1263 1051 1454 1131 momenti
1481 1047 1618 1135 idivo

194 1147 295 1232 sene
316 1145 480 1254 habita,
505 1175 557 1232 an
575 1151 616 1234 in
642 1144 845 1232 enodands
866 1145 1100 1232 morborum
1124 1153 1299 1258 theoriai,
1328 1157 1619 1248 &stabiliendis

195 1265 291 1343 tiun
312 1259 566 1344 metastaseon
577 1320 593 1367 ,
621 1264 705 1343 tum
719 1257 983 1344 reuustonum
1011 1268 1233 1378 preceptis,
1250 1265 1418 1378 aliquam
1443 1272 1619 1360 obtineat

195 1371 437 1484 dignitatern
448 1429 465 1474 ,
490 1367 760 1454 &morborum
781 1374 1084 1486 phoenomenis,
1099 1403 1317 1487 eorumque
1332 1383 1474 1466 attenti
1489 1386 1619 1472 obser-

193 1487 365 1567 vatione
379 1483 629 1566 divinandum
644 1486 721 1589 est,
742 1481 945 1599 plusquim
970 1513 1019 1570 ex
1045 1513 1227 1598 anatome
1249 1489 1425 1578 subtilius
1447 1498 1615 1584 exculta.

194 1593 301 1679 Haec
327 1591 548 1682 observatio
574 1595 740 1682 medicis
766 1597 983 1712 dignissima
1005 1597 1054 1684 ad
1074 1629 1149 1686 nos
1166 1607 1299 1689 versus
1319 1602 1393 1690 alia
1410 1637 1618 1721 properan-

195 1729 257 1792 tes
280 1735 362 1792 non
383 1708 564 1821 pertinet.

555 1860 1394 2029 Anrrcuuusa'ivs.

702 2101 782 2244 'De
810 2164 920 2246 cutis
937 2159 1072 2278 ustdus.

276 2375 543 2470 Communem
556 2367 670 2470 iilum
684 2391 726 2471 ὃ(
739 2379 995 2471 universalem
1006 2389 1106 2471 cutis
1117 2384 1230 2472 usum
1242 2417 1322 2498 quo
1337 2417 1462 2504 partes
1477 2419 1617 2480 omnen

208 2513 376 2578 externas
399 2500 682 2605 circumvestit,
703 2497 897 2603 involvit,
929 2506 973 2583 ὃ(
994 2503 1095 2583 intra
1111 2495 1256 2584 limites
1272 2529 1433 2586 coercet
1443 2562 1458 2610 ,
1483 2505 1616 2590 nulius

208 2603 260 2684 est
283 2606 489 2694 hominum
548 2617 590 2696 ui
622 2639 705 2693 non
730 2619 772 2694 dt
794 2605 949 2715 oculis,
985 2617 1027 2693 dt
1060 2609 1262 2696 intellettu
1291 2617 1612 2726 comprehendat.

201 2712 313 2800 Hinc
338 2719 388 2804 de
411 2721 484 2806 illo
508 2641 620 2838 piura
639 2721 772 2804 dicere
792 2720 1073 2832 supervacuum
1104 2721 1180 2819 est3
1207 2722 1293 2804 satis
1318 2726 1392 2805 erit
1418 2729 1618 2810 armotasse

204 2826 257 2909 ita
276 2832 399 2916 varias
426 2840 527 2921 cutis
548 2858 676 2952 partes
699 2832 776 2918 esse
799 2831 991 2946 sapienter
1014 2828 1240 2916 fabresastas
1249 2895 1265 2940 ,
1284 2859 1329 2916 ut
1350 2833 1462 2916 uniits
1483 2833 1614 2941 cujus·-

208 2967 284 3048 que
305 2949 420 3057 partis
441 2947 525 3033 usui
545 2944 778 3032 correlativa
794 2946 896 3028 cutis
917 2942 1249 3058 correspondeat,
1274 2947 1340 3028 hic
1361 2943 1456 3029 dura
1474 2955 1518 3031 dt
1531 2949 1616 3034 sere

203 3051 372 3162 callosa,
397 3061 466 3146 hic
488 3065 594 3146 rimis
612 3066 655 3142 δι
679 3055 909 3142 anfrasiibus
957 3053 1112 3140 licatilis
1124 3119 1139 3162 ,
1167 3060 1232 3140 hic
1251 3059 1370 3141 etiam
1391 3063 1612 3149 munimen-

200 3167 251 3252 tis
271 3167 507 3257 validissimis
530 3170 686 3258 defensa
709 3168 848 3280 quibus
874 3087 1083 3253 insilientes
1112 3199 1328 3284 corporum
1359 3198 1616 3260 externorum

201 3277 391 3392 assultus,
414 3293 456 3370 δι
474 3290 597 3372 vitare
617 3284 733 3400 possit
740 3345 753 3386 ,
770 3291 811 3366 dt
837 3281 1022 3394 effugere.
1040 3280 1175 3392 Qudm
1195 3281 1384 3395 sapienter
1411 3287 1517 3368 enim
1538 3287 1614 3368 ins·

202 3395 363 3478 titutum
383 3397 471 3504 est,
501 3423 547 3482 ut
574 3427 657 3510 quae
717 3425 776 3480 ars
797 3392 1009 3478 oculorum
1031 3393 1200 3478 subsidio
1225 3419 1332 3482 caret
1369 3424 1416 3478 ca
1443 3399 1506 3480 itis
1525 3426 1615 3511 pars

230 3508 376 3617 ostica,
400 3511 571 3623 praesrdio
594 3511 677 3625 cap‘
713 3537 828 3591 orum
853 3509 907 3588 ita
927 3505 1179 3614 defendatur,
1210 3531 1255 3589 ut
1279 3425 1544 3622 multipiicato
1568 3511 1615 3592 fi-

202 3533 333 3702 dbrum
355 3649 519 3707 numero
545 3627 642 3706 isius
667 3616 990 3706 vehementissuni
1011 3617 1228 3702 eludantur.
1252 3617 1387 3728 Qubm
1417 3619 1532 3704 dode
1547 3649 1613 3704 na-

204 3757 288 3815 tura
317 3737 649 3848 apprehendentes
682 3733 827 3926 dngitos
853 3728 1051 3862 unguibus
1085 3731 1277 3837 firmavit,
1307 3728 1441 3814 claustr
1468 3729 1613 3816 oculos

207 3843 434 3960 palpebris,
472 3875 582 3933 nares
617 3852 684 3930 inn
725 3841 903 3928 centibus
951 3843 1039 3956 pihs
1064 3845 1261 3948 munivit,
1289 3842 1434 3957 &ipsa
1461 3847 1613 3926 aurium

206 3962 340 4042 intima
363 3965 562 4045 cerumine
593 3958 770 4074 implevit
796 3953 938 4066 quibus
963 3957 1169 4070 irrepentia
1192 3955 1430 4038 inviscantur
1452 3961 1493 4036 ὃ(
1516 3954 1613 4040 deti-

207 4098 345 4156 nentur
368 4073 537 4158 insetta:
563 4073 691 4158 sedin
714 4068 981 4184 pulcherrimo
1003 4068 1268 4158 meditationis
1295 4089 1526 4176 argrunento
1540 4069 1613 4151 im·

208 4189 351 4269 morati
379 4191 495 4270 nostri
525 4216 606 4270 non
630 4188 683 4271 est
707 4183 893 4280 instituti3
924 4180 1045 4265 alium
1078 4183 1241 4294 prorsbs·
1259 4177 1372 4260 usum
1395 4175 1512 4261 offert
1532 4181 1612 4294 ipsa

209 4303 308 4384 cutis
329 4301 514 4414 organice
538 4301 563 4381 s
581 4302 703 4382 esiata
715 4359 730 4403 ,
758 4323 839 4406 quo
861 4291 932 4377 sub
953 4293 999 4376 as
1018 4297 1106 4375 estu
1124 4288 1286 4372 morbos
1312 4313 1499 4374 cutaneos
1513 4316 1612 4376 trac-

207 4411 371 4498 tantibus
391 4331 582 4527 praecipub
606 4407 883 4496 consideranda
899 4408 963 4490 est.
980 4323 1068 4517 spsa
1091 4404 1196 4487 enim
1218 4410 1264 4488 &t
1281 4405 1399 4488 tactui
1419 4431 1612 4516 organum

209 4523 375 4643 prabet,
397 4525 519 4611 sensui
532 4523 701 4608 maxime
718 4515 882 4624 diffuso,
901 4528 941 4604 dt
960 4516 1193 4602 secretiones
1208 4518 1333 4602 efficit
1346 4541 1463 4627 atque
1479 4544 1613 4600 extre·

211 4644 334 4724 tiones
367 4645 526 4728 maximi
558 4636 775 4742 momenti,
802 4661 876 4718 nec
903 4633 1028 4716 minus
1064 4629 1111 4715 ab
1139 4626 1397 4716 exterioribus
1430 4631 1612 4742 corpori-

209 4752 282 4836 bus
306 4755 488 4870 plurimas
512 4749 692 4848 absorbet
716 4745 871 4836 atomos
882 4773 1028 4866 ,nunc
1051 4743 1281 4848 morbosus,
1309 4772 1415 4870 nunc
1442 4741 1612 4826 medica-

203 4869 329 4958 trices.
