4188 5916
651 399 1144 552 eesldsll
1534 415 1616 504 ³w

178 595 353 688 lr'umote
369 598 528 717 leproso
554 605 663 690 tablis
685 606 948 720 genitalibus,
975 618 1016 695 ὅ(
1036 610 1256 728 symptoma
1278 611 1360 703 hoc
1384 609 1614 708 mulieribus

180 718 302 800 etiam
317 714 478 832 leprofis
489 745 704 803 commune
719 723 1084 834 narratGordonu's,
1098 725 1189 810 cum
1203 729 1387 815 Medicus
1401 732 1615 828 Comitissae

180 826 344 942 leprosa
364 829 527 943 assistens
540 831 619 944 ipse
634 835 751 915 etiarn
759 895 773 938 ,
791 836 884 918 teste
900 833 1064 920 oculato
1078 840 1297 948 Gordono,
1309 841 1458 956 lepram
1469 852 1614 948 concu'7

181 937 268 1022 bitu
282 940 427 1054 pluries
441 948 609 1057 repetito
623 949 874 1030 contraxerit.
886 946 1075 1033 Praetereb
1087 947 1236 1065 lepram
1249 952 1271 1037 ὲ
1286 980 1394 1067 parte
1407 959 1448 1038 in
1460 984 1612 1071 partem

182 1051 491 1179 decumbentem
509 1078 636 1141 narrar
652 1064 695 1140 ὃ(
708 1057 878 1168 sequitur
891 1062 1135 1169 Avicennas,
1153 1072 1196 1149 ὃ(
1212 1065 1370 1149 Galeno
1379 1129 1392 1174 ‚
1411 1093 1456 1150 ur
1468 1067 1609 1181 reliqui
1664 1165 1673 1179 ,
1710 1139 1716 1159 ,

184 1166 511 1273 omneserusdem
555 1173 655 1254 entis
667 1170 848 1279 Medici,
865 1173 1037 1258 addislus
1045 1201 1196 1280 ,auam
1209 1175 1330 1261 bilem
1345 1180 1394 1263 ad
1410 1184 1510 1264 cutis
1523 1184 1611 1267 vasa
1791 1221 1793 1234 ·

181 1303 334 1361 motam
345 1309 418 1394 pro
433 1310 549 1366 causa
558 1279 672 1396 leprae
685 1287 839 1398 recipit,
849 1285 969 1394 unde,
1008 1284 1148 1370 ostlon
1177 1291 1323 1376 ataedia
1337 1289 1456 1375 febris
1470 1291 1611 1380 melan-

182 1385 372 1499 cholicae,
392 1419 570 1478 exortam
582 1397 767 1508 phthifim
783 1423 899 1509 atque
912 1317 1133 1513 hydlopem
1148 1320 1362 1487 denuntiat.
1378 1405 1471 1498 Uno
1485 1403 1610 1503 verbo

180 1499 299 1616 leprae
320 1504 393 1587 suae
417 1507 548 1592 causas
572 1533 690 1618 atque
714 1507 889 1622 pericula
914 1509 1172 1620 demonstrat,
1201 1513 1400 1599 Galenum
1420 1516 1609 1625 secutus,

182 1615 279 1698 dirm
298 1612 447 1731 lepram
458 1647 580 1706 vocat
600 1650 789 1705 cancrum
810 1623 930 1708 totilas
948 1651 1021 1707 cor
1049 1627 1148 1733 oris,
1164 1626 1274 1738 quod
1293 1627 1342 1712 de
1360 1627 1611 1740 elephantiasi

182 1725 361 1813 Galenu's
374 1737 715 1845 pronuntiaverat:
733 1763 955 1846 quanquam
966 1739 1008 1820 in
1021 1655 1132 1852 lepras
1148 1740 1337 1826 schirrosa
1353 1739 1511 1828 durities
1526 1773 1611 1826 non

180 1839 309 1949 adsrt,
339 1843 407 1928 sed
433 1843 705 1957 glandularum
729 1849 956 1932 tumefattio
973 1911 989 1956 ,
1009 1849 1096 1932 scro
1125 1850 1270 1934 hulosae
1297 1857 1427 1966 potibs
1459 1854 1608 1959 affinis,

77 2051 95 2068 .„
182 1953 452 2040 &evidentes
482 1959 544 2043 adi
574 1959 647 2042 osae
673 1963 791 2074 partis
821 1964 862 2044 in
887 1961 963 2046 suis
990 1882 1144 2047 cellulis
1167 1962 1363 2048 induratio
1390 1972 1432 2049 bt
1459 1967 1610 2049 rances-

181 2069 325 2151 centia.
361 2067 476 2154 Unde
501 1989 652 2155 cellula
676 2101 935 2187 rumpuntur,
961 2081 1002 2157 bt
1026 2073 1161 2159 tabum
1177 2075 1400 2159 induratum
1423 2081 1465 2160 in
1486 2075 1610 2162 lemae

183 2179 408 2265 concrescit
427 2184 657 2296 putridas&
674 2185 885 2272 ulcerosas.
903 2185 1013 2270 Hinc
1032 2215 1128 2300 ergo
1150 2213 1249 2297 quot
1270 2192 1431 2271 nomina
1450 2185 1609 2274 barbara

182 2297 226 2374 ὅ(
242 2293 378 2380 nostris
401 2294 557 2381 auribus
577 2296 744 2406 absona,
765 2327 840 2383 nec
856 2298 1080 2398 revocanda
1099 2301 1140 2381 in
1159 2303 1392 2381 memoriam
1409 2297 1457 2384 ab
1472 2301 1609 2387 Aven-

183 2433 300 2489 zoarc
321 2412 383 2509 (a)
407 2436 606 2492 numerata
628 2411 738 2516 sunt,
761 2410 930 2496 totidem
943 2411 1032 2494 sunt
1049 2409 1357 2522 elephantiaseos
1376 2413 1609 2498 Graecorum

181 2541 299 2627 atque
312 2515 489 2602 Arabum
505 2517 619 2632 lepra
636 2525 889 2634 cognomina.

236 2629 351 2713 Rarb
365 2629 580 2715 admodum
593 2636 820 2745 exquisitam
832 2633 1154 2747 elephantiasrma
1183 2637 1236 2720 ud
1252 2665 1324 2719 nos
1337 2633 1607 2738 observamus3

180 2771 272 2825 nam
286 2745 353 2853 qui
367 2750 408 2826 bt
419 2743 661 2854 Raymundo
678 2745 755 2836 &J
757 2749 946 2830 oannis&
958 2743 1041 2828 aliis
1081 2665 1226 2832 Iuribus
1242 2747 1434 2852 Medicis,
1451 2748 1583 2830 Paraeo
1592 2809 1608 2856 ,

181 2855 388 2971 praesertim
398 2858 467 2938 visr
475 2857 570 2954 sunt,
578 2856 842 2973 semi-leprosr,
853 2859 918 2942 seu
929 2779 1297 2974 semi-elephantiaci
1308 2858 1466 2943 dicendi
1478 2859 1609 2945 viden·

181 2995 259 3052 tur.
271 2965 386 3051 Unde
396 2972 560 3054 nimium
572 2975 721 3083 patiens
734 3001 780 3056 ac
793 2968 945 3074 sedulus
955 2969 1110 3056 videtur
1121 2970 1325 3055 Gilbertus
1337 2970 1407 3077 (b),
1420 2971 1607 3056 Medicus

182 3077 357 3194 Anglus,
378 3084 445 3191 qui
461 3082 628 3168 totidem
646 3084 794 3199 species
807 3081 1114 3199 elephantiaseos
1128 3087 1331 3188 numerat’,
1350 3108 1449 3194 quot
1463 3085 1608 3195 praedo·

181 3197 379 3279 minantur
390 3195 663 3309 symptomata.
687 3195 802 3280 Unde
816 3194 932 3279 aliam
947 3193 1164 3310 legitimam
1183 3193 1374 3310 appellat,
1392 3194 1507 3279 aliam
1524 3194 1609 3282 leo-

183 3311 338 3412 ninam,
362 3311 454 3392 cltm
478 3307 674 3421 aspeslum
693 3307 856 3394 leonum
879 3307 1173 3423 referantaegri,
1197 3308 1314 3392 aliam
1335 3311 1498 3420 tyriam,
1515 3313 1609 3394 ciam

181 3419 301 3505 facile
319 3447 363 3505 ut
380 3421 533 3533 serpens
554 3420 699 3532 Tyrius
726 3426 884 3506 exuvias
909 3448 1084 3536 ponant,
1107 3421 1223 3506 aliam
1245 3420 1487 3534 alopeciam,
1516 3426 1609 3504 ciam

182 3532 253 3649 pili
267 3533 517 3649 deponuntur
531 3541 573 3618 br
584 3534 792 3635 decidunt;
808 3532 1102 3619 melanislcrum
1114 3537 1233 3617 etiam
1247 3531 1361 3616 aliam
1374 3529 1543 3647 appellat
1558 3559 1608 3616 ex

183 3643 327 3732 colore
345 3645 490 3731 lurido.
515 3647 664 3731 Verum
685 3647 726 3730 id
747 3649 845 3730 mihi
866 3645 1021 3731 videtur
1037 3649 1189 3732 veritati
1212 3647 1336 3758 magis
1361 3644 1606 3751 consonum,

181 3755 367 3844 tellurem
383 3767 424 3843 ὅτ
441 3788 528 3843 oras
540 3760 684 3844 nostras
698 3760 791 3841 huic
807 3758 1014 3843 educando
1030 3783 1147 3869 arque
1162 3756 1303 3842 alendo
1321 3754 1465 3840 morbo
1481 3759 1608 3841 minias
1719 3751 1726 3771 ‘

181 3869 349 3980 felices,
373 3868 482 3956 brevi
501 3871 552 3955 de
572 3869 821 3955 vehementis
847 3866 928 3977 ejus
956 3869 1058 3984 apud
1085 3900 1159 3954 nos
1186 3869 1401 3964 detraxisse.
1434 3866 1609 3952 Adsusre
1656 3973 1657 3978 Ν
1743 3897 1747 3907 ’

182 3983 312 4098 longo
336 4012 516 4098 ternpore
540 3981 563 4067 ὲ
587 3986 674 4067 viru
700 3980 773 4065 illo
803 3981 922 4067 semel
951 3981 1176 4068 introduslo
1202 3986 1308 4067 varia
1329 3978 1491 4084 ulcera,
1520 3981 1610 4062 rha·
1653 3985 1655 3992 '

147 4111 149 4118 ’
183 4097 333 4211 gades,
354 4095 651 4180 tumefasliones
675 4125 781 4179 nunc
801 4094 1025 4201 labiorum,
1052 4124 1157 4178 nunc
1182 4097 1360 4196 aurium,
1382 4092 1497 4174 vocis
1521 4118 1609 4174 rau-

184 4214 281 4296 citas
303 4239 420 4320 quam
444 4206 667 4322 fingebant,
694 4213 787 4293 teste
802 4209 933 4292 Pataeo
942 4270 956 4314 ,
972 4209 1145 4291 mendici
1160 4201 1466 4288 misericordiam
1481 4229 1611 4286 extor-

184 4349 373 4434 quentes,
394 4319 595 4435 depilati0.
624 4320 705 4404 Sed
727 4319 868 4403 nullibi
888 4319 1016 4404 feralis
1036 4317 1104 4402 illa
1122 4314 1385 4400 accidentium
1406 4313 1611 4509 apglome·

184 4438 286 4520 ratio
307 4464 425 4547 quam
446 4432 643 4548 descripsrt
662 4435 859 4540 Aretaeus,
885 4440 927 4516 ὃ(
946 4459 1064 4542 quam
1085 4431 1235 4544 experti
1252 4427 1341 4512 sunt
1362 4427 1425 4512 for
1443 4456 1491 4509 an
1514 4457 1613 4512 con·

185 4551 295 4633 cives
311 4551 518 4654 nostrates,
538 4577 630 4631 cum
650 4543 699 4630 ad
717 4543 934 4630 liberandas
950 4543 1074 4629 sacras
1095 4545 1277 4658 regiones
1295 4567 1358 4628 tot
1370 4537 1476 4626 bella
1490 4541 1612 4625 inisre

186 4663 438 4777 AEgyptiaca.

225 4819 290 4889 (u)
311 4813 411 4875 Trast.
428 4835 485 4894 23,
504 4834 561 4896 cap.
585 4822 633 4876 16.

227 4893 267 4970 (l
274 4897 290 4972 )
310 4893 412 4980 Comp.
426 4895 532 4958 Medic.
551 4893 599 4956 lib·
611 4914 628 4963 7
642 4933 652 4968 2
669 4913 733 4978 με·
748 4916 813 4976 337·

1182 5018 1188 5038 -,
1261 4970 1369 5057 Bbb
1394 4967 1421 5074 ij
