4188 5916
618 437 1114 541 CUTANEsa
1514 465 1591 566 {m

153 617 327 700 internas
350 611 518 699 latenter
536 615 680 700 struant
700 618 868 732 strages,
890 642 936 703 ut
956 615 1106 702 viscera
1128 645 1234 701 nunc
1254 617 1466 726 indurent,
1489 649 1600 708 nunc

157 753 443 844 corrumpant,
474 731 623 838 quanti)
650 733 774 843 magis
802 756 930 816 metus
958 729 1027 815 ille
1052 728 1172 815 debet
1197 731 1382 816 incedere
1409 729 1502 816 illos
1529 739 1599 844 qui

154 845 340 956 herpetes
365 840 668 957 phagaedenicos
696 842 943 929 medicantur
965 873 1138 955 quorum
1164 871 1299 928 natura
1329 847 1382 928 est
1406 868 1451 928 ut
1474 847 1599 932 fluant

156 956 371 1071 perpetui),
389 961 430 1038 bt
446 983 617 1065 quorum
630 958 758 1041 fluxus
772 955 973 1041 cohibitus
992 957 1092 1042 adeb
1107 959 1335 1042 vehementi
1349 956 1479 1071 pollet
1495 989 1601 1046 acre

157 1067 263 1152 dine.
296 1064 434 1262 Vulgi)
466 1066 624 1153 incauti
652 1070 919 1155 medicatione
951 1070 993 1154 id
1019 1069 1167 1155 accidit
1198 1096 1243 1154 ut
1273 1073 1411 1154 vicinae
1442 1101 1597 1186 partes,

156 1184 242 1265 imb
266 1189 309 1265 bt
335 1180 376 1264 su
405 1177 511 1287 jertae
537 1185 754 1294 vicinaque
780 1182 974 1298 glandulae
1003 1187 1146 1267 mirum
1174 1187 1214 1267 in
1241 1182 1408 1267 modum
1434 1192 1475 1269 ὅ(
1504 1217 1598 1271 cum

156 1293 383 1408 ingentibus
405 1293 644 1380 cruciatibus
670 1296 931 1385 intumescant
952 1328 963 1398 ;
993 1295 1098 1381 unde
1121 1295 1189 1379 srbi
1215 1294 1407 1410 plaudunt
1429 1327 1570 1411 agyrtae
1582 1363 1597 1408 ,

156 1410 418 1522 topicumque
445 1407 538 1491 indb
564 1406 725 1492 laudant
749 1410 856 1522 qubd
878 1410 926 1494 ad
956 1414 1151 1494 exteriora
1174 1409 1305 1494 trudat
1326 1409 1474 1494 maium
1487 1474 1501 1518 ‚
1530 1413 1598 1497 sed

157 1552 245 1636 pars
265 1521 484 1605 tenuiffima
504 1518 772 1634 leviffimaque
797 1550 970 1640 raptatur
988 1523 1110 1609 celeri
1131 1525 1301 1608 circuitu
1323 1523 1371 1607 ad
1389 1522 1601 1658 pulmones

158 1633 225 1720 vel
250 1634 299 1718 ad
326 1633 562 1734 cerebrum3
585 1637 650 1719 hic
678 1663 850 1721 mortem
872 1635 1113 1722 subitaneam
1137 1637 1324 1742 accersa,
1350 1636 1407 1720 ibr
1430 1629 1601 1726 suffoca-

142 1752 312 1846 tionem
333 1746 544 1860 aliquandb
564 1747 900 1834 immedicabilem
925 1749 1114 1834 &subito
1140 1753 1400 1864 perimentem
1425 1755 1600 1865 impetu;

160 1888 228 1946 aut
245 1859 381 1944 saltem
389 1922 403 1965 ,
422 1891 530 1944 nunc
544 1860 795 1994 apoplexiam
809 1889 969 1976 gravem
986 1863 1124 1969 infert,
1140 1893 1246 1946 nunc
1268 1867 1601 1978 peripneumonia

160 2005 285 2090 genus
315 1973 614 2089 Hippocratrcrs
643 2005 727 2059 non
756 1974 1027 2061 coercendum
1059 2001 1260 2090 praecepns
1291 1979 1474 2078 invehit3
1506 1975 1601 2066 alibi

159 2091 359 2196 tormina,
385 2089 745 2198 inflammationes,
780 2115 847 2173 aut
875 2089 1158 2200 quodcumque
1184 2085 1279 2171 mali
1306 2086 1415 2206 pejus
1446 2093 1509 2176 est.
1542 2095 1599 2176 At

158 2201 357 2316 vulgatius
379 2203 432 2284 est
454 2199 621 2288 latenter
644 2202 794 2288 malum
817 2201 936 2287 alicui
957 2201 1099 2287 visceri
1117 2201 1281 2287 insrdere
1292 2265 1308 2309 ,
1333 2202 1599 2289 &sanitatem

158 2315 280 2402 tacite
302 2344 355 2430 op
384 2317 485 2400 rimi

213 2427 315 2512 Haec
342 2345 587 2541 dbdiagnosr
609 2455 727 2540 atque
778 2431 937 2546 rognoii
962 2427 1160 2513 malorum
1185 2428 1287 2542 apud
1314 2457 1388 2512 nos
1413 2427 1600 2540 frequen-

158 2541 301 2638 tiss'rmd
320 2541 559 2626 savientium
576 2542 716 2628 docuit
730 2461 976 2650 observatio,
999 2549 1040 2627 bt
1062 2541 1160 2626 licet
1177 2541 1272 2656 sapi
1294 2539 1388 2624 mali
1406 2541 1599 2656 fastigium

160 2685 245 2740 non
278 2657 473 2768 attingant
507 2657 750 2766 quicumque
785 2659 827 2738 in
865 2689 895 2740 ae
925 2685 990 2738 ros
1019 2655 1229 2739 desaeviunt
1257 2657 1472 2770 herpetes,
1500 2653 1601 2739 illud
1724 2745 1745 2754 ᾖ
1845 2763 1848 2772 .

160 2796 294 2854 tamen
314 2795 467 2854 certum
487 2771 560 2875 est,
580 2769 765 2853 eumdem
779 2767 872 2853 illos
889 2687 996 2881 {qui
1015 2795 1220 2872 tenorem,
1240 2769 1320 2852 srve
1336 2796 1458 2884 parvo
1477 2767 1600 2882 gradu

160 2881 343 2968 sensuum
372 2886 552 2967 acutiem
587 2880 751 2968 fallente
784 2909 918 2980 cutem
950 2885 1018 2966 vix
1048 2878 1601 2994 lambant‚s1ve'supercon-

161 2999 276 3112 gestis
302 2998 434 3080 crustis
464 2995 671 3081 ferociam.
703 2997 793 3079 Imb
816 2998 898 3081 dari
915 2997 1100 3081 videntur
1122 2993 1280 3106 quidam
1307 2992 1491 3108 gentilitii
1513 2995 1601 3078 her·

213 3139 272 3197 tes
294 3113 362 3221 qui
380 3112 447 3194 vix
468 3140 643 3222 unquam
662 3115 774 3195 extirs
795 3107 955 3196 saeviunt
966 3173 980 3217 ,
1004 3111 1107 3194 intirs
1127 3135 1259 3193 tamen
1279 3136 1363 3191 non
1383 3104 1601 3192 indubitata

160 3141 217 3310 idi
239 3226 346 3340 srgna
366 3222 598 3340 proferunt,
625 3221 676 3307 ali
707 3222 862 3332 uandb,
883 3251 959 3334 nec
978 3225 1169 3340 praefinito
1198 3248 1379 3335 tempore
1392 3260 1400 3266 ·
1413 3223 1601 3335 erupturi.

159 3339 318 3425 Dantur
337 3340 455 3422 etiam
476 3335 541 3421 alii
556 3254 740 3423 voladies
763 3364 833 3454 per
856 3339 1088 3451 contagium
1109 3338 1299 3421 contrarii
1322 3337 1391 3446 qui
1412 3337 1503 3419 ciam
1523 3331 1602 3418 uni

161 3456 252 3538 vice
276 3455 429 3536 tantum
455 3452 584 3535 adorti
610 3451 757 3537 fuerint
783 3453 1018 3559 hominem,
1048 3446 1179 3564 postei
1209 3450 1374 3535 omninb
1402 3445 1601 3532 contices-

163 3591 272 3652 cunt.
298 3563 440 3672 Atqui
460 3566 528 3649 fiat
546 3591 591 3649 ut
609 3567 707 3649 mihi
729 3563 831 3649 bene
852 3589 969 3650 notus
986 3564 1147 3650 maritus
1170 3542 1394 3679 herpetibus
1416 3558 1601 3644 laborans

163 3706 334 3764 uxorem
348 3674 810 3764 diiefflffimam&antei
824 3677 954 3762 sanam
966 3707 1050 3760 non
1061 3675 1261 3782 infecerit,
1277 3675 1437 3760 sanitate
1451 3672 1602 3758 interea
1679 3761 1682 3766 ,

164 3790 338 3902 eiusdem
349 3792 507 3904 prorsirs
519 3788 659 3874 deleti.
675 3789 758 3873 Sub
774 3789 987 3906 pubertatis
1003 3791 1112 3886 iniria
1130 3787 1259 3896 junior
1274 3787 1377 3874 iilius
1390 3818 1495 3872 nunc
1512 3789 1603 3870 asth-

163 3932 270 3990 mate
285 3900 520 3988 convulsrvo
530 3964 545 4010 ‚
566 3931 672 3986 nunc
689 3902 914 4018 herpetibus
928 3901 1250 4021 laborare-coepit
1259 3968 1274 4012 ,
1290 3902 1397 3986 idem
1410 3898 1498 3984 fiiiae
1515 3898 1602 4014 pul:

165 4019 368 4105 cherrima
379 4014 647 4102 sufferendum
662 4020 845 4152 contigit.
859 4017 972 4104 Pater
983 4018 1209 4135 herpetibus
1225 4018 1436 4102 conficitur
1444 4047 1457 4118 3
1475 4037 1600 4098 mater

165 4131 270 4218 male
290 4132 400 4239 sana,
422 4157 463 4214 at
476 4125 589 4215 nullo
607 4133 648 4215 in
668 4157 762 4216 cute
779 4135 881 4217 vrtio
899 4129 1242 4248 reprehendenda,
1264 4133 1370 4209 nunc
1383 4127 1484 4209 uteri
1495 4123 1600 4212 ulce-
1719 4189 1721 4200 ι

165 4245 292 4352 ribus,
308 4271 353 4330 ut
368 4243 518 4353 aiebat,
536 4243 604 4330 sed
619 4242 753 4331 reveri
768 4247 878 4330 fluxu
894 4245 988 4330 albo
1000 4243 1286 4347 immoderato,
1303 4267 1408 4322 nunc
1424 4240 1599 4328 thoracis
1635 4334 1640 4346 ,

165 4355 369 4444 ardoribus
383 4355 558 4464 laborat,
580 4358 732 4473 semper
749 4363 847 4442 verb
866 4347 1084 4441 affeiiionis
1097 4355 1293 4468 hystericae
1310 4378 1504 4470 perpenrae
1520 4355 1601 4440 'vic-

165 4476 262 4558 tima
283 4473 356 4557 est..
373 4471 489 4557 Undb
513 4471 695 4557 idfieret
720 4469 956 4582 ignorabant
981 4495 1133 4553 omnes.
1166 4464 1330 4551 Mulieri
1354 4471 1599 4585 quinquage-

165 4591 278 4674 nariae
303 4589 494 4670 menstrua
512 4585 714 4670 deficiunt.
741 4582 804 4664 En
824 4583 994 4696 erumpit
1008 4579 1056 4666 ad
1075 4609 1194 4698 genas
1215 4585 1256 4666 dt
1275 4579 1419 4666 fa'ciem
1434 4580 1600 4694 utrique

170 4727 219 4784 ex
237 4697 428 4784 malarum
442 4727 551 4815 parte
566 4695 704 4816 herpes
722 4692 1022 4815 phagaede'nic'us
1038 4699 1105 4813 qui
1116 4693 1140 4821 ir
1152 4694 1313 4786 biennio
1331 4695 1486 4810 integer
1496 4695 1600 4812 perr-

166 4811 1084 5016 tabat,ciamnuncdiaetae,regroms,aquarum
1098 4807 1599 4896 mutationeviderursana'·
1666 4819 1674 4834 '

170 4953 232 5040 ta,
249 4929 278 5014 sr
293 4927 454 5014 credere
467 4925 526 5014 fas
541 4927 606 5016 est.
626 4923 729 5015 Null
768 4924 1094 5018 erediderunalia
1107 4913 1322 5014 derationc
1334 4917 1497 5010 fabellas
1511 4919 1597 5008 illas

1766 573 1800 608 κ
1829 609 1837 622 u
