<?xml version="1.0" encoding="UTF-8"?>
<!DOCTYPE html PUBLIC "-//W3C//DTD XHTML 1.0 Transitional//EN"
    "http://www.w3.org/TR/xhtml1/DTD/xhtml1-transitional.dtd">
<html xmlns="http://www.w3.org/1999/xhtml" xml:lang="en" lang="en">
 <head>
  <title>
</title>
<meta http-equiv="Content-Type" content="text/html;charset=utf-8" />
  <meta name='ocr-system' content='tesseract 3.04.00' />
  <meta name='ocr-capabilities' content='ocr_page ocr_carea ocr_par ocr_line ocrx_word'/>
</head>
<body>
  <div class='ocr_page' id='page_1' title='image "./tractatusdemorb00cavegoog_0290.png"; bbox 0 0 4186 5908; ppageno 0'>
   <div class='ocr_carea' id='block_1_1' title="bbox 645 383 1605 518">
    <p class='ocr_par' dir='ltr' id='par_1_1' title="bbox 645 383 1605 518">
     <span class='ocr_line' id='line_1_1' title="bbox 645 383 1605 518; baseline -0.002 -34"><span class='ocrx_word' id='word_1_1' title='bbox 645 383 1135 486; x_wconf 80' lang='lat' dir='ltr'>CUTANEIS.</span> <span class='ocrx_word' id='word_1_2' title='bbox 1527 421 1605 518; x_wconf 64' lang='lat'>2⁶5</span> 
     </span>
    </p>
   </div>
   <div class='ocr_carea' id='block_1_2' title="bbox 177 551 1635 873">
    <p class='ocr_par' dir='ltr' id='par_1_2' title="bbox 177 551 1635 873">
     <span class='ocr_line' id='line_1_2' title="bbox 177 551 1609 677; baseline 0.008 -37"><span class='ocrx_word' id='word_1_3' title='bbox 177 551 352 640; x_wconf 88' lang='lat' dir='ltr'>Pustulas</span> <span class='ocrx_word' id='word_1_4' title='bbox 368 555 512 644; x_wconf 88' lang='lat' dir='ltr'>stmiles</span> <span class='ocrx_word' id='word_1_5' title='bbox 524 561 712 648; x_wconf 79' lang='lat' dir='ltr'>atrociter</span> <span class='ocrx_word' id='word_1_6' title='bbox 723 560 930 670; x_wconf 84' lang='lat' dir='ltr'>dolentes,</span> <span class='ocrx_word' id='word_1_7' title='bbox 947 560 1014 654; x_wconf 77' lang='lat' dir='ltr'>sed</span> <span class='ocrx_word' id='word_1_8' title='bbox 1030 591 1113 648; x_wconf 91' lang='lat' dir='ltr'>non</span> <span class='ocrx_word' id='word_1_9' title='bbox 1126 560 1227 667; x_wconf 82' lang='lat' dir='ltr'>edeb</span> <span class='ocrx_word' id='word_1_10' title='bbox 1240 557 1365 647; x_wconf 85' lang='lat' dir='ltr'>effeto</span> <span class='ocrx_word' id='word_1_11' title='bbox 1380 560 1488 646; x_wconf 92' lang='lat' dir='ltr'>malo</span> <span class='ocrx_word' id='word_1_12' title='bbox 1502 569 1584 652; x_wconf 89' lang='lat' dir='ltr'>vidi</span> <span class='ocrx_word' id='word_1_13' title='bbox 1593 599 1609 677; x_wconf 71' lang='lat'>,¹</span> 
     </span>
     <span class='ocr_line' id='line_1_3' title="bbox 179 667 1635 873; baseline 0.008 -120"><span class='ocrx_word' id='word_1_14' title='bbox 179 699 274 780; x_wconf 89' lang='lat' dir='ltr'>quas</span> <span class='ocrx_word' id='word_1_15' title='bbox 289 667 360 755; x_wconf 92' lang='lat' dir='ltr'>sub</span> <span class='ocrx_word' id='word_1_16' title='bbox 376 675 539 758; x_wconf 88' lang='lat' dir='ltr'>nomine</span> <span class='ocrx_word' id='word_1_17' title='bbox 549 673 784 873; x_wconf 80' lang='lat' dir='ltr'>erystpelatis</span> <span class='ocrx_word' id='word_1_18' title='bbox 797 675 956 762; x_wconf 90' lang='lat' dir='ltr'>miliatis</span> <span class='ocrx_word' id='word_1_19' title='bbox 968 672 1182 760; x_wconf 73' lang='lat' dir='ltr'>cauabant</span> <span class='ocrx_word' id='word_1_20' title='bbox 1192 675 1345 760; x_wconf 90' lang='lat' dir='ltr'>Medici</span> <span class='ocrx_word' id='word_1_21' title='bbox 1353 674 1479 782; x_wconf 72' lang='lat' dir='ltr'>,licet</span> <span class='ocrx_word' id='word_1_22' title='bbox 1490 677 1635 779; x_wconf 77' lang='lat' dir='ltr'>dolot‚&#39;</span> 
     </span>
    </p>
   </div>
   <div class='ocr_carea' id='block_1_3' title="bbox 38 781 1609 904">
    <p class='ocr_par' dir='ltr' id='par_1_3' title="bbox 38 781 1609 904">
     <span class='ocr_line' id='line_1_4' title="bbox 38 781 1609 904; baseline 0.009 -39"><span class='ocrx_word' id='word_1_23' title='bbox 38 815 40 820; x_wconf 93' lang='lat'>·</span> <span class='ocrx_word' id='word_1_24' title='bbox 176 811 260 866; x_wconf 90' lang='lat' dir='ltr'>non</span> <span class='ocrx_word' id='word_1_25' title='bbox 287 785 328 864; x_wconf 92' lang='lat' dir='ltr'>in</span> <span class='ocrx_word' id='word_1_26' title='bbox 356 781 459 892; x_wconf 86' lang='lat' dir='ltr'>bast,</span> <span class='ocrx_word' id='word_1_27' title='bbox 484 787 552 870; x_wconf 92' lang='lat' dir='ltr'>sed</span> <span class='ocrx_word' id='word_1_28' title='bbox 577 790 619 871; x_wconf 91' lang='lat' dir='ltr'>in</span> <span class='ocrx_word' id='word_1_29' title='bbox 661 789 732 874; x_wconf 89' lang='lat' dir='ltr'>olo</span> <span class='ocrx_word' id='word_1_30' title='bbox 761 792 872 904; x_wconf 84' lang='lat' dir='ltr'>apice</span> <span class='ocrx_word' id='word_1_31' title='bbox 895 786 1052 903; x_wconf 85' lang='lat' dir='ltr'>pustulae</span> <span class='ocrx_word' id='word_1_32' title='bbox 1074 787 1277 894; x_wconf 73' lang='lat' dir='ltr'>resideret,</span> <span class='ocrx_word' id='word_1_33' title='bbox 1300 789 1404 872; x_wconf 71' lang='lat' dir='ltr'>unde</span> <span class='ocrx_word' id='word_1_34' title='bbox 1425 819 1485 874; x_wconf 91' lang='lat' dir='ltr'>tes</span> <span class='ocrx_word' id='word_1_35' title='bbox 1511 797 1609 879; x_wconf 90' lang='lat' dir='ltr'>mihi</span> 
     </span>
    </p>
   </div>
   <div class='ocr_carea' id='block_1_4' title="bbox 156 897 1679 5052">
    <p class='ocr_par' dir='ltr' id='par_1_4' title="bbox 156 897 1679 5052">
     <span class='ocr_line' id='line_1_5' title="bbox 177 897 1617 1014; baseline 0.008 -34"><span class='ocrx_word' id='word_1_36' title='bbox 177 897 310 1010; x_wconf 76' lang='lat' dir='ltr'>potius</span> <span class='ocrx_word' id='word_1_37' title='bbox 325 897 375 981; x_wconf 92' lang='lat' dir='ltr'>ad</span> <span class='ocrx_word' id='word_1_38' title='bbox 387 901 873 1012; x_wconf 77' lang='lat' dir='ltr'>epinyffidc&#39;mrefertnda</span> <span class='ocrx_word' id='word_1_39' title='bbox 885 899 1112 1008; x_wconf 79' lang='lat' dir='ltr'>videbatur,</span> <span class='ocrx_word' id='word_1_40' title='bbox 1138 905 1315 1014; x_wconf 79' lang='lat' dir='ltr'>quamvis</span> <span class='ocrx_word' id='word_1_41' title='bbox 1328 902 1617 1005; x_wconf 76' lang='lat' dir='ltr'>indiscrimina-‚</span> 
     </span>
     <span class='ocr_line' id='line_1_6' title="bbox 175 1010 1607 1136; baseline 0.012 -44"><span class='ocrx_word' id='word_1_42' title='bbox 175 1013 249 1092; x_wconf 91' lang='lat' dir='ltr'>tim</span> <span class='ocrx_word' id='word_1_43' title='bbox 259 1011 401 1118; x_wconf 69' lang='lat' dir='ltr'>noctu,</span> <span class='ocrx_word' id='word_1_44' title='bbox 412 1010 487 1096; x_wconf 83' lang='lat' dir='ltr'>uel</span> <span class='ocrx_word' id='word_1_45' title='bbox 502 1015 569 1098; x_wconf 80' lang='lat' dir='ltr'>dib</span> <span class='ocrx_word' id='word_1_46' title='bbox 582 1015 986 1117; x_wconf 62' lang='lat' dir='ltr'>savit&#39;entanoblutni</span> <span class='ocrx_word' id='word_1_47' title='bbox 998 1017 1094 1100; x_wconf 78' lang='lat' dir='ltr'>verb</span> <span class='ocrx_word' id='word_1_48' title='bbox 1111 1018 1305 1114; x_wconf 87' lang='lat' dir='ltr'>cruciatus</span> <span class='ocrx_word' id='word_1_49' title='bbox 1319 1014 1497 1102; x_wconf 81' lang='lat' dir='ltr'>adhibito</span> <span class='ocrx_word' id='word_1_50' title='bbox 1510 1026 1607 1136; x_wconf 88' lang='lat' dir='ltr'>opio</span> 
     </span>
     <span class='ocr_line' id='line_1_7' title="bbox 176 1121 1607 1226; baseline 0.01 -20"><span class='ocrx_word' id='word_1_51' title='bbox 176 1121 300 1206; x_wconf 87' lang='lat' dir='ltr'>sedati</span> <span class='ocrx_word' id='word_1_52' title='bbox 341 1124 510 1210; x_wconf 77' lang='lat' dir='ltr'>suilienu</span> <span class='ocrx_word' id='word_1_53' title='bbox 536 1129 715 1216; x_wconf 71' lang='lat' dir='ltr'>Omma</span> <span class='ocrx_word' id='word_1_54' title='bbox 751 1134 826 1216; x_wconf 91' lang='lat' dir='ltr'>hos</span> <span class='ocrx_word' id='word_1_55' title='bbox 862 1129 970 1218; x_wconf 83' lang='lat' dir='ltr'>casus</span> <span class='ocrx_word' id='word_1_56' title='bbox 1001 1147 1180 1216; x_wconf 88' lang='lat' dir='ltr'>veterum</span> <span class='ocrx_word' id='word_1_57' title='bbox 1215 1126 1368 1226; x_wconf 80' lang='lat' dir='ltr'>theotil</span> <span class='ocrx_word' id='word_1_58' title='bbox 1402 1130 1523 1218; x_wconf 88' lang='lat' dir='ltr'>frems</span> <span class='ocrx_word' id='word_1_59' title='bbox 1556 1135 1607 1226; x_wconf 89' lang='lat' dir='ltr'>ad</span> 
     </span>
     <span class='ocr_line' id='line_1_8' title="bbox 175 1235 1617 1360; baseline 0.011 -42"><span class='ocrx_word' id='word_1_60' title='bbox 175 1238 358 1321; x_wconf 88' lang='lat' dir='ltr'>humoris</span> <span class='ocrx_word' id='word_1_61' title='bbox 390 1235 893 1360; x_wconf 72' lang='lat' dir='ltr'>melancholici&#39;ibrpetum</span> <span class='ocrx_word' id='word_1_62' title='bbox 922 1240 1038 1334; x_wconf 85' lang='lat' dir='ltr'>retuli</span> <span class='ocrx_word' id='word_1_63' title='bbox 1050 1303 1064 1347; x_wconf 94' lang='lat'>,</span> <span class='ocrx_word' id='word_1_64' title='bbox 1101 1236 1168 1326; x_wconf 85' lang='lat' dir='ltr'>sed</span> <span class='ocrx_word' id='word_1_65' title='bbox 1195 1242 1304 1352; x_wconf 87' lang='lat' dir='ltr'>quod</span> <span class='ocrx_word' id='word_1_66' title='bbox 1332 1244 1454 1334; x_wconf 76' lang='lat' dir='ltr'>unico</span> <span class='ocrx_word' id='word_1_67' title='bbox 1481 1237 1617 1358; x_wconf 64' lang='lat' dir='ltr'>uerbo}</span> 
     </span>
     <span class='ocr_line' id='line_1_9' title="bbox 174 1347 1616 1466; baseline 0.01 -34"><span class='ocrx_word' id='word_1_68' title='bbox 174 1347 315 1434; x_wconf 89' lang='lat' dir='ltr'>Celsus</span> <span class='ocrx_word' id='word_1_69' title='bbox 328 1351 560 1466; x_wconf 85' lang='lat' dir='ltr'>dehgnavit,</span> <span class='ocrx_word' id='word_1_70' title='bbox 572 1358 911 1444; x_wconf 87' lang='lat' dir='ltr'>exulcerationem</span> <span class='ocrx_word' id='word_1_71' title='bbox 925 1355 1128 1440; x_wconf 79' lang='lat' dir='ltr'>mucclam</span> <span class='ocrx_word' id='word_1_72' title='bbox 1136 1377 1308 1463; x_wconf 85' lang='lat' dir='ltr'>vocans,</span> <span class='ocrx_word' id='word_1_73' title='bbox 1323 1353 1452 1438; x_wconf 79' lang='lat' dir='ltr'>‘multb</span> <span class='ocrx_word' id='word_1_74' title='bbox 1466 1358 1616 1448; x_wconf 77' lang='lat' dir='ltr'>melius-</span> 
     </span>
     <span class='ocr_line' id='line_1_10' title="bbox 175 1465 1616 1586; baseline 0.008 -41"><span class='ocrx_word' id='word_1_75' title='bbox 175 1465 322 1548; x_wconf 89' lang='lat' dir='ltr'>horum</span> <span class='ocrx_word' id='word_1_76' title='bbox 346 1472 530 1552; x_wconf 82' lang='lat' dir='ltr'>naturam&#39;</span> <span class='ocrx_word' id='word_1_77' title='bbox 543 1470 741 1586; x_wconf 83' lang='lat' dir='ltr'>dessgnat,</span> <span class='ocrx_word' id='word_1_78' title='bbox 764 1501 848 1557; x_wconf 94' lang='lat' dir='ltr'>non</span> <span class='ocrx_word' id='word_1_79' title='bbox 864 1489 997 1560; x_wconf 82' lang='lat' dir='ltr'>tamen</span> <span class='ocrx_word' id='word_1_80' title='bbox 1017 1468 1127 1580; x_wconf 81' lang='lat' dir='ltr'>qubd</span> <span class='ocrx_word' id='word_1_81' title='bbox 1143 1495 1303 1574; x_wconf 80' lang='lat' dir='ltr'>macne,</span> <span class='ocrx_word' id='word_1_82' title='bbox 1325 1495 1370 1552; x_wconf 88' lang='lat' dir='ltr'>ut</span> <span class='ocrx_word' id='word_1_83' title='bbox 1391 1473 1432 1558; x_wconf 91' lang='lat' dir='ltr'>in</span> <span class='ocrx_word' id='word_1_84' title='bbox 1457 1471 1616 1570; x_wconf 69' lang='lat' dir='ltr'>mor-bis</span> 
     </span>
     <span class='ocr_line' id='line_1_11' title="bbox 176 1575 1617 1697; baseline 0.008 -37"><span class='ocrx_word' id='word_1_85' title='bbox 176 1576 228 1661; x_wconf 93' lang='lat' dir='ltr'>de</span> <span class='ocrx_word' id='word_1_86' title='bbox 245 1575 390 1688; x_wconf 89' lang='lat' dir='ltr'>quibus</span> <span class='ocrx_word' id='word_1_87' title='bbox 408 1581 508 1666; x_wconf 76' lang='lat' dir='ltr'>infri</span> <span class='ocrx_word' id='word_1_88' title='bbox 520 1582 733 1672; x_wconf 88' lang='lat' dir='ltr'>dicendum</span> <span class='ocrx_word' id='word_1_89' title='bbox 750 1589 845 1692; x_wconf 89' lang='lat' dir='ltr'>etit,</span> <span class='ocrx_word' id='word_1_90' title='bbox 863 1588 904 1668; x_wconf 93' lang='lat' dir='ltr'>in</span> <span class='ocrx_word' id='word_1_91' title='bbox 920 1581 986 1668; x_wconf 76' lang='lat' dir='ltr'>sni</span> <span class='ocrx_word' id='word_1_92' title='bbox 996 1584 1155 1668; x_wconf 85' lang='lat' dir='ltr'>vitietur</span> <span class='ocrx_word' id='word_1_93' title='bbox 1166 1589 1208 1666; x_wconf 76' lang='lat' dir='ltr'>bt</span> <span class='ocrx_word' id='word_1_94' title='bbox 1220 1608 1363 1697; x_wconf 84' lang='lat' dir='ltr'>peccet</span> <span class='ocrx_word' id='word_1_95' title='bbox 1380 1579 1617 1694; x_wconf 78' lang='lat' dir='ltr'>substantii,</span> 
     </span>
     <span class='ocr_line' id='line_1_12' title="bbox 169 1688 1616 1813; baseline 0.008 -40"><span class='ocrx_word' id='word_1_96' title='bbox 169 1688 246 1776; x_wconf 71' lang='lat' dir='ltr'>»sed</span> <span class='ocrx_word' id='word_1_97' title='bbox 274 1691 383 1802; x_wconf 85' lang='lat' dir='ltr'>qubd</span> <span class='ocrx_word' id='word_1_98' title='bbox 405 1695 580 1812; x_wconf 77' lang='lat' dir='ltr'>humore</span> <span class='ocrx_word' id='word_1_99' title='bbox 601 1696 676 1784; x_wconf 87' lang='lat' dir='ltr'>illo</span> <span class='ocrx_word' id='word_1_100' title='bbox 704 1696 1002 1788; x_wconf 80' lang='lat' dir='ltr'>melancholico</span> <span class='ocrx_word' id='word_1_101' title='bbox 1027 1695 1219 1801; x_wconf 68' lang='lat' dir='ltr'>infeebus,</span> <span class='ocrx_word' id='word_1_102' title='bbox 1249 1693 1401 1800; x_wconf 84' lang='lat' dir='ltr'>molem</span> <span class='ocrx_word' id='word_1_103' title='bbox 1425 1703 1616 1813; x_wconf 73' lang='lat' dir='ltr'>corporis3</span> 
     </span>
     <span class='ocr_line' id='line_1_13' title="bbox 175 1804 1615 1922; baseline 0.006 -34"><span class='ocrx_word' id='word_1_104' title='bbox 175 1806 361 1890; x_wconf 70' lang='lat' dir='ltr'>intabtam</span> <span class='ocrx_word' id='word_1_105' title='bbox 390 1804 613 1921; x_wconf 89' lang='lat' dir='ltr'>relinquat,</span> <span class='ocrx_word' id='word_1_106' title='bbox 640 1839 758 1922; x_wconf 89' lang='lat' dir='ltr'>atque</span> <span class='ocrx_word' id='word_1_107' title='bbox 787 1812 947 1915; x_wconf 85' lang='lat' dir='ltr'>sanam,</span> <span class='ocrx_word' id='word_1_108' title='bbox 977 1833 1053 1903; x_wconf 77' lang='lat' dir='ltr'>nec</span> <span class='ocrx_word' id='word_1_109' title='bbox 1082 1804 1234 1903; x_wconf 85' lang='lat' dir='ltr'>febrem</span> <span class='ocrx_word' id='word_1_110' title='bbox 1250 1835 1430 1918; x_wconf 78' lang='lat' dir='ltr'>unquam</span> <span class='ocrx_word' id='word_1_111' title='bbox 1458 1813 1528 1893; x_wconf 86' lang='lat' dir='ltr'>nist</span> <span class='ocrx_word' id='word_1_112' title='bbox 1558 1812 1615 1910; x_wconf 86' lang='lat' dir='ltr'>ab,</span> 
     </span>
     <span class='ocr_line' id='line_1_14' title="bbox 175 1919 1610 2039; baseline 0.006 -39"><span class='ocrx_word' id='word_1_113' title='bbox 175 1919 418 2029; x_wconf 84' lang='lat' dir='ltr'>irritatione,</span> <span class='ocrx_word' id='word_1_114' title='bbox 443 1951 512 2007; x_wconf 87' lang='lat' dir='ltr'>aut</span> <span class='ocrx_word' id='word_1_115' title='bbox 529 1926 851 2039; x_wconf 70' lang='lat' dir='ltr'>protractiotibua</span> <span class='ocrx_word' id='word_1_116' title='bbox 867 1919 1012 2037; x_wconf 85' lang='lat' dir='ltr'>vigiliis</span> <span class='ocrx_word' id='word_1_117' title='bbox 1031 1919 1222 2021; x_wconf 83' lang='lat' dir='ltr'>cohcitct.</span> <span class='ocrx_word' id='word_1_118' title='bbox 1244 1920 1360 2020; x_wconf 76' lang='lat' dir='ltr'>Unde</span> <span class='ocrx_word' id='word_1_119' title='bbox 1375 1924 1418 2002; x_wconf 91' lang='lat' dir='ltr'>in</span> <span class='ocrx_word' id='word_1_120' title='bbox 1437 1951 1610 2037; x_wconf 78' lang='lat' dir='ltr'>¹corpote</span> 
     </span>
     <span class='ocr_line' id='line_1_15' title="bbox 175 2027 1613 2152; baseline 0.008 -39"><span class='ocrx_word' id='word_1_121' title='bbox 175 2027 353 2142; x_wconf 83' lang='lat' dir='ltr'>alioquin</span> <span class='ocrx_word' id='word_1_122' title='bbox 379 2034 473 2118; x_wconf 89' lang='lat' dir='ltr'>sano</span> <span class='ocrx_word' id='word_1_123' title='bbox 499 2039 706 2152; x_wconf 83' lang='lat' dir='ltr'>prognosts</span> <span class='ocrx_word' id='word_1_124' title='bbox 729 2037 778 2124; x_wconf 88' lang='lat' dir='ltr'>ad</span> <span class='ocrx_word' id='word_1_125' title='bbox 797 2040 958 2128; x_wconf 85' lang='lat' dir='ltr'>exitum</span> <span class='ocrx_word' id='word_1_126' title='bbox 972 2031 1091 2140; x_wconf 84' lang='lat' dir='ltr'>felix,</span> <span class='ocrx_word' id='word_1_127' title='bbox 1118 2031 1169 2122; x_wconf 90' lang='lat' dir='ltr'>ad</span> <span class='ocrx_word' id='word_1_128' title='bbox 1196 2031 1488 2148; x_wconf 84' lang='lat' dir='ltr'>longitudinem</span> <span class='ocrx_word' id='word_1_129' title='bbox 1510 2040 1613 2141; x_wconf 42' lang='lat' dir='ltr'>verb,</span> 
     </span>
     <span class='ocr_line' id='line_1_16' title="bbox 175 2143 1562 2248; baseline 0.006 -22"><span class='ocrx_word' id='word_1_130' title='bbox 175 2143 386 2232; x_wconf 86' lang='lat' dir='ltr'>metuenda</span> <span class='ocrx_word' id='word_1_131' title='bbox 405 2146 596 2236; x_wconf 88' lang='lat' dir='ltr'>videatur.</span> <span class='ocrx_word' id='word_1_132' title='bbox 709 2165 713 2174; x_wconf 81' lang='grc'><em>“</em></span> <span class='ocrx_word' id='word_1_133' title='bbox 1425 2238 1428 2248; x_wconf 72' lang='grc'>,</span> <span class='ocrx_word' id='word_1_134' title='bbox 1556 2164 1562 2174; x_wconf 85' lang='grc'><strong>’</strong></span> 
     </span>
     <span class='ocr_line' id='line_1_17' title="bbox 232 2257 1608 2370; baseline 0.006 -30"><span class='ocrx_word' id='word_1_135' title='bbox 232 2257 475 2370; x_wconf 87' lang='lat' dir='ltr'>Quanquam</span> <span class='ocrx_word' id='word_1_136' title='bbox 486 2267 584 2354; x_wconf 82' lang='lat' dir='ltr'>verb</span> <span class='ocrx_word' id='word_1_137' title='bbox 599 2262 755 2350; x_wconf 85' lang='lat' dir='ltr'>Medici</span> <span class='ocrx_word' id='word_1_138' title='bbox 768 2283 934 2368; x_wconf 77' lang='lat' dir='ltr'>omnes,</span> <span class='ocrx_word' id='word_1_139' title='bbox 955 2266 1040 2369; x_wconf 73' lang='lat' dir='ltr'>tiam</span> <span class='ocrx_word' id='word_1_140' title='bbox 1054 2263 1207 2368; x_wconf 74' lang='lat' dir='ltr'>Greci,</span> <span class='ocrx_word' id='word_1_141' title='bbox 1227 2263 1444 2364; x_wconf 77' lang='lat' dir='ltr'>tbm&#39;etiam</span> <span class='ocrx_word' id='word_1_142' title='bbox 1456 2261 1608 2361; x_wconf 79' lang='lat' dir='ltr'>Arabes</span> 
     </span>
     <span class='ocr_line' id='line_1_18' title="bbox 177 2367 1609 2486; baseline 0.003 -33"><span class='ocrx_word' id='word_1_143' title='bbox 177 2367 227 2454; x_wconf 94' lang='lat' dir='ltr'>de</span> <span class='ocrx_word' id='word_1_144' title='bbox 242 2373 464 2486; x_wconf 75' lang='lat' dir='ltr'>epinydide</span> <span class='ocrx_word' id='word_1_145' title='bbox 470 2437 485 2481; x_wconf 92' lang='lat'>,</span> <span class='ocrx_word' id='word_1_146' title='bbox 501 2403 546 2460; x_wconf 90' lang='lat' dir='ltr'>ut</span> <span class='ocrx_word' id='word_1_147' title='bbox 557 2378 612 2462; x_wconf 89' lang='lat' dir='ltr'>de·</span> <span class='ocrx_word' id='word_1_148' title='bbox 620 2375 765 2462; x_wconf 91' lang='lat' dir='ltr'>morbo</span> <span class='ocrx_word' id='word_1_149' title='bbox 778 2373 959 2462; x_wconf 86' lang='lat' dir='ltr'>horribili</span> <span class='ocrx_word' id='word_1_150' title='bbox 971 2377 1218 2471; x_wconf 82' lang='lat' dir='ltr'>mentionem</span> <span class='ocrx_word' id='word_1_151' title='bbox 1231 2370 1457 2480; x_wconf 81' lang='lat' dir='ltr'>injecerint,</span> <span class='ocrx_word' id='word_1_152' title='bbox 1475 2402 1609 2461; x_wconf 89' lang='lat' dir='ltr'>tamen</span> 
     </span>
     <span class='ocr_line' id='line_1_19' title="bbox 156 2470 1609 2605; baseline 0.006 -39"><span class='ocrx_word' id='word_1_153' title='bbox 156 2470 218 2566; x_wconf 83' lang='lat' dir='ltr'>&#39;in</span> <span class='ocrx_word' id='word_1_154' title='bbox 233 2484 382 2598; x_wconf 80' lang='lat' dir='ltr'>pustulai</span> <span class='ocrx_word' id='word_1_155' title='bbox 393 2485 469 2572; x_wconf 76' lang='lat' dir='ltr'>hic</span> <span class='ocrx_word' id='word_1_156' title='bbox 484 2494 635 2605; x_wconf 86' lang='lat' dir='ltr'>magnis</span> <span class='ocrx_word' id='word_1_157' title='bbox 650 2488 888 2579; x_wconf 73' lang='lat' dir='ltr'>eliminandi</span> <span class='ocrx_word' id='word_1_158' title='bbox 908 2484 1180 2585; x_wconf 79' lang='lat' dir='ltr'>moliminibus</span> <span class='ocrx_word' id='word_1_159' title='bbox 1195 2489 1266 2583; x_wconf 79' lang='lat' dir='ltr'>¹viu</span> <span class='ocrx_word' id='word_1_160' title='bbox 1287 2486 1469 2588; x_wconf 83' lang='lat' dir='ltr'>videntur</span> <span class='ocrx_word' id='word_1_161' title='bbox 1486 2514 1609 2576; x_wconf 83' lang='lat' dir='ltr'>atten-</span> 
     </span>
     <span class='ocr_line' id='line_1_20' title="bbox 175 2595 1610 2715; baseline 0.003 -34"><span class='ocrx_word' id='word_1_162' title='bbox 175 2597 328 2681; x_wconf 89' lang='lat' dir='ltr'>tionem</span> <span class='ocrx_word' id='word_1_163' title='bbox 341 2598 552 2714; x_wconf 80' lang='lat' dir='ltr'>praebuiffe.</span> <span class='ocrx_word' id='word_1_164' title='bbox 566 2605 676 2688; x_wconf 89' lang='lat' dir='ltr'>Nam</span> <span class='ocrx_word' id='word_1_165' title='bbox 688 2611 729 2692; x_wconf 80' lang='lat' dir='ltr'>bt</span> <span class='ocrx_word' id='word_1_166' title='bbox 742 2603 938 2694; x_wconf 85' lang='lat' dir='ltr'>Celsus&amp;</span> <span class='ocrx_word' id='word_1_167' title='bbox 956 2601 1021 2694; x_wconf 88' lang='lat' dir='ltr'>alii</span> <span class='ocrx_word' id='word_1_168' title='bbox 1036 2627 1082 2684; x_wconf 88' lang='lat' dir='ltr'>ut</span> <span class='ocrx_word' id='word_1_169' title='bbox 1092 2595 1309 2714; x_wconf 73' lang='lat' dir='ltr'>simplicem</span> <span class='ocrx_word' id='word_1_170' title='bbox 1325 2596 1516 2713; x_wconf 87' lang='lat' dir='ltr'>pustulam</span> <span class='ocrx_word' id='word_1_171' title='bbox 1529 2605 1610 2715; x_wconf 85' lang='lat' dir='ltr'>epi·</span> 
     </span>
     <span class='ocr_line' id='line_1_21' title="bbox 171 2709 1611 2830; baseline -0.003 -32"><span class='ocrx_word' id='word_1_172' title='bbox 171 2709 372 2819; x_wconf 73' lang='lat' dir='ltr'>nyiiidem</span> <span class='ocrx_word' id='word_1_173' title='bbox 381 2717 562 2824; x_wconf 72' lang='lat' dir='ltr'>tradant,</span> <span class='ocrx_word' id='word_1_174' title='bbox 578 2715 901 2830; x_wconf 75' lang='lat' dir='ltr'>detergendaque</span> <span class='ocrx_word' id='word_1_175' title='bbox 914 2739 1031 2823; x_wconf 86' lang='lat' dir='ltr'>atque</span> <span class='ocrx_word' id='word_1_176' title='bbox 1041 2713 1275 2796; x_wconf 87' lang='lat' dir='ltr'>exsrccantia</span> <span class='ocrx_word' id='word_1_177' title='bbox 1286 2737 1489 2823; x_wconf 90' lang='lat' dir='ltr'>apponunt</span> <span class='ocrx_word' id='word_1_178' title='bbox 1501 2745 1509 2793; x_wconf 93' lang='lat'><strong>:</strong></span> <span class='ocrx_word' id='word_1_179' title='bbox 1523 2743 1611 2824; x_wconf 73' lang='lat' dir='ltr'>quae</span> 
     </span>
     <span class='ocr_line' id='line_1_22' title="bbox 177 2823 1609 2940; baseline 0.002 -34"><span class='ocrx_word' id='word_1_180' title='bbox 177 2827 328 2906; x_wconf 88' lang='lat' dir='ltr'>curatio</span> <span class='ocrx_word' id='word_1_181' title='bbox 343 2829 495 2935; x_wconf 11' lang='lat' dir='ltr'>,erarb,</span> <span class='ocrx_word' id='word_1_182' title='bbox 518 2830 602 2912; x_wconf 79' lang='lat' dir='ltr'>imi)</span> <span class='ocrx_word' id='word_1_183' title='bbox 622 2829 705 2915; x_wconf 71' lang='lat' dir='ltr'>feri</span> <span class='ocrx_word' id='word_1_184' title='bbox 721 2843 923 2939; x_wconf 86' lang='lat' dir='ltr'>nunquam</span> <span class='ocrx_word' id='word_1_185' title='bbox 938 2823 1149 2940; x_wconf 68' lang='lat' dir='ltr'>epinyelidi</span> <span class='ocrx_word' id='word_1_186' title='bbox 1162 2825 1255 2922; x_wconf 78' lang='lat' dir='ltr'>huie</span> <span class='ocrx_word' id='word_1_187' title='bbox 1273 2825 1407 2922; x_wconf 67' lang='lat' dir='ltr'>nostra</span> <span class='ocrx_word' id='word_1_188' title='bbox 1421 2823 1609 2937; x_wconf 86' lang='lat' dir='ltr'>applicari</span> 
     </span>
     <span class='ocr_line' id='line_1_23' title="bbox 176 2935 1608 3056; baseline 0.003 -38"><span class='ocrx_word' id='word_1_189' title='bbox 176 2939 314 3048; x_wconf 80' lang='lat' dir='ltr'>potest.</span> <span class='ocrx_word' id='word_1_190' title='bbox 336 2937 494 3051; x_wconf 89' lang='lat' dir='ltr'>Ecquid</span> <span class='ocrx_word' id='word_1_191' title='bbox 515 2947 620 3026; x_wconf 91' lang='lat' dir='ltr'>enim</span> <span class='ocrx_word' id='word_1_192' title='bbox 644 2948 659 3032; x_wconf 80' lang='lat' dir='ltr'>i</span> <span class='ocrx_word' id='word_1_193' title='bbox 685 2943 836 3027; x_wconf 89' lang='lat' dir='ltr'>Nonne</span> <span class='ocrx_word' id='word_1_194' title='bbox 853 2940 1034 3056; x_wconf 73' lang='lat' dir='ltr'>pellamus</span> <span class='ocrx_word' id='word_1_195' title='bbox 1048 2941 1192 3026; x_wconf 82' lang='lat' dir='ltr'>humor</span> <span class='ocrx_word' id='word_1_196' title='bbox 1205 2935 1369 3020; x_wconf 54' lang='lat' dir='ltr'>incaute*</span> <span class='ocrx_word' id='word_1_197' title='bbox 1379 2941 1608 3048; x_wconf 83' lang='lat' dir='ltr'>coercitus,</span> 
     </span>
     <span class='ocr_line' id='line_1_24' title="bbox 175 3046 1679 3170; baseline 0.001 -38"><span class='ocrx_word' id='word_1_198' title='bbox 175 3046 243 3132; x_wconf 88' lang='lat' dir='ltr'>vel</span> <span class='ocrx_word' id='word_1_199' title='bbox 263 3052 303 3134; x_wconf 92' lang='lat' dir='ltr'>in</span> <span class='ocrx_word' id='word_1_200' title='bbox 317 3076 469 3136; x_wconf 88' lang='lat' dir='ltr'>textum</span> <span class='ocrx_word' id='word_1_201' title='bbox 487 3053 715 3144; x_wconf 88' lang='lat' dir='ltr'>cellularem</span> <span class='ocrx_word' id='word_1_202' title='bbox 730 3049 1055 3160; x_wconf 85' lang='lat' dir='ltr'>refluus‚·ulceta</span> <span class='ocrx_word' id='word_1_203' title='bbox 1068 3049 1227 3164; x_wconf 81' lang='lat' dir='ltr'>peffima</span> <span class='ocrx_word' id='word_1_204' title='bbox 1242 3053 1446 3148; x_wconf 67' lang='lat' dir='ltr'>concitare</span> <span class='ocrx_word' id='word_1_205' title='bbox 1460 3053 1608 3164; x_wconf 64' lang='lat' dir='ltr'>potest}</span> <span class='ocrx_word' id='word_1_206' title='bbox 1673 3161 1679 3170; x_wconf 14' lang='grc' dir='ltr'>ἱ</span> 
     </span>
     <span class='ocr_line' id='line_1_25' title="bbox 174 3161 1610 3280; baseline 0.002 -37"><span class='ocrx_word' id='word_1_207' title='bbox 174 3161 258 3244; x_wconf 90' lang='lat' dir='ltr'>Aut</span> <span class='ocrx_word' id='word_1_208' title='bbox 288 3163 448 3250; x_wconf 79' lang='lat' dir='ltr'>fortunia</span> <span class='ocrx_word' id='word_1_209' title='bbox 477 3167 690 3257; x_wconf 83' lang='lat' dir='ltr'>infeliciori</span> <span class='ocrx_word' id='word_1_210' title='bbox 720 3170 921 3256; x_wconf 86' lang='lat' dir='ltr'>intimiora</span> <span class='ocrx_word' id='word_1_211' title='bbox 946 3189 1153 3280; x_wconf 76' lang='lat' dir='ltr'>pereutere</span> <span class='ocrx_word' id='word_1_212' title='bbox 1173 3161 1322 3251; x_wconf 87' lang='lat' dir='ltr'>viscera</span> <span class='ocrx_word' id='word_1_213' title='bbox 1343 3168 1357 3242; x_wconf 76' lang='lat' dir='ltr'>i</span> <span class='ocrx_word' id='word_1_214' title='bbox 1379 3163 1485 3246; x_wconf 87' lang='lat' dir='ltr'>Mihi</span> <span class='ocrx_word' id='word_1_215' title='bbox 1508 3167 1610 3254; x_wconf 69' lang='lat' dir='ltr'>vero,</span> 
     </span>
     <span class='ocr_line' id='line_1_26' title="bbox 174 3272 1606 3389; baseline 0 -31"><span class='ocrx_word' id='word_1_216' title='bbox 174 3277 259 3389; x_wconf 87' lang='lat' dir='ltr'>post</span> <span class='ocrx_word' id='word_1_217' title='bbox 269 3272 444 3366; x_wconf 90' lang='lat' dir='ltr'>lotiones</span> <span class='ocrx_word' id='word_1_218' title='bbox 463 3278 604 3374; x_wconf 88' lang='lat' dir='ltr'>leniter</span> <span class='ocrx_word' id='word_1_219' title='bbox 620 3279 860 3374; x_wconf 77' lang='lat' dir='ltr'>resolventes</span> <span class='ocrx_word' id='word_1_220' title='bbox 876 3287 940 3384; x_wconf 78' lang='lat' dir='ltr'>dt,</span> <span class='ocrx_word' id='word_1_221' title='bbox 957 3279 1141 3382; x_wconf 86' lang='lat' dir='ltr'>utaiunt,</span> <span class='ocrx_word' id='word_1_222' title='bbox 1156 3274 1376 3360; x_wconf 83' lang='lat' dir='ltr'>discussivas</span> <span class='ocrx_word' id='word_1_223' title='bbox 1384 3335 1399 3381; x_wconf 95' lang='lat'>,</span> <span class='ocrx_word' id='word_1_224' title='bbox 1414 3273 1606 3385; x_wconf 72' lang='lat' dir='ltr'>simulque</span> 
     </span>
     <span class='ocr_line' id='line_1_27' title="bbox 174 3385 1605 3510; baseline -0.001 -39"><span class='ocrx_word' id='word_1_225' title='bbox 174 3387 376 3500; x_wconf 89' lang='lat' dir='ltr'>anodynas</span> <span class='ocrx_word' id='word_1_226' title='bbox 387 3454 402 3499; x_wconf 92' lang='lat'>,</span> <span class='ocrx_word' id='word_1_227' title='bbox 429 3392 563 3504; x_wconf 86' lang='lat' dir='ltr'>quales</span> <span class='ocrx_word' id='word_1_228' title='bbox 578 3394 751 3510; x_wconf 75' lang='lat' dir='ltr'>prebent</span> <span class='ocrx_word' id='word_1_229' title='bbox 767 3393 892 3480; x_wconf 85' lang='lat' dir='ltr'>infusa</span> <span class='ocrx_word' id='word_1_230' title='bbox 907 3394 1053 3476; x_wconf 89' lang='lat' dir='ltr'>florum</span> <span class='ocrx_word' id='word_1_231' title='bbox 1069 3386 1271 3508; x_wconf 77' lang='lat' dir='ltr'>sambuci,</span> <span class='ocrx_word' id='word_1_232' title='bbox 1293 3385 1488 3495; x_wconf 90' lang='lat' dir='ltr'>meliloti,</span> <span class='ocrx_word' id='word_1_233' title='bbox 1510 3391 1605 3470; x_wconf 87' lang='lat' dir='ltr'>cha-</span> 
     </span>
     <span class='ocr_line' id='line_1_28' title="bbox 174 3498 1607 3616; baseline -0.005 -27"><span class='ocrx_word' id='word_1_234' title='bbox 174 3500 364 3609; x_wconf 85' lang='lat' dir='ltr'>maemeli,</span> <span class='ocrx_word' id='word_1_235' title='bbox 386 3507 473 3594; x_wconf 78' lang='lat' dir='ltr'>imo</span> <span class='ocrx_word' id='word_1_236' title='bbox 491 3516 534 3592; x_wconf 74' lang='lat' dir='ltr'>dt</span> <span class='ocrx_word' id='word_1_237' title='bbox 554 3505 700 3616; x_wconf 85' lang='lat' dir='ltr'>solani,</span> <span class='ocrx_word' id='word_1_238' title='bbox 725 3503 901 3595; x_wconf 84' lang='lat' dir='ltr'>motellae</span> <span class='ocrx_word' id='word_1_239' title='bbox 925 3503 1018 3588; x_wconf 76' lang='lat' dir='ltr'>dieti</span> <span class='ocrx_word' id='word_1_240' title='bbox 1037 3502 1224 3608; x_wconf 65' lang='lat' dir='ltr'>deontia,</span> <span class='ocrx_word' id='word_1_241' title='bbox 1245 3498 1486 3610; x_wconf 86' lang='lat' dir='ltr'>aliarumque</span> <span class='ocrx_word' id='word_1_242' title='bbox 1510 3502 1607 3584; x_wconf 74' lang='lat' dir='ltr'>fimi</span> 
     </span>
     <span class='ocr_line' id='line_1_29' title="bbox 173 3611 1608 3753; baseline -0.001 -56"><span class='ocrx_word' id='word_1_243' title='bbox 173 3611 271 3728; x_wconf 81' lang='lat' dir='ltr'>lium</span> <span class='ocrx_word' id='word_1_244' title='bbox 284 3612 494 3704; x_wconf 89' lang='lat' dir='ltr'>herbarum</span> <span class='ocrx_word' id='word_1_245' title='bbox 505 3621 612 3706; x_wconf 85' lang='lat' dir='ltr'>fotus</span> <span class='ocrx_word' id='word_1_246' title='bbox 619 3683 633 3726; x_wconf 93' lang='lat'>,</span> <span class='ocrx_word' id='word_1_247' title='bbox 650 3626 846 3753; x_wconf 91' lang='lat' dir='ltr'>optimum</span> <span class='ocrx_word' id='word_1_248' title='bbox 856 3617 983 3714; x_wconf 81' lang='lat' dir='ltr'>visum</span> <span class='ocrx_word' id='word_1_249' title='bbox 997 3617 1049 3700; x_wconf 90' lang='lat' dir='ltr'>est</span> <span class='ocrx_word' id='word_1_250' title='bbox 1064 3615 1278 3720; x_wconf 72' lang='lat' dir='ltr'>s1,&#39;caeteris</span> <span class='ocrx_word' id='word_1_251' title='bbox 1290 3611 1474 3716; x_wconf 85' lang='lat' dir='ltr'>omnibus</span> <span class='ocrx_word' id='word_1_252' title='bbox 1487 3613 1608 3708; x_wconf 86' lang='lat' dir='ltr'>incas.-</span> 
     </span>
     <span class='ocr_line' id='line_1_30' title="bbox 173 3724 1606 3844; baseline 0 -30"><span class='ocrx_word' id='word_1_253' title='bbox 173 3730 260 3820; x_wconf 77' lang='lat' dir='ltr'>siun</span> <span class='ocrx_word' id='word_1_254' title='bbox 290 3731 470 3836; x_wconf 82' lang='lat' dir='ltr'>tentatis,</span> <span class='ocrx_word' id='word_1_255' title='bbox 497 3733 795 3844; x_wconf 88' lang='lat' dir='ltr'>putrefacrentia</span> <span class='ocrx_word' id='word_1_256' title='bbox 808 3734 863 3815; x_wconf 85' lang='lat' dir='ltr'>stc</span> <span class='ocrx_word' id='word_1_257' title='bbox 878 3731 984 3815; x_wconf 79' lang='lat' dir='ltr'>diua</span> <span class='ocrx_word' id='word_1_258' title='bbox 1007 3733 1049 3812; x_wconf 91' lang='lat' dir='ltr'>in</span> <span class='ocrx_word' id='word_1_259' title='bbox 1072 3730 1160 3813; x_wconf 66' lang='lat' dir='ltr'>adu</span> <span class='ocrx_word' id='word_1_260' title='bbox 1182 3724 1267 3841; x_wconf 81' lang='lat' dir='ltr'>ipso</span> <span class='ocrx_word' id='word_1_261' title='bbox 1293 3725 1606 3828; x_wconf 73' lang='lat' dir='ltr'>fermentationis</span> 
     </span>
     <span class='ocr_line' id='line_1_31' title="bbox 173 3837 1607 3960; baseline 0.008 -38"><span class='ocrx_word' id='word_1_262' title='bbox 173 3837 467 3954; x_wconf 86' lang='lat' dir='ltr'>apponerentur</span> <span class='ocrx_word' id='word_1_263' title='bbox 483 3869 529 3927; x_wconf 92' lang='lat' dir='ltr'>ut</span> <span class='ocrx_word' id='word_1_264' title='bbox 542 3841 679 3956; x_wconf 80' lang='lat' dir='ltr'>&#39;aliqua</span> <span class='ocrx_word' id='word_1_265' title='bbox 693 3845 920 3960; x_wconf 84' lang='lat' dir='ltr'>supputatio</span> <span class='ocrx_word' id='word_1_266' title='bbox 938 3842 1203 3944; x_wconf 73' lang='lat' dir='ltr'>induceretur.</span> <span class='ocrx_word' id='word_1_267' title='bbox 1224 3839 1327 3950; x_wconf 71' lang='lat' dir='ltr'>Quae</span> <span class='ocrx_word' id='word_1_268' title='bbox 1346 3838 1506 3948; x_wconf 84' lang='lat' dir='ltr'>quidem</span> <span class='ocrx_word' id='word_1_269' title='bbox 1525 3865 1607 3946; x_wconf 65' lang='lat' dir='ltr'>me:</span> 
     </span>
     <span class='ocr_line' id='line_1_32' title="bbox 172 3947 1675 4070; baseline 0 -35"><span class='ocrx_word' id='word_1_270' title='bbox 172 3952 321 4038; x_wconf 81' lang='lat' dir='ltr'>rhodus</span> <span class='ocrx_word' id='word_1_271' title='bbox 345 3951 583 4050; x_wconf 87' lang='lat' dir='ltr'>diluentibus</span> <span class='ocrx_word' id='word_1_272' title='bbox 606 3959 767 4042; x_wconf 90' lang='lat' dir='ltr'>internis</span> <span class='ocrx_word' id='word_1_273' title='bbox 792 3983 908 4068; x_wconf 89' lang='lat' dir='ltr'>atque</span> <span class='ocrx_word' id='word_1_274' title='bbox 929 3952 1254 4070; x_wconf 86' lang='lat' dir='ltr'>antiphlogisticis</span> <span class='ocrx_word' id='word_1_275' title='bbox 1272 3947 1427 4033; x_wconf 86' lang='lat' dir='ltr'>suffulta</span> <span class='ocrx_word' id='word_1_276' title='bbox 1450 3952 1547 4031; x_wconf 89' lang='lat' dir='ltr'>mihi</span> <span class='ocrx_word' id='word_1_277' title='bbox 1563 3953 1606 4035; x_wconf 92' lang='lat' dir='ltr'>in</span> <span class='ocrx_word' id='word_1_278' title='bbox 1655 4031 1675 4067; x_wconf 63' lang='grc'><strong>,</strong></span> 
     </span>
     <span class='ocr_line' id='line_1_33' title="bbox 174 4061 1604 4187; baseline -0.003 -39"><span class='ocrx_word' id='word_1_279' title='bbox 174 4062 351 4150; x_wconf 77' lang='lat' dir='ltr'>unici&amp;</span> <span class='ocrx_word' id='word_1_280' title='bbox 373 4065 565 4178; x_wconf 76' lang='lat' dir='ltr'>solitarii,</span> <span class='ocrx_word' id='word_1_281' title='bbox 588 4068 745 4182; x_wconf 78' lang='lat' dir='ltr'>qualern</span> <span class='ocrx_word' id='word_1_282' title='bbox 767 4071 979 4187; x_wconf 78' lang='lat' dir='ltr'>descripsr,</span> <span class='ocrx_word' id='word_1_283' title='bbox 991 4064 1213 4182; x_wconf 68' lang='lat' dir='ltr'>§pinyfflde</span> <span class='ocrx_word' id='word_1_284' title='bbox 1232 4061 1412 4186; x_wconf 54' lang='lat' dir='ltr'>,succeffit</span> <span class='ocrx_word' id='word_1_285' title='bbox 1427 4061 1604 4175; x_wconf 72' lang='lat' dir='ltr'>optime,</span> 
     </span>
     <span class='ocr_line' id='line_1_34' title="bbox 173 4172 1606 4296; baseline -0.001 -37"><span class='ocrx_word' id='word_1_286' title='bbox 173 4175 242 4261; x_wconf 89' lang='lat' dir='ltr'>sed</span> <span class='ocrx_word' id='word_1_287' title='bbox 269 4203 419 4265; x_wconf 86' lang='lat' dir='ltr'>tentare</span> <span class='ocrx_word' id='word_1_288' title='bbox 444 4209 532 4268; x_wconf 86' lang='lat' dir='ltr'>eam</span> <span class='ocrx_word' id='word_1_289' title='bbox 554 4214 638 4268; x_wconf 93' lang='lat' dir='ltr'>non</span> <span class='ocrx_word' id='word_1_290' title='bbox 663 4181 788 4292; x_wconf 89' lang='lat' dir='ltr'>licet,</span> <span class='ocrx_word' id='word_1_291' title='bbox 816 4187 973 4296; x_wconf 86' lang='lat' dir='ltr'>quoties</span> <span class='ocrx_word' id='word_1_292' title='bbox 999 4179 1186 4264; x_wconf 80' lang='lat' dir='ltr'>conferte</span> <span class='ocrx_word' id='word_1_293' title='bbox 1208 4172 1431 4278; x_wconf 75' lang='lat' dir='ltr'>huJusmodi</span> <span class='ocrx_word' id='word_1_294' title='bbox 1450 4175 1606 4286; x_wconf 86' lang='lat' dir='ltr'>pustulae</span> 
     </span>
     <span class='ocr_line' id='line_1_35' title="bbox 173 4283 1605 4394; baseline -0.006 -21"><span class='ocrx_word' id='word_1_295' title='bbox 173 4293 300 4374; x_wconf 89' lang='lat' dir='ltr'>cutim</span> <span class='ocrx_word' id='word_1_296' title='bbox 317 4292 507 4382; x_wconf 84' lang='lat' dir='ltr'>infestant.</span> <span class='ocrx_word' id='word_1_297' title='bbox 531 4294 652 4386; x_wconf 85' lang='lat' dir='ltr'>Tune</span> <span class='ocrx_word' id='word_1_298' title='bbox 672 4302 778 4390; x_wconf 86' lang='lat' dir='ltr'>enim</span> <span class='ocrx_word' id='word_1_299' title='bbox 802 4295 986 4394; x_wconf 85' lang='lat' dir='ltr'>omnibus</span> <span class='ocrx_word' id='word_1_300' title='bbox 1009 4288 1066 4376; x_wconf 92' lang='lat' dir='ltr'>ob</span> <span class='ocrx_word' id='word_1_301' title='bbox 1087 4285 1185 4382; x_wconf 77' lang='lat' dir='ltr'>meli</span> <span class='ocrx_word' id='word_1_302' title='bbox 1200 4283 1433 4376; x_wconf 88' lang='lat' dir='ltr'>violentiam</span> <span class='ocrx_word' id='word_1_303' title='bbox 1457 4291 1499 4390; x_wconf 85' lang='lat' dir='ltr'>in</span> <span class='ocrx_word' id='word_1_304' title='bbox 1518 4313 1605 4390; x_wconf 50' lang='lat' dir='ltr'>ereq</span> 
     </span>
     <span class='ocr_line' id='line_1_36' title="bbox 174 4395 1606 4519; baseline -0.001 -33"><span class='ocrx_word' id='word_1_305' title='bbox 174 4395 362 4487; x_wconf 89' lang='lat' dir='ltr'>thismum</span> <span class='ocrx_word' id='word_1_306' title='bbox 381 4433 498 4519; x_wconf 92' lang='lat' dir='ltr'>atque</span> <span class='ocrx_word' id='word_1_307' title='bbox 515 4411 716 4494; x_wconf 88' lang='lat' dir='ltr'>fervorem</span> <span class='ocrx_word' id='word_1_308' title='bbox 736 4411 972 4510; x_wconf 70' lang='lat' dir='ltr'>concitatis,</span> <span class='ocrx_word' id='word_1_309' title='bbox 998 4403 1134 4502; x_wconf 69' lang='lat' dir='ltr'>emnia</span> <span class='ocrx_word' id='word_1_310' title='bbox 1154 4402 1196 4481; x_wconf 89' lang='lat' dir='ltr'>in</span> <span class='ocrx_word' id='word_1_311' title='bbox 1213 4396 1447 4484; x_wconf 88' lang='lat' dir='ltr'>diluentium</span> <span class='ocrx_word' id='word_1_312' title='bbox 1466 4396 1606 4484; x_wconf 90' lang='lat' dir='ltr'>leviter</span> 
     </span>
     <span class='ocr_line' id='line_1_37' title="bbox 173 4509 1606 4632; baseline -0.001 -34"><span class='ocrx_word' id='word_1_313' title='bbox 173 4519 432 4629; x_wconf 83' lang='lat' dir='ltr'>aperientium</span> <span class='ocrx_word' id='word_1_314' title='bbox 454 4522 526 4607; x_wconf 90' lang='lat' dir='ltr'>usu</span> <span class='ocrx_word' id='word_1_315' title='bbox 550 4523 751 4628; x_wconf 88' lang='lat' dir='ltr'>constant,</span> <span class='ocrx_word' id='word_1_316' title='bbox 775 4516 905 4630; x_wconf 87' lang='lat' dir='ltr'>qualia</span> <span class='ocrx_word' id='word_1_317' title='bbox 928 4515 1102 4632; x_wconf 82' lang='lat' dir='ltr'>pr&#39;aestant</span> <span class='ocrx_word' id='word_1_318' title='bbox 1120 4511 1249 4598; x_wconf 86' lang='lat' dir='ltr'>serum</span> <span class='ocrx_word' id='word_1_319' title='bbox 1274 4510 1382 4596; x_wconf 68' lang='lat' dir='ltr'>lastis</span> <span class='ocrx_word' id='word_1_320' title='bbox 1406 4517 1448 4595; x_wconf 80' lang='lat' dir='ltr'>bt</span> <span class='ocrx_word' id='word_1_321' title='bbox 1466 4509 1606 4627; x_wconf 85' lang='lat' dir='ltr'>plantae</span> 
     </span>
     <span class='ocr_line' id='line_1_38' title="bbox 176 4627 1606 4744; baseline -0.001 -32"><span class='ocrx_word' id='word_1_322' title='bbox 176 4655 317 4720; x_wconf 79' lang='lat' dir='ltr'>omnes</span> <span class='ocrx_word' id='word_1_323' title='bbox 341 4631 556 4742; x_wconf 75' lang='lat' dir='ltr'>oleracea,</span> <span class='ocrx_word' id='word_1_324' title='bbox 583 4631 729 4722; x_wconf 87' lang='lat' dir='ltr'>molles</span> <span class='ocrx_word' id='word_1_325' title='bbox 753 4645 871 4744; x_wconf 88' lang='lat' dir='ltr'>atq&#39;ue</span> <span class='ocrx_word' id='word_1_326' title='bbox 898 4630 938 4714; x_wconf 85' lang='lat' dir='ltr'>sa</span> <span class='ocrx_word' id='word_1_327' title='bbox 966 4651 1121 4732; x_wconf 76' lang='lat' dir='ltr'>ortaceae</span> <span class='ocrx_word' id='word_1_328' title='bbox 1133 4687 1147 4733; x_wconf 93' lang='lat'>,</span> <span class='ocrx_word' id='word_1_329' title='bbox 1175 4627 1260 4709; x_wconf 84' lang='lat' dir='ltr'>imb</span> <span class='ocrx_word' id='word_1_330' title='bbox 1289 4631 1331 4708; x_wconf 77' lang='lat' dir='ltr'>dt</span> <span class='ocrx_word' id='word_1_331' title='bbox 1353 4629 1546 4734; x_wconf 84' lang='lat' dir='ltr'>quoniam</span> <span class='ocrx_word' id='word_1_332' title='bbox 1563 4629 1606 4710; x_wconf 91' lang='lat' dir='ltr'>in</span> 
     </span>
     <span class='ocr_line' id='line_1_39' title="bbox 175 4659 1607 4864; baseline -0.001 -36"><span class='ocrx_word' id='word_1_333' title='bbox 175 4747 293 4830; x_wconf 85' lang='lat' dir='ltr'>tantia</span> <span class='ocrx_word' id='word_1_334' title='bbox 321 4743 528 4838; x_wconf 85' lang='lat' dir='ltr'>doloribus</span> <span class='ocrx_word' id='word_1_335' title='bbox 562 4747 714 4864; x_wconf 86' lang='lat' dir='ltr'>semper</span> <span class='ocrx_word' id='word_1_336' title='bbox 751 4745 900 4857; x_wconf 87' lang='lat' dir='ltr'>aliquid</span> <span class='ocrx_word' id='word_1_337' title='bbox 932 4659 1002 4846; x_wconf 64' lang='lat' dir='ltr'>tibi</span> <span class='ocrx_word' id='word_1_338' title='bbox 1035 4736 1190 4824; x_wconf 87' lang='lat' dir='ltr'>saburra</span> <span class='ocrx_word' id='word_1_339' title='bbox 1217 4740 1429 4852; x_wconf 88' lang='lat' dir='ltr'>primatum</span> <span class='ocrx_word' id='word_1_340' title='bbox 1454 4741 1607 4827; x_wconf 84' lang='lat' dir='ltr'>viarum</span> 
     </span>
     <span class='ocr_line' id='line_1_40' title="bbox 175 4847 1606 5052; baseline -0.006 -106"><span class='ocrx_word' id='word_1_341' title='bbox 175 4857 355 4952; x_wconf 72' lang='lat' dir='ltr'>uindicat</span> <span class='ocrx_word' id='word_1_342' title='bbox 365 4920 379 4972; x_wconf 85' lang='lat'>,</span> <span class='ocrx_word' id='word_1_343' title='bbox 398 4863 488 4978; x_wconf 80' lang='lat' dir='ltr'>post·</span> <span class='ocrx_word' id='word_1_344' title='bbox 504 4863 691 4960; x_wconf 76' lang='lat' dir='ltr'>iteratum</span> <span class='ocrx_word' id='word_1_345' title='bbox 705 4857 942 4962; x_wconf 77' lang='lat' dir='ltr'>diluentium</span> <span class='ocrx_word' id='word_1_346' title='bbox 960 4851 1124 4948; x_wconf 84' lang='lat' dir='ltr'>illorum</span> <span class='ocrx_word' id='word_1_347' title='bbox 1142 4851 1277 4963; x_wconf 77' lang='lat' dir='ltr'>usum,</span> <span class='ocrx_word' id='word_1_348' title='bbox 1300 4847 1453 5052; x_wconf 58' lang='lat' dir='ltr'>lepiblus</span> <span class='ocrx_word' id='word_1_349' title='bbox 1468 4848 1606 4952; x_wconf 78' lang='lat' dir='ltr'>alvum</span> 
     </span>
    </p>
   </div>
   <div class='ocr_carea' id='block_1_5' title="bbox 0 0 2098 5908">
    <p class='ocr_par' dir='ltr' id='par_1_5' title="bbox 0 0 2098 5908">
     <span class='ocr_line' id='line_1_41' title="bbox 0 0 2098 5908; baseline 0 0"><span class='ocrx_word' id='word_1_350' title='bbox 0 0 2098 5908; x_wconf 95' lang='lat' dir='ltr'> </span> 
     </span>
    </p>
   </div>
  </div>
 </body>
</html>
