4292 5904
665 421 1187 513 ·curaun1a
1583 433 1670 552 a,

215 587 362 706 -spasmi
389 579 568 675 absoluta
581 650 597 695 ,
623 595 665 674 dt
688 586 822 674 laxato
846 571 1021 704 spasmo,
1045 590 1192 675 cessent
1211 591 1353 705 pariter
1375 590 1459 700 ejus
1482 593 1659 687 effeoua

290 703 373 788 Hic
410 706 530 788 etiam
573 701 727 786 causam
770 699 941 818 praebere
987 704 1144 818 possunt
1189 706 1376 790 humores
1417 713 1660 825 quicumque

165 909 168 916 ,
218 847 294 906 'aut
316 821 417 906 vitio
444 841 648 932 parentum
673 819 860 921 connati,
887 841 954 900 aut
974 812 995 899 *a
1016 815 1117 902 lade
1141 841 1331 933 corrupto
1357 824 1518 906 nutricis
1537 829 1661 911 intro·

223 935 342 1020 duui.
365 928 526 1018 Bibulas
543 929 650 1014 enim
668 930 747 1012 oris
761 955 903 1034 venas,
929 932 1157 1044 &patentia
1175 926 1446 1044 glandularum
1467 939 1532 1022 hic
1551 945 1661 1027 hian-

223 1052 325 1132 tium
344 1043 533 1130 emissaria
550 1042 645 1128 ditm
666 1043 873 1149 corruptus
886 1041 1033 1126 humor
1046 1042 1210 1151 imbuit,
1236 1049 1361 1160 potest
1376 1053 1545 1135 maxima
1557 1055 1661 1152 mala

223 1163 268 1244 in
292 1187 425 1244 totum
454 1157 600 1270 corpus
628 1156 829 1238 invehere.
861 1153 1176 1274 Hincbenignd
1200 1188 1293 1243 cum
1321 1189 1493 1275 corpore
1524 1193 1660 1255 natura

224 1300 344 1387 aget,
367 1273 454 1356 siin
474 1294 627 1355 textum
648 1265 878 1351 cellularem
897 1269 1074 1353 vicinum
1093 1267 1295 1356 imbibitus
1315 1276 1461 1359 humor
1480 1279 1528 1362 ad
1548 1308 1661 1367 aurea

224 1387 344 1471 fuerit
361 1383 574 1498 protrusus.
599 1379 683 1471 Hic
702 1383 871 1489 humor,
884 1405 928 1466 ut
947 1380 1160 1497 plurimbm
1186 1386 1426 1472 tenuiffimus
1438 1451 1451 1496 ,
1478 1390 1558 1478 stne
1573 1391 1661 1480 ullo

224 1499 372 1584 rubore
404 1524 474 1612 per
507 1491 680 1612 guttulas
713 1520 853 1580 tenues
887 1523 995 1610 pone
1027 1523 1137 1580 aures
1149 1556 1164 1603 ,
1196 1494 1407 1608 aliquando
1443 1505 1562 1587 etiam
1597 1535 1671 1621 per

226 1612 387 1697 dudum
409 1609 649 1694 auditorium
673 1603 850 1722 depluit,
872 1609 992 1692 nostu
1011 1605 1245 1721 prasertim}
1270 1613 1324 1693 ita
1344 1638 1390 1695 ut
1409 1610 1530 1700 lintea
1548 1647 1670 1734 appo-

219 1727 297 1809 sita
320 1723 435 1807 mand
460 1721 686 1805 humidiora
710 1722 1017 1834 reperiantur&
1044 1719 1195 1804 imbuta
1220 1718 1379 1833 liquore
1400 1731 1468 1835 qui
1494 1728 1669 1842 aliquan-

165 1925 168 1934 ,
225 1835 354 1922 tuldm
368 1861 545 1920 naturam
561 1833 712 1917 indicat
723 1830 884 1915 crassam
897 1841 939 1916 ὅ(
959 1829 1261 1946 mucilagineam
1270 1897 1284 1940 ,
1302 1835 1371 1919 ubi
1385 1838 1509 1926 siccus
1526 1847 1667 1932 evasit:

165 1955 170 1966 '
225 1981 318 2034 nam
346 1951 465 2034 lintea
492 1945 585 2031 inde
614 1943 742 2029 ablata
768 1943 956 2057 rigidiora
985 1944 1085 2029 sunt.
1120 1945 1348 2032 Humiditas
1374 1949 1468 2058 illa,
1498 1959 1670 2065 quandiu

165 2149 170 2160 ,
227 2063 434 2178 perdurat,
456 2057 565 2143 nulla
580 2058 693 2142 affert
706 2055 979 2170 symptomata.
1005 2055 1183 2162 Desinit,
1199 2058 1227 2138 fi
1243 2058 1362 2142 sudor
1376 2062 1512 2148 exiliat
1528 2075 1670 2185 copio-

226 2179 329 2277 sror;
347 2178 373 2260 st
388 2172 507 2257 febris
523 2171 641 2275 adstt,
659 2166 777 2251 cessat
788 2227 802 2272 ‚
813 2166 975 2281 'semper
989 2197 1062 2282 pro
1080 2165 1174 2252 verd
1192 2170 1450 2282 deputatione
1465 2177 1668 2293 habenda,

164 2299 169 2308 ’
218 2313 295 2374 ‘aut
313 2288 451 2372 saltem
472 2312 545 2396 pro
566 2281 762 2390 superfluo
782 2277 876 2358 inde
892 2303 1063 2360 exeunte
1083 2285 1124 2361 bt
1144 2282 1247 2362 hanc
1263 2285 1368 2365 viam
1388 2287 1591 2377 affeuante
1611 2297 1666 2380 ob

227 2399 523 2518 proximitatem
542 2384 844 2504 glandularum,
867 2393 909 2469 ἃ
928 2411 1057 2472 textus
1077 2386 1275 2476 cellularis
1294 2396 1335 2477 in
1352 2395 1548 2484 hocloco
1572 2413 1667 2492 rari-

126 2521 144 2556 ·
226 2537 364 2600 tarem.
400 2503 518 2591 Unde
545 2501 677 2584 mirari
701 2495 805 2582 subit
830 2499 939 2608 quod
964 2499 1206 2615 Myrepsus‚
1233 2507 1401 2612 Aetius,
1435 2511 1666 2629 Oribasrus,

220 2628 384 2712 adhoc
411 2617 561 2702 malum
588 2610 694 2698 tanti
717 2609 986 2724 sollicitudine
1012 2615 1297 2714 commendent
1323 2618 1594 2738 adstringenria
1623 2643 1667 2720 bt

167 2741 171 2751 '
226 2735 584 2840 absorbentia,quae
597 2729 676 2810 stne
688 2722 775 2808 ullo
788 2721 1295 2814 commodovacuationem
1305 2731 1558 2846 supprimant,
1570 2751 1667 2832 veri·

222 2851 402 2940 similiter
414 2843 576 2947 utilem,
590 2829 743 2948 Ecqua,
757 2838 784 2920 st
797 2835 937 2946 aliquis
953 2865 1039 2922 eam
1053 2841 1234 2953 perverso
1248 2843 1415 2928 consriio
1427 2847 1669 2964 supprimere

225 2962 429 3066 voluerit,
457 2955 565 3044 certe
583 2947 691 3035 nulla
710 2946 786 3032 alia
804 2953 957 3036 ratione
974 2953 1160 3066 tentanda
1178 2956 1231 3038 est
1252 2982 1387 3070 praeter
1403 2959 1664 3058 diversionem

225 3083 328 3190 quae,
343 3101 409 3160 aut
419 3070 467 3155 ab
481 3061 878 3154 inustisvestcantibus
886 3125 900 3169 ,
910 3089 977 3148 aut
991 3063 1189 3180 applicato
1208 3073 1385 3154 cauterio
1400 3081 1442 3156 dr
1461 3075 1662 3170 fonticulo

224 3193 427 3277 defluente
451 3187 497 3269 fit
519 3214 532 3282 ς
557 3177 624 3266 ves
650 3204 720 3292 per
748 3175 1011 3262 revulsionem
1035 3207 1153 3290 quam
1177 3181 1339 3268 efficere
1366 3187 1523 3299 possunt
1548 3199 1664 3285 cauta

222 3303 407 3417 usurpata
431 3305 474 3381 dt
500 3290 649 3379 summa
676 3287 795 3395 cuni,
818 3317 869 3374 ne
898 3293 1041 3376 refluus
1063 3294 1209 3376 humor
1234 3296 1274 3375 in
1297 3325 1426 3409 partes
1452 3299 1663 3418 abscedat,

221 3415 464 3538 purganda,
488 3405 731 3510 sudorifera,
754 3404 943 3488 exercitia
963 3407 1102 3488 iterata
1123 3402 1235 3507 simul
1259 3435 1353 3496 cum
1375 3409 1663 3524 diligentissrmd

224 3526 452 3618 sobrietate.
482 3518 646 3634 Quippe
670 3519 731 3601 his
753 3512 938 3600 omnibus
964 3517 1199 3627 superfluum
1224 3515 1449 3604 absumitur.
1485 3527 1529 3609 Si
1553 3539 1661 3620 enim

224 3641 360 3751 aliqua
380 3635 535 3720 latentis
560 3634 705 3712 veneni
729 3627 898 3738 suspicio
920 3627 990 3733 stt,
1014 3645 1111 3710 tunc
1131 3654 1266 3712 natura
1285 3626 1366 3732 ejus
1389 3635 1503 3720 caute
1526 3643 1662 3731 obser·

225 3751 377 3858 vanda,
399 3757 441 3835 &
459 3771 510 3830 ex
528 3734 834 3828 indicationibus
856 3735 1136 3826 universalibus
1159 3737 1404 3831 debellanda.

222 3961 1663 4022 ἢ

591 4143 1055 4254 CAPUT
1146 4147 1310 4254 111.

227 4461 239 4508 ·.
341 4381 428 4492 De
460 4377 649 4490 Morbis
671 4379 770 4487 cuti
797 4377 850 4482 in
872 4375 1069 4522 diversts
1082 4380 1301 4516 partibus
1319 4381 1548 4522 propriis.

224 4570 353 4794 Qu
365 4673 619 4749 ecumque
631 4648 705 4731 stnt
718 4646 896 4760 corporis
909 4668 1037 4759 partes
1052 4673 1146 4755 quar
1161 4607 1658 4755 cutisinvoltirt‚omn1bua

230 4798 334 4857 eutis
348 4761 577 4866 affectibus,
597 4759 747 4846 diversi
760 4755 830 4841 sub
843 4755 1000 4863 formai,
1029 4761 1193 4843 nomine
1211 4785 1389 4865 mutato,
1407 4789 1542 4892 parent
1562 4763 1654 4851 illae.

229 4884 383 4986 verbm
398 4883 489 4964 cum
501 4872 736 4966 universales
752 4876 905 4960 nutum
928 4873 1306 4988 cutis'proprietates
1333 4869 1559 4984 obtineant,
1583 4881 1654 4990 vir
