4186 5908
491 469 570 565 ιη
813 572 820 580 .
930 453 1480 544 annotinis·

540 623 588 706 In
607 620 719 723 hisce
742 623 840 706 verb
864 619 996 704 'adhuc
1029 589 1133 704 inlrae
1162 618 1381 730 occurrunt
1402 617 1657 703 diversitates.
1689 617 1790 702 Non
1818 619 1927 704 enini

482 735 591 818 idem
615 737 668 818 est
689 736 717 817 si
740 761 780 819 te
802 735 1037 845 corripuerit
1050 735 1145 846 erysi
1175 734 1255 817 elas
1276 758 1447 847 corpore
1464 727 1609 870 pleno,
1631 755 1700 814 aut
1721 726 1818 834 justi·
1830 743 1927 844 gau-

471 848 643 932 dentem
668 848 837 930 sanitatis
865 845 1113 931 conditione.
1142 765 1307 930 berocit
1330 848 1437 928 enim
1463 841 1765 954 acacochymib
1784 842 1926 958 pravis

482 959 718 1074 erysipelas,
754 968 797 1043 br
830 961 932 1042 lianc
969 958 1181 1069 aliquando
1214 960 1393 1072 concipit
1423 959 1714 1042 vehementiam
1751 982 1797 1040 ut
1830 983 1925 1042 toto

479 1099 594 1158 textu
628 1070 807 1156 cellulari
837 1075 879 1154 in
912 1072 1146 1155 consensum
1174 1071 1372 1175 adduelo,
1400 1069 1634 1154 intumescat
1660 1067 1772 1152 simul
1804 1095 1924 1179 atque
2004 1142 2007 1148 i

479 1186 682 1273 induretur
701 1187 804 1268 artus
831 1184 1059 1298 erysspelate
1073 1186 1232 1269 affatius
1243 1248 1257 1290 ,
1283 1209 1450 1292 eamque
1470 1182 1654 1268 duritiem
1673 1183 1815 1266 referat
1836 1212 1923 1292 quar

479 1299 615 1382 malias
649 1297 858 1382 scirrhosas
886 1324 1003 1407 atque
1031 1296 1214 1412 lapideas¹
1230 1299 1357 1380 vincit
1387 1295 1561 1400 duritie,
1597 1293 1789 1405 simulque
1819 1297 1922 1380 cutis

479 1442 556 1526 prae
582 1414 762 1495 omnium
783 1411 935 1493 suarum
961 1414 1128 1524 partium
1154 1413 1359 1494 inflatione
1382 1411 1483 1490 corii
1509 1407 1750 1526 elephantiiii
1773 1404 1920 1490 scabri-

340 1543 344 1552 ’
479 1528 576 1608 tiem
592 1549 709 1633 atque
729 1523 911 1606 duritiem
931 1522 1132 1606 aemulatur
1148 1527 1188 1607 in
1208 1551 1314 1608 meas
1336 1521 1507 1606 dillinela
1524 1535 1607 1630 quae
1622 1547 1817 1607 texturam
1838 1517 1921 1625 ejus

480 1633 711 1720 cellularem
725 1636 814 1750 apte
836 1635 1112 1719 demonstrant.
1141 1636 1449 1719 Phcrnomenon
1469 1629 1569 1718 illud
1589 1631 1819 1748 simpliciori
1834 1637 1919 1747 apis

480 1749 630 1832 morsui
655 1748 923 1862 supervenille‘
938 1749 1043 1833 vidi..
1056 1741 1389 1865 Cauffisrmplex
1420 1750 1462 1830 in
1482 1745 1584 1830 mala
1601 1773 1801 1832 moratum
1821 1775 1917 1832 cor-

479 1891 553 1976 pus
576 1861 780 1944 inciderat.
812 1909 825 1934 =
1584 1899 1590 1910 ·
1922 1950 1924 1962 Ι

519 1973 743 2056 .Βίἢίηᾶἰο
772 1976 855 2055 haec
886 1972 907 2056 *a
962 1971 1266 2086 raedispofitione
1295 1976 1475 2086 corporis
1502 1971 1714 2085 repetenda
1742 1968 1919 2056 dilucide

477 2089 518 2170 iii
540 2113 590 2168 eo
615 2114 661 2198 ap
691 2112 773 2169 aret
791 2003 1063 2200 erysipelatum
1087 2089 1333 2168 criticorum·
1340 2113 1485 2200 genere
1506 2082 1616 2196 quod
1636 2087 1825 2189 recurrit,
1853 2111 1920 2168 aut

479 2115 688 2312 periodicb
700 2261 715 2305 ,
744 2200 952 2282 autetiam
978 2197 1156 2281 erratice.
1191 2196 1298 2282 Illud
1331 2202 1437 2282 enim
1462 2198 1665 2283 evidenter
1687 2223 1847 2340 apparet
1870 2196 1918 2288 ab

478 2313 562 2392 acti
576 2313 679 2394 intus
702 2311 884 2426 suscepto
906 2319 947 2394 ὃ(
969 2314 1010 2392 in
1030 2332 1185 2394 motum
1204 2315 1292 2394 ablo
1311 2310 1564 2422 quicumque
1575 2310 1624 2395 de
1634 2325 1755 2396 'causa
1776 2313 1920 2422 pariter

478 2449 733 2528 recurrente,
769 2423 941 2536 pendere
967 2454 993 2538 ς.
1014 2423 1081 2507 sed
1115 2423 1270 2506 causam
1302 2427 1539 2518 excitantem
1577 2431 1617 2506 bt
1653 2421 1917 2506 advocantem

476 2534 561 2618 ferd
590 2535 742 2650 semper
763 2534 834 2619 sibi
857 2535 1030 2650 reposcit
1043 2536 1192 2644 ,squali
1221 2534 1429 2620 allatione
1459 2533 1526 2620 sub
1545 2534 1827 2619 dimoveremr.
1858 2537 1919 2622 Itt

477 2651 575 2732 novi
590 2651 796 2734 hominem
809 2648 1072 2762 grandevum,
1086 2649 1153 2732 sed
1165 2646 1342 2758 alioquin
1358 2647 1594 2736 saniffimum
1603 2709 1618 2752 ,
1631 2647 1774 2758 quidin
1785 2651 1920 2732 arthri-

475 2760 568 2844 tidis
590 2763 832 2874 gravissimos
856 2760 1018 2847 dolores
1037 2757 1291 2874 perlongum
1313 2765 1432 2846 aetatis
1452 2760 1616 2875 spatium
1635 2758 1828 2874 perpellus
1846 2763 1917 2846 est.

475 2869 540 2958 Ab
566 2876 612 2956 iis
634 2877 765 2988 poste'a
787 2871 1054 2979 libertinus,
1077 2876 1233 2983 quoties
1254 2877 1401 2986 ingruit
1423 2873 1665 2958 arthritidem
1687 2869 1919 2959 olimtii'ivea·

474 2986 574 3068 hena
604 2985 740 3090 causa,
771 2988 851 3070 sive
879 2988 1147 3099 intempestiva
1173 3013 1320 3091 venus,
1350 2985 1417 3070 seu
1447 2984 1575 3100 spreta
1602 2982 1816 3074 sobrietas,
1845 2984 1914 3074 seu

477 3095 639 3180 demum
660 3098 881 3182 diunirnior
904 3101 946 3180 in
971 3101 1178 3182 hominem
1199 3095 1408 3182 militatem
1431 3127 1550 3212 agens
1572 3101 1669 3186 aeris
1695 3095 1920 3182 inclemen-

476 3211 555 3313 tia,
577 3208 805 3324 erysipelate
826 3212 867 3292 in
887 3207 989 3316 hic,
1009 3207 1076 3293 vel
1095 3209 1163 3294 illi
1181 3237 1290 3325 parte
1305 3214 1516 3324 corripimr
1526 3272 1541 3318 ‚
1566 3216 1702 3324 parlim
1720 3208 1916 3316 durabili,

476 3319 545 3406 sed
574 3348 726 3408 veteres
758 3323 967 3407 arthritidis
998 3323 1253 3436 paroxysmos
1284 3322 1497 3408 exhibente
1529 3355 1541 3422 3
1576 3343 1658 3432 quo
1685 3321 1916 3436 erysipelate

478 3434 725 3520 arthritidem
746 3435 902 3520 videtur
926 3434 1141 3520 redemisse.
1170 3432 1219 3520 Id
1248 3429 1366 3520 etlam
1393 3438 1563 3548 contigit
1586 3439 1674 3522 viro
1701 3438 1917 3528 vehemen-

477 3545 628 3631 tiffimis
653 3547 804 3632 dudbm
832 3548 974 3632 colicis
1001 3545 1207 3632 doloribus
1238 3552 1444 3653 cruciato,
1475 3578 1645 3659 quorum
1670 3547 1769 3632 loco
1795 3550 1914 3660 erysi-

476 3658 584 3775 pelas
596 3659 748 3743 affulsit.
774 3661 930 3743 Caetera'
945 3659 995 3744 de
1012 3687 1157 3773 genere
1169 3663 1250 3746 hcc
1268 3661 1592 3774 reserielongius
1612 3661 1719 3744 foret
1729 3723 1743 3766 ,
1766 3661 1915 3776 quippe

477 3802 564 3884 qua:
576 3775 618 3854 iri
630 3769 814 3857 omnibus
830 3776 1008 3855 omnium
1026 3775 1230 3858 aucarum
1249 3771 1357 3856 libris
1382 3773 1576 3886 leguntur.
1602 3773 1719 3860 Diua
1735 3773 1809 3858 sint
1827 3776 1915 3862 hac

476 3911 522 3970 ut
548 3884 783 4008 erysipelatis
805 3911 927 3998 genus
951 3910 1068 3995 atque
1095 3885 1249 3970 causam
1304 3885 1461 3974 olltmus
1486 3883 1683 3972 hariolari.
1751 3987 1760 3998 η

481 4065 488 4074 .
533 3999 581 4082 In
600 4023 745 4112 genere
765 3998 863 4082 verb
882 3999 983 4082 inter
1010 3998 1173 4082 criticos
1196 3916 1468 4112 eryspelatum
1492 3995 1752 4111 peculiarium
1777 4023 1915 4084 motus

478 4109 715 4223 distinguunt
742 4111 935 4225 precipue
971 4109 1126 4194 Medici
1154 4109 1357 4238 erysipelas
1388 4111 1504 4196 faciei
1518 4174 1532 4217 ,
1575 4111 1727 4196 artrium
1740 4175 1753 4216 ,
1789 4138 1913 4220 atque
1930 4163 1950 4218 ·.

478 4219 733 4331 lumborum,
748 4253 832 4334 quae
847 4221 985 4308 ulunu
999 4221 1171 4335 species,
1190 4250 1234 4306 ut
1245 4251 1323 4330 yam
1336 4223 1531 4328 diximus,
1547 4226 1649 4308 inter
1662 4223 1913 4336 epidemicot

478 4330 645 4418 morbos
665 4333 970 4446 aliquandbjsuit
987 4361 1210 4446 numerata..
1229 4335 1335 4421 Cum
1355 4339 1454 4422 verb
1475 4339 1580 4442 varia
1601 4332 1773 4420 febribus
1795 4337 1914 4447 crysi-

479 4443 662 4558 pelatofis
676 4447 779 4561 apud
801 4451 978 4532 aublores
995 4449 1175 4561 imposua
1200 4451 1361 4532 nomina
1382 4449 1433 4532 ad
1457 4477 1530 4532 nos
1556 4477 1639 4532 non
1663 4452 1909 4563 pertincant,

348 4595 351 4600 ·
423 4565 443 4590 “’
478 4555 569 4640 satis
590 4561 665 4640 erit
686 4588 826 4642 eorum
851 4584 1027 4644 naturam
1056 4560 1221 4673 attigisse
1234 4622 1249 4667 ,
1279 4589 1355 4648 nec
1382 4559 1483 4644 ultra
1507 4565 1753 4650 curationem
1777 4562 1913 4675 prose·

481 4697 648 4780 quemur
661 4731 674 4772 ,
703 4695 933 4752 annotantes
953 4692 1083 4759 tamen
1109 4675 1236 4786 spuria
1260 4676 1393 4758 omnia
1419 4670 1487 4755 illa
1508 4672 1744 4758 variolarum
1769 4677 1913 4760 notha·

479 4811 567 4912 rum
588 4805 735 4978 genera
759 4791 842 4890 q'uae
856 4783 1011 4866 minias·
1028 4799 1166 4874 cautos
1194 4784 1389 4914 deludunt
1418 4793 1469 4868 δι’
1489 4785 1554 4898 spe
1584 4789 1734 4899 experti
1764 4793 1914 4880 veneni

477 4893 661 4986 varicosi
681 4890 782 4978 falso
799 4895 959 4982 securos
977 4893 1176 5006 reddunt,
1204 4898 1256 4988 ,ad
1280 4895 1517 5016 erysipelatis
1544 4924 1722 4994 uatuiaun
1749 4899 1885 4996 referri
1884 4959 1909 5100 ἰ,

986 5081 988 5084 ,
1763 5039 1882 5106 (30ssss
