4250 5898
675 426 1171 518 cornutis
1562 433 1647 542 th

207 581 313 671 ribus
340 583 384 674 tr·
410 617 461 675 ex
486 587 613 675 nostrl
637 591 841 680 substantid
869 586 952 679 non
985 591 1114 678 solum
1140 594 1279 676 vivunt
1294 653 1308 700 ‚
1337 589 1405 679 sed
1437 600 1646 710 propagari

208 699 444 786 viderentur.
1645 760 1650 778 ·

263 816 321 896 At
336 819 520 917 cimices,
534 815 707 928 pulices,
724 821 847 921 acati,
862 814 1006 925 blatta,
1024 817 1176 928 aliaque
1187 821 1315 900 ‘minhs
1327 820 1502 929 cognita,
1516 817 1647 908 forsan

210 929 327 1010 etiam
359 926 433 1010 alia
466 931 670 1040 incognita
701 932 843 1014 insecta
866 931 1049 1016 videntur
1081 933 1210 1044 primi)
1244 956 1377 1018 cutem
1405 931 1645 1042 perfodere,

205 1042 294 1154 tum
318 1037 451 1230 posteii
477 1040 679 1125 evidenter
700 1043 928 1156 sanguinem
951 1044 1166 1155 exfugunt,
1189 1047 1242 1127 ita
1269 1070 1313 1126 ut
1339 1046 1406 1151 qui
1433 1043 1646 1129 flavescens
1747 1045 1749 1050 ’

208 1156 250 1232 ὃ(
267 1178 315 1263 pe
334 1149 488 1236 lucidus
505 1179 588 1238 erat
601 1153 690 1238 ante
706 1159 853 1269 pastum
868 1160 999 1240 cimex
1006 1159 1127 1262 ,dhm
1141 1160 1223 1240 cuti
1236 1155 1424 1260 adheret,
1443 1151 1645 1262 rubescat,

208 1269 251 1346 dt
275 1261 383 1346 brevi
405 1289 554 1348 tumeat
579 1271 758 1350 omnino.
779 1272 816 1350 A
838 1266 1034 1381 pulicibus
1059 1296 1243 1352 nontam
1266 1269 1432 1382 pruriifis
1456 1270 1646 1379 importu-

207 1377 307 1459 nitas
324 1380 532 1483 metuitur‚
552 1378 671 1488 quim
689 1384 876 1494 punflura
896 1383 1122 1466 acutissima.
1150 1383 1205 1464 At
1225 1407 1427 1466 remanent
1446 1379 1648 1487 utriusque

205 1489 292 1600 post
313 1490 487 1574 morsum
507 1491 669 1576 macula
692 1493 909 1606 sanguineae
929 1496 1127 1600 rotundae,
1149 1493 1202 1577 ob
1220 1493 1479 1603 equalitatem
1503 1491 1646 1575 sui-{tio-

205 1602 265 1684 nis
276 1662 291 1706 ‚
310 1601 378 1685 sed
392 1601 544 1709 nullus,
566 1608 688 1690 autin
709 1606 890 1692 demorsa
910 1635 1044 1721 parte,
1069 1603 1135 1692 aut
1154 1609 1195 1690 in
1214 1606 1359 1692 vicinis
1378 1605 1509 1689 dolor.
1533 1603 1647 1688 Hinc

79 1823 84 1830 ι
207 1739 305 1826 ergo
332 1717 608 1828 importunitas
640 1717 790 1802 summa
804 1780 818 1824 ,
846 1717 1067 1832 periculum
1098 1717 1264 1802 nullum.
1294 1715 1441 1802 Talem
1471 1731 1647 1801 auertere

205 1828 384 1938 pestem,
415 1831 480 1911 hic
510 1825 625 1912 labor
652 1834 717 1916 est.
751 1833 858 1914 Nam
886 1833 1018 1918 sanare
1047 1834 1194 1916 inflista
1222 1829 1384 1916 vulnera
1418 1827 1562 1912 nullilis
1592 1833 1645 1913 est

201 1942 332 2052 pretii.
364 1939 485 2024 Certe
510 1939 695 2053 sulphure
722 1959 943 2051 necantur,
970 1954 1011 2029 ὅ(
1035 1940 1128 2028 dum
1160 1971 1320 2056 torpent
1344 1947 1510 2052 hyeme,
1539 1940 1645 2024 cited
1713 1992 1721 1998 -
1831 1988 1833 2003 ‹

200 2079 345 2136 eorum
367 2081 464 2159 ova,
481 2082 532 2138 ne
551 2053 829 2162 excludantur,
846 2055 994 2140 summd
1010 2055 1202 2139 munditie
1216 2053 1514 2141 allaborandum
1535 2087 1543 2134 ε
1564 2053 1653 2146 set-‚-

200 2193 351 2253 vorum
374 2196 468 2248 cura
494 2169 561 2272 sit,
590 2195 666 2250 nec
696 2168 889 2253 foramina
921 2167 1143 2279 relinquere
1171 2167 1302 2250 abdita
1317 2230 1331 2273 ‚
1366 2195 1441 2250 nec
1478 2163 1644 2276 stragula

202 2303 274 2360 aut
301 2279 520 2389 crepidines
546 2276 749 2366 ,laetorum
781 2280 1044 2392 negligentiis
1080 2283 1262 2384 tranare,
1297 2282 1457 2362 vernice
1485 2287 1526 2360 dt
1555 2281 1644 2390 pig*

199 2415 343 2472 mento
366 2394 608 2498 niastychino
635 2396 770 2473 omnia
799 2391 995 2476 obturare.
1023 2390 1123 2474 Haec
1149 2394 1260 2482 eninrv
1283 2393 1416 2472 omnia
1432 2389 1531 2478 ,dum
1554 2417 1645 2500 per·
1762 2399 1763 2406 ‘

198 2527 368 2616 petuum
386 2500 593 2585 cimicibus
610 2499 762 2585 bellum
776 2502 970 2610 inserunt,
990 2531 1060 2588 eos
1075 2503 1235 2586 tandem
1250 2504 1416 2584 omnino
1433 2501 1642 2599 destruunt.

261 2612 343 2696 Sed
368 2643 452 2696 non
478 2614 527 2696 ad
552 2642 690 2698 omnes
716 2615 824 2725 aque
848 2619 973 2729 potest
996 2618 1079 2698 hac
1104 2645 1197 2698 cura
1222 2618 1472 2729 pertingere3
1499 2642 1643 2726 paupe-

197 2727 328 2810 riores
341 2787 355 2833 ,
386 2734 595 2839 &pueros
622 2727 735 2839 sortis
762 2731 951 2810 tenuioris
979 2731 1020 2832 in
1043 2725 1224 2840 collegiis
1252 2752 1517 2840 congregatos
1544 2725 1642 2839 sape

199 2839 360 2924 inseetis
384 2838 492 2924 hisce
515 2839 706 2954 perfossos
729 2840 875 2924 videas.
901 2840 978 2924 His
998 2839 1094 2954 saepe
1115 2839 1199 2945 jure
1223 2866 1471 2954 apponuntur
1491 2835 1643 2920 cuban-

191 2948 308 3036 tibus
330 2950 479 3056 herbae‚
506 2982 600 3062 quas
623 2956 785 3037 cimices
808 2954 901 3037 dum
920 2952 1007 3067 plus
1027 2954 1213 3066 sanguine
1235 2957 1409 3035 humano
1429 2977 1616 3064 appetunt
1622 2992 1646 3056 ,·

193 3091 344 3148 eorum
364 3063 641 3177 derelinquunt
666 3097 738 3149 cor
768 3096 848 3152 ora.
880 3065 970 3150 Haic
992 3069 1147 3150 virtute
1164 3063 1317 3180 pollere
1344 3063 1527 3147 dicuntur
1548 3067 1642 3176 pha-

190 3172 337 3281 seoli‚
373 3175 606 3291 atriplices‚
642 3097 844 3283 braidcae,
886 3178 1046 3288 aliaeque
1079 3176 1303 3285 hujusmodi
1341 3174 1478 3290 plante
1495 3237 1509 3280 ,
1545 3205 1674 3294 quas*

190 3291 372 3402 experiri
388 3290 484 3400 quid
496 3297 630 3375 vetat?
649 3290 772 3375 Multi
789 3293 876 3376 funt
893 3295 935 3374 in
951 3293 1058 3374 hisce
1079 3295 1135 3376 rei
1155 3291 1505 3375 medicamentariae
1523 3287 1641 3400 scrip-

192 3429 325 3488 tores.
353 3401 439 3486 Res
464 3407 561 3486 mihi
588 3404 639 3488 de
666 3403 773 3489 foliis
795 3404 972 3518 phaseoli
995 3431 1102 3488 certa
1119 3404 1200 3488 visa
1224 3407 1289 3487 est.

257 3511 390 3622 Quod
419 3516 469 3601 de
495 3515 703 3602 cimicibus
725 3519 890 3618 dicitur,
921 3547 1003 3600 non
1026 3521 1087 3599 ita.
1106 3517 1157 3600 de
1188 3513 1385 3628 pulicibus
1415 3510 1642 3598 saltantibus

187 3625 279 3712 illis
305 3655 445 3710 verum
472 3629 534 3711 est.
565 3630 646 3713 Sed
675 3630 825 3713 sumine
855 3628 1125 3714 interdicenda
1153 3658 1246 3711 cum
1274 3624 1425 3712 catellis
1456 3655 1651 3721 commu-=

189 3742 377 3844 nicaeo,
395 3765 461 3822 aut
475 3738 705 3824 animalibus
723 3741 944 3826 domesticis
964 3771 1047 3851 quae
1067 3740 1175 3824 hisce
1189 3729 1341 3824 in‘settis
1357 3739 1530 3848 undique
1548 3766 1640 3821 con·

187 3855 350 3966 quifitis
376 3879 446 3964 per
473 3854 637 3944 aestatem
664 3853 825 3938 scatent.
859 3855 988 3938 Unica
1010 3855 1056 3940 fit
1079 3857 1120 3936 in
1145 3852 1253 3938 hisce
1272 3851 1441 3940 vitandis
1472 3848 1609 3962 regula
1620 3862 1639 3957 3

184 3964 438 4050 munditiem
461 3964 611 4049 servare
636 3967 876 4076 exquisitam.

249 4082 411 4162 Acarus
428 4079 723 4162 minutissimum
744 4107 793 4164 ex
812 4077 1027 4164 visibilibus
1047 4079 1190 4166 animal
1211 4081 1293 4165 cuti
1315 4078 1455 4189 pariter
1475 4075 1637 4182 insidet,

185 4194 235 4276 in
263 4188 346 4300 qul
365 4189 506 4274 oculos
524 4190 650 4304 fugit,
674 4197 864 4305 pruritum
890 4185 1023 4277 tamen
1047 4198 1210 4298 incitat,
1239 4199 1280 4274 ἃ
1301 4188 1474 4270 morsum
1496 4191 1639 4300 infligit

182 4334 285 4388 non
312 4302 414 4386 adeb
436 4303 696 4418 spernendum
720 4309 816 4414 quin
841 4307 1038 4389 sentiatur.
1064 4306 1153 4387 Sed
1177 4307 1245 4387 vix
1268 4330 1442 4412 unquam
1467 4299 1654 4410 aliquam.

180 4441 376 4502 meretur
391 4421 672 4522 attentionem,
685 4443 731 4499 ut
748 4426 789 4500 &
809 4415 957 4521 blattae,
971 4415 1058 4529 plus
1069 4414 1237 4500 vestibus
1256 4413 1373 4524 quirin
1390 4415 1472 4497 cuti
1489 4415 1640 4496 incom-

180 4527 362 4626 modae3
386 4557 469 4636 qua
485 4553 617 4614 tamen
639 4531 773 4613 omnia
794 4529 936 4612 insessa
959 4528 1102 4613 alfidufr
1117 4528 1320 4631 friftione‚
1347 4522 1518 4632 balneo,
1543 4533 1584 4608 ὃ(
1609 4527 1638 4609 n

180 4637 341 4760 pejora
362 4640 435 4722 sint
447 4700 461 4744 ,
483 4638 667 4754 sulphure
682 4640 865 4754 fugantur
884 4638 1002 4724 illito.
1032 4644 1161 4747 Nam,
1182 4666 1226 4724 ut
1248 4637 1342 4723 alibi
1366 4639 1511 4722 dissum
1533 4639 1608 4721 suit
1619 4699 1637 4744 ,

180 4753 246 4839 ad
270 4754 410 4834 omnia
428 4753 663 4836 infestorum
685 4781 829 4866 genera
849 4756 973 4840 cutim
999 4753 1214 4838 obsidentia
1239 4749 1296 4835 nil
1321 4749 1459 4835 melius
1481 4752 1638 4834 confert

166 4861 734 4978 ‚illinitionibusflsulphureis
766 4869 868 4954 Sunt
889 4893 1022 4954 tamen
1045 4871 1163 4952 etiam
1186 4864 1299 4974 hujus
1311 4866 1474 5061 generis
1496 4863 1636 4947 insana

1110 5023 1114 5030 ,
1361 5005 1457 5061 ccc
