4166 5908
485 413 570 512 326
924 396 1030 485 DE
1100 391 1464 522 MORBIS

485 573 529 649 δι
551 591 634 674 quae
657 563 772 648 mani:
794 570 835 648 ὅ(
859 563 946 647 fetb
971 559 1148 677 legitimi
1174 559 1331 657 aliundb
1359 554 1507 642 servata
1534 553 1645 642 diets
1670 555 1924 646 exhibentur.

539 677 689 762 Verum
723 706 772 760 ne
802 682 841 760 in
874 704 1050 759 errorem
1076 676 1279 778 videamur
1308 671 1574 784 imprudentes
1607 677 1925 788 &pauperioris

403 795 412 808 '
485 791 695 904 prasertim
710 792 822 872 sortis
842 791 1024 873 homines
1040 791 1250 892 inducere,
1266 788 1447 898 supplent
1460 787 1565 889 hac,
1586 786 1669 866 imo
1690 785 1820 870 forsan
1837 791 1926 872 effi·

486 903 597 986 cacis
616 908 781 987 vincunt
799 900 948 1006 juscula
969 933 1051 1012 qua:
1069 927 1117 985 ex
1139 896 1415 1009 ichthyocollit
1436 900 1476 978 in
1494 901 1746 1012 mucaginem
1767 901 1923 986 redatld

486 1019 765 1098 conficiuntur.
788 1013 883 1211 (gui
901 1013 1104 1098 substantii
1118 1013 1251 1095 viliori
1273 1011 1381 1094 &ad
1403 1007 1621 1092 culinarum
1641 1001 1795 1094 fumuin
1815 1012 1924 1098 able-

437 1205 444 1216 .
487 1127 576 1242 gatti
586 1189 601 1232 ,
615 1128 744 1209 forsan
759 1160 810 1224 nu
845 1128 990 1211 adatut
1006 1129 1208 1242 potentior
1219 1121 1421 1208 substantia
1434 1123 1482 1204 ad
1497 1122 1738 1206 mitificanda
1750 1123 1922 1240 lymphae

486 1243 648 1322 acrioris
669 1244 880 1353 principia,
908 1250 948 1324 ὅ(
968 1271 1050 1350 qua:
1066 1241 1190 1356 potest
1212 1234 1396 1319 omnibus
1407 1297 1419 1342 ,
1439 1232 1505 1318 vel
1522 1234 1861 1347 famigeratifsrmis
1879 1245 1922 1324 in

485 1357 593 1434 hunc
608 1353 720 1434 usum
734 1354 916 1438 remediis
931 1357 1139 1467 anteponi,
1155 1351 1280 1433 modb
1295 1378 1377 1432 non
1391 1347 1507 1462 pareri
1523 1346 1606 1430 dofi
1618 1345 1719 1432 intrit
1734 1352 1922 1438 humores

483 1464 768 1552 introducatur.
820 1523 827 1536 ·
1499 1517 1503 1522 ·

543 1577 692 1660 Forsan
725 1608 869 1688 quares
886 1640 900 1685 ,
935 1609 983 1662 an
1017 1605 1082 1661 me
1111 1607 1155 1662 ea
1183 1574 1406 1690 simplicitas
1438 1571 1661 1656 obsttidium
1693 1600 1855 1682 teneat,
1878 1605 1922 1662 ut

487 1689 647 1774 credam
663 1689 1085 1776 lenioribusleniotem
1096 1691 1259 1802 chylum
1272 1691 1442 1793 confici,
1460 1689 1563 1797 quast
1583 1683 1717 1770 omnia
1733 1692 1920 1774 coctione

487 1834 571 1886 non
593 1812 821 1888 mutentur?
850 1807 971 1915 Quaft
992 1803 1232 1888 vifcidorum
1254 1801 1533 1885 alimentorum
1551 1798 1715 1912 gluten,
1736 1801 1824 1885 vasa
1841 1801 1921 1888 lac-

488 1943 552 2000 tea
576 1941 727 2000 tranare
751 1919 899 2029 polhti
923 1916 1097 2000 Fatebor
1120 1915 1220 1999 nihil
1242 1913 1364 2026 chylo
1391 1913 1492 1996 bene
1517 1917 1635 1996 cotio
1661 1912 1843 2021 dulcius,
1865 1915 1920 2000 nil

488 2025 682 2138 aequalius.
712 2031 768 2110 At
787 2029 808 2111 ὲ
829 2033 1028 2142 principiis
1048 2028 1149 2113 bend
1165 2031 1389 2142 temperatis
1409 2030 1566 2138 exurgit
1583 2025 1716 2134 liquor
1733 2025 1920 2114 facultate

407 2179 415 2194 ·
488 2138 615 2224 dulcis
631 2203 645 2246 ,
677 2139 894 2253 glutenque
919 2142 1042 2224 saliva
1072 2169 1187 2252 atque
1217 2141 1343 2224 succis
1371 2143 1668 2223 recrementitiis
1695 2138 1921 2227 imbibitum

487 2262 530 2334 ὁ(
555 2257 817 2334 commixtum
839 2255 977 2336 intime
988 2316 1003 2359 ,
1028 2258 1285 2338 acrimoniam
1309 2251 1508 2352 retundit;
1531 2254 1608 2336 five
1629 2251 1731 2336 intri
1755 2251 1918 2340 cellulas

487 2365 1053 2470 infmuetfese,f1vevenatum
1069 2366 1277 2451 lastearum
1294 2365 1509 2447 maandtos
1523 2363 1676 2448 acribus
1691 2368 1917 2480 impervios,

487 2476 644 2590 patulos
663 2475 844 2562 dulcibus
864 2477 1077 2562 substantiis
1094 2478 1221 2563 valeat
1245 2491 1473 2594 penetrare,
1500 2479 1577 2560 srve
1599 2475 1759 2560 dembm
1780 2508 1920 2564 nervo-

487 2619 575 2669 rum
600 2594 792 2703 pruritum
819 2599 860 2672 &
886 2590 1153 2676 titillationem
1181 2591 1374 2676 obtundat
1399 2617 1563 2673 externo
1583 2593 1722 2695 tadu,
1755 2593 1920 2704 perinde

488 2705 540 2785 est
552 2765 565 2808 ,
587 2703 712 2786 modo
733 2707 911 2786 omnium
932 2709 1042 2787 omni
1065 2735 1149 2787 avo
1173 2701 1669 2788 Medicorum'obfervatio
1689 2701 1921 2790 facultatem

486 2817 684 2898 horumce
707 2817 1087 2900 medicamentorum
1108 2819 1356 2902 demonstret.

483 3013 486 3019 ,
542 2929 691 3010 Vetdm
712 2932 798 3010 rato
823 2927 896 3013 hac
914 2929 996 3013 soli
1016 2957 1295 3044 ptaeparantum
1311 2929 1577 3014 remediorum
1592 2925 1921 3015 administratione

485 3038 665 3121 sanantur
686 3043 755 3123 her
783 3067 884 3148 etes,
904 3044 973 3125 nih
989 3045 1133 3128 fuerint
1147 3047 1336 3157 contagio
1353 3045 1564 3146 contradi,
1588 3067 1786 3146 recentes,
1803 3042 1922 3127 adeo

488 3179 566 3260 que
588 3151 709 3236 leves.
739 3072 923 3266 gorpote
948 3163 1046 3270 ergo
1072 3155 1177 3240 belle
1205 3183 1415 3272 praparato
1444 3155 1609 3268 superest
1634 3155 1804 3236 maxima
1834 3184 1921 3270 pars

487 3267 544 3346 rei
574 3266 806 3378 peragenda.
838 3267 1138 3353 Affimilandum
1158 3266 1235 3374 jam
1256 3272 1392 3353 nostris
1412 3269 1566 3374 succis,
1588 3266 1821 3349 mutandum
1842 3297 1922 3352 om·

488 3380 608 3484 nino,
631 3404 697 3460 aut
715 3377 994 3493 expellendum
1016 3385 1068 3465 est
1085 3387 1190 3467 virus
1214 3385 1472 3496 herpeticum.

543 3489 792 3576 Humoribus
814 3493 912 3576 fanis
931 3498 1110 3610 corporis
1128 3499 1288 3579 humani
1302 3500 1407 3579 virus
1427 3493 1527 3578 illud
1548 3497 1602 3577 ita
1624 3492 1851 3599 assimilare,
1876 3521 1921 3580 ut

486 3599 563 3710 jam
591 3605 686 3686 fluat
711 3601 913 3715 innocue,
937 3611 988 3691 eb
1015 3613 1137 3722 magis
1163 3609 1471 3722 desperandum,
1506 3611 1586 3718 quo
1617 3606 1921 3690 demonstratum

486 3719 612 3828 magis
639 3719 690 3799 est
718 3715 830 3799 illum
856 3747 905 3802 ex
932 3721 1103 3834 partibus
1131 3721 1299 3836 lympha
1329 3723 1635 3806 excrementitiis
1664 3723 1840 3804 conflari.
1873 3721 1921 3804 Id

486 3835 638 3912 tantum
659 3829 738 3944 spei
758 3830 945 3944 superest,
967 3861 1012 3916 ut
1027 3836 1093 3918 vel
1115 3835 1289 3919 {rnaturd
1307 3833 1544 3950 expellatur,
1568 3831 1634 3917 vel
1658 3836 1748 3920 artis
1767 3831 1920 3918 auxiliis

486 3945 643 4054 ptorshs
664 3943 889 4028 extrudatur
908 3944 930 4028 ὲ
951 3976 1133 4060 corpore.

541 4056 700 4137 Natura
731 4057 770 4138 in
799 4057 1031 4142 humoribus
1062 4059 1139 4165 jam
1168 4091 1283 4148 corru
1315 4063 1362 4142 tis
1395 4062 1510 4143 inerti
1547 4063 1682 4172 pariam
1718 4057 1923 4140 fidendum

488 4167 567 4267 eli,
597 4170 665 4247 nist
684 4195 814 4252 tamen
833 4171 954 4254 causat
971 4177 1234 4288 corruptionis
1251 4091 1380 4256 adhuc
1397 4168 1504 4255 leves
1520 4235 1533 4276 ,
1557 4200 1626 4286 per
1645 4173 1734 4254 artis
1751 4171 1923 4286 presidia

488 4279 752 4389 attingantur,
783 4309 827 4364 ut
855 4285 896 4365 in
928 4287 1121 4370 methodo
1153 4317 1249 4370 mox
1281 4283 1456 4400 expofttb
1483 4285 1627 4370 fabium
1642 4347 1657 4390 ,
1689 4311 1755 4366 aut
1785 4289 1926 4367 omnia

490 4415 572 4494 quae
601 4420 838 4477 concurrere
862 4397 910 4480 ad
938 4398 1030 4482 mali
1058 4400 1357 4514 produflionem
1386 4423 1626 4513 potuerunt,
1653 4395 1926 4480 eliminentur.

544 4502 787 4586 Vertendum
815 4505 941 4590 folum
954 4573 969 4616 ,
998 4515 1122 4596 vittus
1144 4513 1278 4597 durior
1305 4512 1580 4614 instituendus,
1602 4507 1759 4594 labores
1778 4511 1834 4591 ita
1855 4540 1928 4594 au-

487 4612 605 4806 gendi
625 4641 668 4696 ut
684 4617 731 4698 ad
746 4646 965 4703 extremum
981 4623 1203 4728 deducant;
1221 4637 1262 4711 ὃ(
1283 4626 1310 4707 fr
1328 4623 1392 4708 Cl.
1410 4625 1496 4706 Van
1517 4624 1690 4707 Suieten
1710 4622 1927 4730 credatur,

517 4724 563 4808 be
588 4729 780 4812 methodo
801 4729 909 4816 luem
929 4735 1050 4848 ipsam
1071 4767 1279 4824 veneream
1299 4741 1460 4932 prorshs
1488 4735 1512 4819 ὲ
1537 4763 1708 4848 corpore
1730 4733 1770 4819 se
1796 4739 1929 4848 profi-

487 4865 590 4926 tetur
606 4837 846 4944 eliminass03
870 4851 1017 4957 quanto
1037 4856 1160 4965 magis
1176 4855 1282 4939 idem
1315 4847 1530 4964 perandum
1547 4854 1599 4937 est
1619 4848 1668 4932 de
1690 4847 1931 4966 herpetibus
