4246 5900
529 349 1253 478 ruraooucrro
1411 278 1427 304 .
1564 385 1620 466 ῳ,

190 517 357 608 redeunt
377 515 449 602 fibi
472 517 697 633 parallelas,
717 519 812 602 dum
833 522 875 602 in
896 515 1207 634 quibuscumque
1220 515 1336 607 sulcis
1352 517 1477 605 latent·
1490 519 1615 624 oculo

190 634 362 716 acutiori
388 661 472 714 non
493 634 680 746 impervia
701 631 894 716 foramina
921 627 1061 741 quibus
1087 628 1280 715 obversrm
1307 628 1616 736 incumbunt&

190 743 446 826 inoculantur
492 741 625 856 apillae
650 771 811 828 nerveae.
836 745 901 826 An
929 739 1028 826 illud
1051 740 1182 826 voluit
1203 744 1349 858 sapiens
1378 769 1540 851 natura,
1569 763 1615 830 ut

191 853 347 970 papilla
363 853 438 938 illae
449 773 608 940 illorum
618 854 919 939 defenderentur
934 883 1012 1048 ope
1024 851 1347 940 monticulorum.
1359 855 1480 942 Certe
1493 859 1616 942 struc-

189 993 283 1060 tura
302 969 383 1051 hac
401 953 511 1052 nulli
533 972 574 1050 in
595 965 670 1052 alii
689 971 788 1052 eutis
808 993 957 1082 parteo
986 968 1168 1052 servatur.

270 1079 407 1164 Multa
422 1077 500 1162 alia
516 1079 692 1162 nondum
716 1079 862 1164 detexit
881 1079 1056 1191 sagacior
1076 1083 1405 1164 Anatomicorum
1421 1081 1614 1166 industria.

191 1191 283 1274 Cur
321 1225 362 1276 v.
395 1225 436 1304 g.
464 1219 542 1275 tam
562 1189 677 1274 facile
704 1217 893 1302 tantoque
916 1194 1064 1306 impetu
1087 1193 1266 1276 nascatur
1292 1194 1333 1274 in
1366 1191 1504 1304 plantis
1532 1223 1615 1390 pe-

192 1304 296 1386 dum
327 1303 535 1410 titillatio,
573 1330 664 1388 cute
692 1301 869 1414 ahoquin
904 1311 1039 1420 pariam
1075 1301 1268 1410 sensibili,
1297 1331 1344 1386 ea
1373 1331 1503 1390 autem

192 1414 308 1497 nulla
334 1419 379 1498 in*
406 1413 506 1498 tibia
537 1414 630 1499 suris
659 1415 873 1524 sentiatur,
909 1425 951 1500 'dt
986 1420 1179 1501 excitetur
1215 1413 1451 1527 difficillime
1483 1424 1496 1503 f
1532 1419 1616 1502 lsrc

196 1523 571 1627 causasinvolucro
603 1528 675 1612 suo
708 1533 807 1641 tegit
841 1555 1001 1635 natura,
1037 1530 1197 1614 effeetus
1222 1530 1309 1612 srnit
1330 1527 1465 1614 videri.
1581 1536 1591 1556 ‘

270 1639 469 1747 Quamvis
489 1665 619 1724 autem
654 1649 696 1724 bt
722 1645 890 1727 instituta
910 1666 1052 1726 natura
1073 1641 1169 1756 sape
1192 1639 1360 1747 lateant,
1384 1643 1468 1724 imb
1494 1649 1534 1726 bt
1560 1645 1619 1728 in·

197 1749 302 1834 stmae
321 1749 587 1836 diverfitatum
604 1757 645 1836 in
666 1751 814 1839 fabricis
838 1755 957 1839 causae
985 1785 1066 1838 non
1101 1759 1298 1861 eniteant,
1326 1751 1464 1850 leviter
1485 1751 1620 1844 tamen

199 1889 283 1946 rem
296 1863 418 1975 ipsam
444 1863 581 1948 licebit
595 1867 798 1979 persequi;
815 1874 858 1950 δι
884 1867 1044 1978 quidem
1059 1871 1182 1983 prima
1198 1866 1238 1952 se
1257 1867 1373 1950 faciei
1390 1869 1529 1952 cutiss
1549 1869 1621 1952 ecss

201 1973 369 2058 rantibus
392 2007 511 2086 quam
536 1982 647 2062 vario
671 1979 894 2093 speslaculo
918 1977 1067 2086 objicit.
1096 1980 1262 2082 Haecin
1275 1975 1478 2087 juvenibus
1491 2045 1505 2087 ,
1523 1901 1620 2067 licit
1704 1987 1709 1998 ’

203 2085 250 2172 ab
271 2086 416 2172 offibus
446 2089 616 2174 sormam
640 2119 874 2198 mutuetur,
903 2096 957 2176 ita
988 2090 1035 2176 ab
1071 2093 1183 2207 adipe
1208 2093 1431 2206 supposito,
1462 2102 1502 2177 bt
1530 2094 1620 2209 apte

207 2200 386 2315 disposito
413 2201 559 2286 formas
585 2234 706 2288 novas
745 2209 923 2319 accipit,
962 2231 1008 2288 ut
1031 2201 1230 2318 splendidi
1268 2208 1388 2289 niteat
1409 2205 1621 2317 undique,

207 2321 248 2400 ὃ(
270 2310 427 2412 levibus
452 2314 588 2398 sormae
615 2315 832 2422 illecebris,
849 2314 1094 2429 regularique
1108 2315 1436 2402 lineamentorum
1452 2317 1621 2434 posrturi

207 2423 348 2509 blande
370 2426 497 2510 visum
523 2454 665 2541 captet.
687 2431 745 2512 Ea
764 2457 896 2513 tamen
922 2439 964 2514 dt
986 2433 1157 2513 nitorem
1182 2428 1318 2536 illum,
1345 2438 1386 2514 bc
1414 2427 1622 2524 laevitatem

210 2567 255 2625 ac
275 2537 500 2624 suavitatem
522 2539 707 2626 colorum
730 2544 957 2655 aptissimam
975 2546 1114 2654 partim
1139 2540 1259 2626 debet
1274 2543 1471 2658 supposito
1498 2551 1624 2634 textui

209 2649 411 2756 cellulari,
448 2657 489 2736 in
516 2682 568 2763 qu
627 2653 744 2766 adeps
781 2654 915 2734 durior
948 2661 989 2736 bt
1015 2653 1299 2736 confertiffimae
1326 2652 1477 2737 cellula
1502 2657 1626 2762 sunt,

207 2769 343 2880 partim
368 2769 485 2847 etiam
499 2683 724 2850 tendinibus
744 2795 791 2848 ac
811 2759 1041 2846 musculosrs
1063 2759 1233 2876 partibus
1253 2790 1340 2845 eam
1358 2744 1625 2854 subeuntibus.
1750 2795 1755 2800 ·

207 2883 264 2962 At
281 2881 322 2960 in
342 2876 584 2984 senioribus,
606 2876 673 2960 ubi
701 2880 844 2962 aruerit
878 2872 1075 2959 cellularis
1103 2899 1260 2981 textus,
1293 2872 1361 2958 ubi
1385 2877 1426 2958 in
1445 2873 1485 2960 se
1507 2904 1626 2962 retra·-

208 2993 350 3080 buntur
373 2999 414 3072 bt
439 2987 516 3095 jam
530 3021 612 3077 non
629 2988 724 3073 fulsi
732 2991 921 3074 decidunt
936 2985 1103 3072 musculi
1111 3050 1127 3093 ‚
1142 3015 1240 3098 quot
1254 3018 1355 3102 rugae
1365 3050 1379 3093 ,
1374 3016 1496 3184 ssquot
1509 2989 1624 3100 sulci,
1646 3005 1650 3012 '

209 3129 308 3212 quot
329 3131 424 3185 areae
448 3107 490 3184 in
512 3107 683 3186 minores
708 3103 956 3211 minoresque
978 3131 1024 3184 ac
1051 3099 1209 3184 tandem
1232 3103 1371 3184 minuti
1402 3133 1497 3186 unas
1523 3103 1624 3190 divi-

198 3215 254 3308 ,sae
289 3219 452 3329 pristina
480 3213 634 3301 fabrica
666 3213 862 3308 cellulosae
886 3244 969 3298 non
994 3211 1111 3323 dubia
1137 3212 1309 3329 produnt
1332 3214 1489 3300 indicia.
1516 3215 1625 3301 Inte-

211 3327 474 3442 reiplurimae
496 3331 605 3412 hiant
629 3329 677 3412 ad
704 3326 904 3443 palpebras
929 3323 1119 3440 glandula:
1144 3357 1237 3436 quas
1257 3323 1437 3411 sebaceas
1456 3326 1626 3442 appellat

210 3441 469 3554 Morgagnus.
497 3439 593 3524 Aliae
629 3442 716 3524 sunt
742 3439 946 3526 conoideae
979 3439 1148 3544 sormae,
1184 3439 1314 3553 plures
1339 3439 1387 3522 ad
1416 3437 1493 3522 alas
1521 3441 1625 3546 nasr,

213 3582 376 3663 quarum
397 3559 616 3637 excretoria
626 3615 639 3658 ,
659 3557 865 3667 nigricanti
881 3555 1025 3666 punito
1042 3552 1225 3662 insignia,
1251 3554 1351 3634 cutis
1366 3549 1536 3636 albedini
1552 3582 1627 3635 no-

214 3695 306 3749 vum
336 3693 386 3751 ex
410 3669 658 3780 oppositione
689 3668 821 3750 afflant
852 3664 1112 3777 splendorem.
1148 3665 1260 3774 Quid
1289 3662 1370 3805 jam
1399 3693 1628 3752 moneamus

204 3777 403 3864 'diversam
429 3781 506 3864 esse
541 3781 705 3862 omninb
733 3782 833 3862 cutis
868 3775 1053 3890 capillata
1076 3775 1264 3861 fabricam
1287 3809 1309 3860 a
1335 3774 1484 3888 reliqui
1508 3781 1630 3862 totius

216 3893 395 4004 eorporis
410 3919 500 3974 cute
515 3899 528 3973 i
544 3891 656 4001 Quid
670 3922 828 4005 agamus
841 3889 891 3974 de
903 3887 1028 3972 barba
1042 3889 1162 3975 virilis
1175 3889 1303 3975 bulbis
1319 3921 1401 4000 qua
1413 3953 1427 3994 ‚
1442 3917 1486 3972 ut
1499 3889 1631 3976 mulie·

218 4003 320 4088 ribus
339 4003 497 4106 desunt,
511 4009 564 4088 ita
581 4033 645 4089 eas
663 4003 872 4118 *aplurimis
889 4007 1066 4086 eximunt
1080 4001 1228 4086 morbis
1244 4009 1331 4114 fAt
1348 3999 1485 4112 axilla,
1503 4007 1631 4118 ingui-

219 4145 268 4198 na
280 4179 294 4220 ,
308 4113 410 4198 labia
418 4114 569 4221 vulxae,
585 4120 812 4231 praeputium
827 4145 958 4201 nonne
979 4113 1093 4197 aliam
1110 4119 1228 4200 etiam
1253 4111 1323 4196 fibi
1344 4116 1443 4196 cutis
1462 4115 1630 4202 formam
1678 4119 1686 4126 “

219 4229 442 4333 vindicant,
466 4229 488 4310 a
508 4228 582 4339 qui
600 4228 755 4314 exhalat
781 4233 948 4336 humor,
964 4227 1059 4341 sape
1077 4228 1223 4347 foer-ore
1245 4229 1396 4350 gravis,
1421 4227 1631 4338 aliquandi>

220 4342 435 4444 inodorus,
451 4367 515 4424 aut
527 4343 553 4424 sr
567 4341 616 4426 de
627 4341 853 4424 Alexandro
867 4367 1012 4454 magno
1025 4346 1067 4420 δι
1081 4338 1246 4442 CuJacio
1254 4341 1527 4446 jurisconsulto
1545 4373 1631 4428 cre-

226 4452 314 4538 dere
330 4457 386 4538 fas
397 4455 448 4536 est
459 4518 475 4561 ,
487 4455 657 4568 fragrans
674 4485 720 4539 ac
744 4454 870 4547 rosam
887 4452 1042 4566 spirans.
1058 4451 1133 4536 His
1151 4452 1333 4539 onuribus
1353 4457 1393 4534 in
1410 4452 1511 4536 locis
1528 4455 1634 4539 solli-

227 4566 717 4682 culi‚cryptae,caveae,vasa
727 4570 871 4652 hiantia
881 4566 1017 4652 diversi
1029 4567 1154 4673 modi,
1165 4598 1269 4653 nunc
1280 4568 1546 4652 intestinorum
1561 4572 1635 4672 for-

227 4709 330 4762 mam
350 4680 563 4784 exhibent,
579 4711 683 4767 nunc
704 4686 814 4766 instar
837 4684 978 4767 vermis
992 4687 1032 4764 in
1059 4685 1181 4765 varias
1197 4681 1342 4764 sormas
1370 4677 1632 4792 replicantur,

228 4822 320 4906 quas
342 4793 409 4882 vel
433 4790 564 4878 morbi
586 4796 822 4916 prodidere,
850 4793 915 4882 vel
933 4791 1160 4902 injebliones
1181 4794 1378 4990 edocubge
1402 4803 1443 4880 bt
1471 4797 1637 4894 diversas

1381 4940 1406 5016 ¹1

1548 1305 1615 1391 ere
1723 1299 1740 1314 ”
