4246 5900
240 1887 271 1952 t.
294 1879 356 1948 v1.

157 1955 205 2018 De
230 1968 339 2028 retentis
363 1973 391 2028 ᾱ
485 2005 494 2024 .

159 2046 285 2108 exerens.

420 379 490 492 ¹4⁶
693 367 791 454 ne
840 363 1138 464 morters
1189 363 1601 456 curnunrs.

430 530 681 640 acredinem,
706 561 773 618 aut
795 533 987 617 summam
1008 530 1357 640 addensationem‚
1383 535 1489 618 varia
1511 529 1678 618 aderunt
1701 543 1871 618 concre'd

429 672 564 730 menta
579 643 748 762 lymphae
764 648 944 762 pefflma,
967 675 1050 756 φιτ
1064 644 1183 730 facile
1202 644 1402 741 haerebunt
1415 651 1457 730 in
1470 645 1691 761 glandulis,
1711 645 1778 731 vel
1795 642 1868 728 sub

428 755 560 845 sormi
595 789 643 845 ac
676 760 808 876 specie
839 756 1097 870 scrophulosi
1130 757 1299 844 scirrhos
1331 757 1414 872 lym
1444 763 1631 868 haricos,
1670 767 1713 846 dt
1753 757 1869 844 labiis

429 871 673 958 tumentibus
693 903 739 958 ac
760 874 889 982 duris,
909 868 1043 957 ulcera
1062 873 1244 957 efficiunt
1260 791 1464 958 retorridi.
1490 873 1603 989 Saepe
1619 870 1694 956 illae
1715 873 1766 958 de
1783 876 1868 984 qui-

429 982 504 1070 bus
521 984 723 1099 loquimur
736 982 889 1101 pustulae
903 1009 1036 1070 totum
1049 979 1119 1100 per
1134 1015 1281 1070 annum
1294 985 1473 1094 saeviunt,
1487 986 1623 1102 sepius
1633 1013 1727 1074 vere
1741 1014 1868 1072 recru-

431 1099 597 1185 descunt
608 1162 623 1207 ,
646 1104 768 1184 estate
788 1095 842 1183 ob
864 1098 1058 1182 summam
1080 1098 1404 1214 perspirationem
1423 1099 1619 1207 evanidae,
1644 1103 1788 1211 hyeme
1811 1099 1867 1183 ob

429 1211 553 1326 frigus
577 1221 619 1298 dt
642 1216 851 1312 stricturam
867 1215 971 1297 cutis
994 1216 1166 1325 impotes
1190 1211 1410 1326 assurgere3
1432 1214 1543 1296 verni
1560 1214 1658 1298 veri>
1676 1217 1869 1328 temporie

428 1323 500 1408 sub
524 1324 641 1433 auri,
666 1355 746 1436 quo
764 1353 945 1440 tempore
961 1327 1096 1408 omnia
1113 1321 1161 1408 ab
1175 1325 1320 1437 hyeme
1335 1325 1632 1439 expanduntur,
1655 1323 1731 1409 illae
1747 1329 1869 1412 eriam

430 1437 536 1522 male
550 1439 671 1524 feraci
685 1465 880 1554 proventu
897 1438 1178 1538 efflorescunt3
1193 1436 1318 1550 vulgo
1334 1463 1424 1523 ante
1441 1437 1643 1522 decimum
1656 1438 1698 1523 se
1726 1442 1869 1524 timum

430 1555 549 1636 artatis
574 1581 719 1636 annum
746 1576 957 1671 erumpunt
977 1548 1133 1667 pustulae
1154 1548 1230 1634 illae
1252 1547 1472 1656 juveniles,
1499 1556 1542 1633 dt
1566 1553 1654 1635 rari)
1674 1469 1776 1668 dira
1796 1556 1869 1636 tri-

430 1664 621 1778 gefimum
649 1664 848 1752 caelibatfis
877 1695 1024 1750 annum
1053 1663 1346 1772 extenduntur,
1380 1662 1581 1750 srdiutiirs
1609 1663 1781 1775 durant,
1815 1693 1867 1749 ex

428 1775 505 1862 hec
529 1776 656 1862 nostri
680 1777 917 1906 pustularum
939 1776 1058 1863 claise
1079 1776 1347 1893 expungendae
1368 1775 1469 1861 sunt.

482 1889 573 1980 Jam
587 1894 685 1976 verb
699 1921 825 1999 maror
840 1889 958 1977 nobie
973 1891 1175 1977 causarum
1190 1891 1361 1975 nascitur
1376 1886 1502 1997 ordo,
1522 1893 1613 1974 citm
1628 1889 1711 1976 fere
1726 1919 1868 2002 omnes

429 2033 498 2115 qur
517 2029 650 2088 cutem
677 2004 936 2120 depascuntur
956 2003 1088 2090 morbi
1107 2001 1155 2088 ab
1177 2006 1345 2088 excretis
1366 2011 1408 2088 dt
1437 2003 1632 2118 praecipue
1658 2002 1681 2088 ὲ
1703 2009 1866 2090 retentis

427 2116 637 2234 pendeant.
661 2116 764 2228 Quae
781 2121 889 2206 enim
906 2116 1156 2204 excernenda
1177 2117 1358 2225 fuerant,
1380 2117 1508 2200 srnon
1525 2143 1694 2226 exeant,
1716 2145 1869 2204 nocent

427 2227 554 2345 perse
568 2289 583 2336 ,
604 2229 748 2315 malam
763 2235 871 2324 enim
892 2232 1140 2318 &infensam
1159 2229 1339 2315 indolem
1385 2257 1427 2314 er
1442 2231 1637 2313 afflonem
1651 2233 1739 2315 vitae
1755 2234 1868 2315 nabit

429 2368 539 2457 erant
549 2402 564 2449 ,
590 2373 707 2453 quam
731 2373 845 2430 mora
867 2346 949 2460 ipsu
972 2345 1101 2430 reddit
1124 2341 1315 2459 pejorem.
1386 2346 1452 2426 inc
1474 2346 1668 2426 maximus
1697 2347 1868 2457 aperitur

427 2455 631 2540 causarum
646 2485 821 2573 campus.
840 2457 988 2544 Nullus
1006 2461 1058 2542 est
1073 2461 1181 2542 enim
1196 2460 1343 2542 humor
1359 2482 1534 2540 retentus
1549 2459 1617 2565 qui
1631 2483 1713 2538 non
1731 2481 1868 2542 cutem

427 2568 587 2653 afficiat.
620 2567 782 2654 Horum
808 2573 1076 2656 aetuosrtatem
1100 2570 1323 2683 expendere
1352 2570 1471 2652 nostri
1499 2570 1552 2651 est
1579 2569 1776 2676 instituti,
1811 2597 1866 2654 eo

426 2680 590 2788 ordine,
608 2707 653 2765 ut
671 2685 800 2768 minus
819 2685 867 2766 iis
884 2684 1094 2766 insistamus
1114 2711 1198 2794 φιτ
1209 2741 1224 2792 ,
1246 2685 1340 2765 curn
1354 2677 1512 2765 aliunde
1530 2679 1747 2796 gravissima
1768 2709 1866 2766 con-

426 2797 552 2878 citent
569 2795 695 2902 male,
715 2799 781 2880 vix
802 2822 937 2881 cutem
956 2799 1165 2908 attingunt.

480 2907 529 2988 In
549 2934 695 3018 genere
716 2933 848 2990 aurem
858 2969 872 3013 ,
893 2933 938 2991 ut
959 2911 1175 2992 humorum
1194 2932 1440 2991 retentorum
1453 2907 1596 3020 agendi
1610 2910 1805 2994 rationem
1821 2907 1868 2992 in

425 3020 549 3104 cutim
571 3017 758 3129 possimus
778 3011 990 3132 expiscari,
1015 3017 1235 3103 notandum
1257 3021 1309 3103 est
1330 3023 1595 3104 retentionem
1615 3047 1779 3106 omnem
1797 3017 1867 3105 vel

423 3125 592 3214 subitam
604 3128 682 3214 effe
689 3191 705 3236 ‚
723 3137 765 3214 dt
782 3133 887 3240 quast
902 3159 984 3216 uno
998 3135 1078 3215 inu
1091 3132 1253 3238 fatiam,
1269 3131 1482 3216 erethismo
1491 3195 1505 3239 ,
1522 3159 1590 3217 aut
1603 3131 1867 3246 obstipetione

422 3238 573 3346 subiti,
589 3238 747 3353 qualem
761 3243 884 3358 frigus
896 3244 1178 3360 improvisum,
1193 3247 1452 3346 inflammatio
1466 3249 1645 3361 protinus
1658 3247 1869 3356 exardens,

421 3357 574 3440 acrium
589 3353 803 3486 applicatio
818 3357 980 3442 efficere
994 3356 1173 3471 poffunt,
1188 3355 1256 3441 vel
1275 3358 1352 3441 effe
1370 3356 1510 3442 sensim
1525 3358 1753 3467 induerim,
1770 3389 1866 3469 qua-

422 3465 473 3554 lis
497 3469 549 3552 est
572 3495 621 3552 ee
643 3467 830 3555 msensrlir
854 3473 1080 3555 imminutio
1102 3501 1186 3581 φιτ
1208 3473 1288 3554 sme
1315 3472 1533 3554 irritatione
1555 3469 1748 3579 notabili,
1780 3470 1866 3556 sold

424 3583 702 3666 constrictione
732 3591 774 3667 dt
804 3587 1085 3698 corrugatione
1108 3581 1321 3690 vasorum,
1341 3579 1408 3668 vel
1436 3578 1489 3666 ob
1516 3609 1658 3669 eorum
1683 3587 1865 3670 inertiam

423 3693 621 3800 nascitur,
649 3701 692 3778 dt
717 3693 826 3780 tarde
849 3697 1067 3783 invalescit.

478 3807 534 3892 Ut
559 3833 694 3893 autem
721 3805 770 3890 ab
799 3807 868 3892 ille
893 3841 978 3920 quae
1004 3813 1088 3894 cuti
1114 3839 1189 3926 pro
1219 3809 1275 3895 ria
1301 3813 1383 3917 est,
1408 3839 1493 3921 quae
1519 3810 1691 3896 maxime
1714 3810 1864 3923 ubique

423 3945 678 4033 peromnem
705 3926 885 4037 corporis
907 3922 1154 4037 superficiem
1178 3841 1438 4027 dffundimu
1463 3929 1505 4006 dt
1529 3926 1651 4008 causss
1676 3923 1864 4010 omnibus

422 4029 705 4144 impedimenta
730 4034 960 4122 struentibus
993 4034 1165 4120 maxime
1194 4032 1354 4119 obviam
1385 4033 1427 4118 se
1456 4033 1601 4144 prebet
1631 4035 1862 4145 ordiamur,

423 4144 681 4259 perspiratio,
701 4146 768 4240 vel
787 4179 858 4265 per
876 4146 1046 4234 subitum
1063 4147 1317 4234 erethismum
1335 4147 1607 4262 supprimitur,
1626 4147 1864 4240 violentam·

423 4284 503 4367 que
526 4283 693 4343 externe
721 4265 841 4346 causae
869 4265 1092 4368 afflnmem,
1115 4259 1182 4346 vel
1207 4261 1346 4348 seniim
1372 4259 1546 4344 tardatur
1574 4260 1629 4347 ob
1663 4259 1862 4347 defeetum

422 4370 565 4454 virium
576 4432 592 4477 ‚
613 4367 668 4455 ob
688 4373 870 4458 humoris
886 4373 1145 4492 perspirabilis
1167 4371 1330 4460 crudam
1354 4373 1589 4486 ormnem,
1613 4371 1680 4462 vel
1699 4373 1863 4458 demum

422 4509 585 4600 propter
607 4486 817 4598 organismi
842 4489 884 4571 in
908 4517 1001 4588 cute
1026 4491 1220 4574 inertiam.

478 4598 525 4680 In
546 4598 758 4682 erethismo
779 4599 962 4687 violento
979 4603 1047 4687 vix
1069 4601 1118 4686 ad
1139 4628 1271 4688 cutem
1292 4597 1414 4686 fertur
1434 4604 1604 4709 humor,
1624 4625 1691 4688 aut
1710 4599 1863 4690 delatus

423 4711 618 4910 stringitur
642 4741 656 4810 3
682 4711 772 4796 vasa
807 4739 962 4801 tument
990 4725 1034 4802 dt
1068 4713 1235 4824 dolent,
1267 4712 1373 4800 solun
1399 4741 1496 4804 tunc
1528 4713 1862 4831 pertimescendus

421 4853 512 4914 mor
541 4855 585 4912 ur
609 4825 651 4910 in
680 4827 831 4940 pruritu
851 4835 894 4914 δι
923 4827 1152 4948 erysrptlate
1177 4828 1371 4939 consistit,
1402 4826 1718 4948 phlydoenisque
1745 4831 1863 4948 cryso.
