4228 5898
557 435 1322 544 rnrnobvcr‘ro'
1537 471 1636 548 rot

200 637 347 704 morata
366 611 442 700 fuit
464 641 478 716 3
504 619 642 700 veriam
668 619 709 700 in
738 622 839 704 cutis
862 618 1012 704 morbis
1029 607 1136 714 'illud
1160 618 1279 704 habet
1299 613 1491 732 perscuII‚
1521 621 1640 730 qubd'

200 723 507 842 cutemvellicet
520 728 808 841 potentissime,
828 729 1067 842 ruboresque
1082 736 1122 816 in
1136 729 1204 815 illa
1216 729 1434 816 exsuscitet.
1455 731 1628 832 Fomen-

198 870 285 930 tum
307 867 441 926 tamen
459 867 508 924 ex
532 838 614 948 ejus
635 842 766 926 radice
787 851 829 926 δι
854 843 961 928 foliis
981 847 1107 959 potest
1126 847 1178 928 eb
1202 845 1401 928 efficacius
1425 840 1623 952 adhiberi,

201 953 334 1066 quod,
351 980 397 1038 ut
408 951 539 1036 multa
551 951 632 1066 alia
644 953 935 1068 exsolanorum
950 979 1069 1070 gente
1110 955 1221 1040 lanta
1230 1017 1245 1063 ,
1260 955 1351 1038 diam
1368 981 1494 1072 partes
1507 954 1627 1044 solvit

201 1073 245 1152 δι
264 1091 469 1171 attenuat,
494 1069 615 1180 ctiam
639 1065 841 1153 narcoticl
860 1073 1005 1154 virtute
1019 985 1180 1154 dolbres
1195 1065 1335 1153 delinit
1359 1077 1401 1152 bt
1422 1093 1626 1183 temperat.

216 1198 219 1206 '
255 1181 313 1264 At
338 1181 494 1290 quoties
507 1181 653 1262 humor
675 1181 860 1264 innoxius
880 1181 959 1264 sme
987 1177 1069 1264 ulla
1091 1182 1400 1266 inflammatione
1426 1180 1475 1264 ad
1502 1185 1626 1269 cutim

198 1289 355 1398 fertur,
379 1317 454 1375 nec
467 1317 628 1376 mutata
646 1288 728 1400 ejus
752 1295 805 1376 est
827 1319 962 1377 natura
981 1325 994 1392 3
1018 1295 1143 1376 imbsr
1166 1319 1212 1376 ut
1232 1296 1273 1375 in
1290 1291 1502 1378 oculorum
1521 1323 1626 1380 mor⁴
1670 1321 1676 1336 ·

200 1401 261 1488 bis
280 1406 322 1486 in
340 1401 453 1487 moral
471 1403 693 1517 periculum
715 1407 790 1511 est,
816 1397 911 1515 quid
924 1409 1163 1515 vetatetiam
1178 1409 1372 1519 stypticic,
1392 1405 1625 1522 adstringen-

200 1515 305 1600 tibus
326 1519 463 1600 terreis
482 1518 539 1599 uti
568 1521 582 1597 l
603 1511 712 1600 Nam
732 1514 883 1600 malum
906 1520 947 1602 in
972 1515 1145 1632 partibus
1166 1517 1357 1601 advitam
1380 1545 1447 1602 aut
1467 1519 1627 1630 gratilla-

201 1657 313 1714 mum
331 1627 484 1712 sensum
506 1629 724 1713 necessariis
744 1633 890 1716 morari
916 1637 957 1716 bt
974 1633 1021 1713 in
1043 1633 1090 1714 iis
1115 1621 1397 1728 inveterascere
1447 1627 1636 1717 effimum·

202 1743 266 1825 est.
290 1739 436 1826 Talem
460 1739 649 1826 exhibent
665 1741 796 1826 casum
815 1739 927 1826 oculi
946 1745 1139 1859 proprosrs
1149 1806 1164 1850 ,
1186 1741 1382 1858 supercilii
1416 1740 1595 1827 ubuersro
1606 1803 1625 1854 ,

203 1855 344 1938 herniae
358 1853 551 1968 fimplic'es
567 1852 803 1944 corneam
846 1881 963 1941 enere
976 1881 1107 1940 tamen
1121 1877 1272 1941 veteres
1292 1858 1408 1938 nostri
1422 1858 1626 1964 audores,

202 1967 229 2048 fi
244 1969 396 2050 chartas
413 1994 551 2050 eorum
567 1964 770 2076 consulas,
788 1886 861 2052 tibi
878 1957 1199 2081 adstringentibus
1213 1965 1319 2052 abuti
1333 1965 1568 2053 videbuntur
1582 1975 1625 2054 in

203 2073 393 2193 omnibus'
409 2083 510 2186 cutis
533 2075 755 2187 affeslibus,
772 2080 820 2165 ad
838 2110 1007 2192 quorum
1024 2082 1135 2164 usum
1153 2078 1313 2166 cautelae
1333 2080 1461 2166 modb
1481 2080 1625 2166 descri-

201 2189 338 2281 bendae
358 2189 504 2276 attente
531 2189 779 2292 observanda
801 2195 899 2277 sunt.

263 2305 319 2393 1⁰.
357 2305 456 2389 Non
489 2301 652 2389 dubium
691 2308 819 2390 estiis
854 2332 1015 2391 omnent
1048 2309 1294 2392 curationem
1333 2305 1624 2392 conficiendam

204 2418 284 2503 dari
293 2480 307 2526 ,
329 2411 485 2528 quoties
500 2449 539 2502 v.
555 2445 594 2529 g.
614 2416 762 2502 malum
778 2417 827 2501 ab
849 2419 989 2504 ardore
1006 2417 1099 2503 solis
1117 2417 1380 2506 incumbentis
1401 2445 1533 2502 ortum
1549 2422 1622 2526 est,
1662 2433 1665 2440 ⁴

205 2529 310 2615 sano·
324 2529 501 2640 alioquin
521 2560 573 2614 co
620 2529 691 2616 ore
715 2563 728 2631 3
760 2527 854 2615 hinc
872 2537 997 2649 prima
1015 2530 1252 2618 medicantia
1266 2533 1417 2615 cumin
1439 2531 1481 2615 id
1502 2559 1545 2616 re
1573 2561 1625 2616 o·

205 2647 330 2750 nitur,
351 2639 511 2728 ut³sciat
532 2673 581 2726 an
644 2643 738 2728 solis
758 2645 911 2728 actione
932 2653 975 2730 bt
993 2647 1033 2729 vi
1052 2646 1221 2759 pendeat
1241 2640 1437 2726 morbusr
1458 2669 1507 2726 an
1547 2643 1625 2730 olis

204 2757 299 2841 radii
323 2785 398 2872 pro
418 2753 533 2840 causi
550 2759 702 2840 tantiam
721 2757 1004 2842 determinante
1030 2755 1200 2842 habendi
1220 2756 1319 2838 sant?
1347 2753 1456 2864 quod
1476 2752 1499 2836 b
1516 2783 1625 2870 mag-

204 2863 380 2968 nitudine
407 2867 734 2984 symptomatum,
762 2869 882 2953 cause
906 2869 972 2956 vel
1029 2866 1387 2984 roportionalium,
1411 2861 1476 2950 vel
1495 2865 1626 2952 multb

209 2979 398 3088 majorum
415 2979 619 3088 judicabis.
647 2983 694 3065 In
716 2982 765 3065 sri
795 3009 865 3068 ore
885 2899 1162 3096 conglbciante
1184 2989 1233 3068 bt·
1241 3007 1367 3100 partes
1386 2976 1626 3093 congelante

203 3097 348 3210 pariter
368 3092 499 3179 nullus
526 3013 936 3210 stperest'haesrtationi
955 3093 1084 3179 locus.
1408 3149 1414 3162 ,
1460 3155 1463 3164 ·

259 3205 318 3292 2⁰.
346 3207 394 3289 In
424 3205 546 3292 causrs
571 3204 805 3318 quibussibet
823 3211 992 3294 extent
1004 3266 1018 3312 ‚
1044 3223 1091 3290 ut
1116 3207 1287 3290 contufis
1311 3212 1352 3289 bt
1376 3200 1626 3311 vulneribus,

205 3318 335 3404 nullus
350 3321 492 3436 pariter
508 3317 710 3404 dubitandi
725 3317 842 3404 locus
855 3319 1032 3436 superest.
1053 3321 1117 3402 Sit
1126 3314 1198 3401 tibi
1211 3322 1363 3401 tantiam
1377 3343 1467 3400 ante
1482 3313 1627 3400 oculos

207 3432 362 3518 causam
389 3457 591 3516 externam
610 3429 720 3550 posse
746 3431 901 3518 latentis
925 3432 1046 3517 causa
1074 3431 1441 3514 determinationem
1470 3429 1626 3535 facere,

71 3636 73 3647 ,
206 3545 325 3742 ἱιὲᾳιιε
335 3570 416 3740 i>ut
434 3544 626 3655 diximus,
657 3541 802 3630 collata
819 3544 869 3630 ad
890 3544 1045 3631 causam
1065 3543 1370 3656 symptomatum
1394 3539 1626 3703 intudo

207 3685 336 3742 eoce
365 3683 407 3741 tt
1560 3691 1564 3698 ·

224 3796 228 3802 ’
264 3771 323 3878 3⁰.
347 3769 396 3852 In
415 3769 638 3855 recentibus
665 3767 759 3857 sano
790 3798 961 3888 corpore
987 3769 1208 3966 contagiis,
1240 3771 1333 3853 ciam
1356 3763 1534 3848 nondbm
1559 3760 1629 3848 illa

208 3881 326 3968 altam
358 3883 510 3969 traxere
538 3886 638 3968 intra
669 3912 838 4001 corpora
869 3887 1076 3998 originem.
1144 3886 1183 3966 ic
1209 3885 1251 3966 in
1283 3879 1433 3964 recenti
1462 3873 1628 3981 scabie,

209 3996 366 4106 qualem
396 3999 537 4081 novitii
566 3999 606 4079 in
635 3995 754 4108 soedis
775 3996 1022 4104 nosocomiis
1047 3998 1282 4107 acquirunt,
1316 3991 1401 4102 post
1421 3988 1552 4072 levem
1577 4015 1627 4070 ex

208 4108 497 4194 attenu‘antlbus
524 4113 685 4224 petitam
711 4111 915 4196 catharsrm
941 4111 1047 4194 sanat
1077 4106 1159 4192 fere
1184 4108 1361 4222 protinirs
1381 4124 1629 4213 unguentum

210 4247 257 4303 ex
281 4217 428 4304 sulsure
462 4227 504 4304 δι
526 4215 754 4330 mercurio,
792 4249 931 4306 aut-ex
956 4219 1101 4303 sulfure
1125 4216 1213 4300 solo
1238 4225 1278 4299 bt
1304 4215 1500 4296 mercurio
1525 4209 1628 4296 solo·

211 4329 344 4416 Sulsur
356 4334 462 4417 enim
474 4335 574 4418 inter
587 4337 747 4448 styptica
757 4331 992 4418 resolvenda
1001 4332 1196 4414 numerari
1206 4328 1345 4442 potest,
1361 4333 1404 4409 bc
1415 4327 1631 4410 mercurius

210 4444 277 4529 ubi
297 4473 392 4530 cum
410 4445 525 4531 acido
542 4446 790 4562 piguedinis
804 4443 883 4528 levi
896 4440 1060 4529 vinculo
1078 4439 1249 4547 coaluit,
1272 4437 1453 4526 eamdem
1470 4461 1633 4522 exercet

211 4556 451 4644 facultatem.
496 4554 665 4674 Lapathi
698 4557 863 4642 decotla
872 4616 889 4661 ,
918 4583 1025 4667 aquae
1053 4551 1276 4638 aluminosa
1305 4550 1413 4635 idem
1446 4553 1631 4683 praellant.

266 4673 322 4754 'At
343 4673 515 4756 maxima
536 4680 577 4778 ὃ(
603 4670 711 4757 certe
731 4669 872 4754 summi
890 4670 1084 4753 momenti
1109 4669 1216 4752 circa
1239 4668 1383 4749 horum¹
1403 4661 1632 4746 scrlice'tre·

212 4781 449 4868 solvemium
476 4811 519 4868 to
546 4789 704 4870 icorum
730 4783 841 4868 venit
870 4781 1077 4867 enodanda
1102 4781 1283 4891 questio,
1315 4807 1364 4862 au
1388 4773 1572 4860 adhiberi·
1591 4776 1633 4853 in

215 4895 361 4986 morbis
373 4900 490 4984 etiam
530 4899 758 5036 epuratoriis
775 4888 943 4992 debeant
950 4957 966 5005 ‚
983 4902 1025 4984 δι
1044 4893 1203 5004 quando
1215 4889 1509 5084 pollmtpprum
1523 4881 1635 4996 pres·
1668 4986 1671 4997 ¹
