4246 5900
490 417 546 497 tu
738 381 831 472 DE
886 377 1645 472 MORBIS‘CUTANE‘IS.

491 548 629 640 ideam
652 547 870 656 exhibent,
890 547 958 634 sed
968 609 981 654 ,
998 545 1096 634 licet
1119 550 1221 632 ratio
1242 545 1340 632 nihil
1352 541 1478 632 simile
1496 547 1674 653 indicet,
1700 541 1927 650 indicantur

492 665 594 746 inter
636 663 870 748 otentilsrma
888 687 1030 744 nature
1044 664 1287 746 emunaoria
1303 658 1386 768 jure
1408 662 1590 744 constitui
1604 723 1617 766 ,
1633 661 1688 744 ira
1704 687 1751 744 ut
1768 654 1923 745 nullum

494 774 576 863 sere
600 691 646 858 sit
676 774 825 858 malum
856 772 965 884 quud
988 770 1035 857 ab
1068 770 1229 856 illorum
1262 773 1551 886 repercussione
1573 771 1678 855 nasci
1704 801 1786 855 non
1806 771 1926 857 vide‹

495 890 593 991 rim,
613 889 667 972 ita
686 915 730 972 ur
747 891 865 974 etiam
879 883 1186 970 haemorrhoides
1202 889 1417 970 arthriticus
1434 884 1734 972 observaverim.

552 997 740 1086 Praeterea
755 1000 892 1086 dantur
906 1001 1024 1084 etiam
1039 997 1345 1082 haemorrhoides
1360 999 1561 1082 evidenter
1571 1001 1778 1118 herpeticae
1784 1058 1798 1101 ‚
1817 996 1922 1078 vici-

495 1116 600 1199 niam
622 1141 783 1198 omnem
810 1114 873 1194 ani
895 1109 1119 1225 herpetibus
1139 1109 1347 1225 implentes
1368 1113 1410 1194 bc
1434 1115 1582 1224 pruritu
1597 1110 1788 1194 notanda.
1805 1106 1922 1190 Dan-

493 1253 556 1310 tur
582 1225 678 1337 erysr
706 1222 891 1330 elutosae,
922 1222 1268 1339 phlegmonodes,
1294 1229 1336 1306 br
1355 1225 1439 1306 cito
1460 1222 1776 1338 suppurationem
1802 1219 1923 1304 affec·

493 1363 633 1433 rantes.
660 1255 762 1448 <lure
780 1333 936 1450 singule
956 1361 1134 1419 naturam
1152 1334 1246 1418 mali
1266 1333 1287 1418 i
1309 1363 1391 1446 quo
1416 1363 1561 1420 exortae
1585 1335 1674 1421 sunt
1686 1336 1836 1420 servant
1846 1395 1860 1438 ‚
1877 1340 1921 1418 bc

493 1449 719 1564 repercussus
737 1447 862 1534 nullas'
884 1477 966 1532 non
979 1449 1163 1534 invadere
1177 1473 1303 1563 partes
1317 1448 1485 1563 poliunt.

500 1639 506 1657 ,
547 1553 701 1648 Eadem
718 1563 815 1648 verb
835 1563 990 1647 theoria
1004 1563 1285 1651 menstruorum
1304 1562 1567 1646 retentionem
1587 1563 1627 1642 in
1646 1560 1803 1646 feminis
1824 1585 1923 1643 con·

492 1677 620 1781 tinet,
647 1673 744 1760 licet
765 1674 846 1789 ipsa
879 1675 1041 1760 feminei
1069 1678 1247 1790 eorporis
1269 1671 1418 1759 fabrica
1438 1673 1584 1784 aliquas
1610 1673 1673 1756 hic
1707 1672 1842 1756 asserat
1870 1698 1922 1756 ex

492 1787 507 1872 i
554 1785 576 1878 tl
599 1791 657 1872 rei
681 1786 843 1893 nannai,
868 1795 910 1872 bt
932 1788 1031 1873 r'nirai
1050 1817 1142 1872 curn
1164 1786 1248 1872 aliis
1267 1785 1439 1920 partibus
1462 1790 1566 1870 uteri
1586 1782 1825 1902 sympatheii
1845 1783 1921 1868 dif-

512 1903 689 1985 eren'tias.
720 1899 887 1986 Scilicet
914 1904 1045 2017 primae
1065 1899 1214 1984 malum
1233 1905 1434 2016 accipiunt
1456 1925 1634 1983 mammae
1647 1961 1660 2005 ,
1687 1901 1922 2008 thoracique

493 2012 688 2120 reddunt,
705 2013 811 2099 unde
829 2010 1003 2128 plurimu
1017 2014 1222 2121 mulieres,
1239 2017 1397 2100 retentis
1413 2011 1605 2128 precipue
1615 2009 1749 2106 ,subito
1768 2015 1921 2124 impetu

414 2127 417 2136 ’
492 2127 718 2231 menstruis,
738 2129 1040 2239 pretermodbm
1054 2127 1306 2212 suffocantur.
1327 2126 1435 2210 Tbm
1457 2121 1587 2240 postes
1611 2122 1852 2210 ventriculus
1877 2129 1920 2208 bc

493 2235 715 2324 sunsiiones
737 2237 1006 2326 abdominales
1031 2245 1254 2354 patiuntur,
1274 2244 1453 2351 interque
1478 2236 1709 2353 glandulosa
1735 2265 1917 2349 organa,

491 2379 673 2437 mammae
691 2361 738 2436 b(
760 2358 892 2436 ovaria
909 2352 1033 2467 vulgb
1055 2357 1265 2438 maximam
1293 2350 1386 2436 mali
1403 2378 1554 2466 partem
1576 2349 1799 2462 suscipiunt.
1828 2347 1919 2432 Imb

493 2461 834 2550 cummulieribus
857 2465 1041 2550 omnibus
1063 2466 1165 2550 illud
1188 2493 1403 2550 commune
1417 2467 1463 2549 stt
1474 2527 1487 2571 ,
1514 2490 1558 2547 ut
1580 2459 1798 2547 tenuissimi
1826 2485 1918 2546 cute

492 2575 714 2687 gaudeant,
734 2580 861 2662 minin
881 2579 1115 2693 perspirent,
1140 2581 1349 2688 minorque
1365 2578 1411 2660 stt
1429 2581 1471 2659 in
1490 2573 1567 2661 illis
1588 2575 1637 2659 ad
1652 2579 1773 2659 cutim
1790 2574 1919 2658 deter-

489 2692 626 2796 natio‚
651 2693 778 2772 minias
805 2694 924 2775 etiarn
945 2690 1093 2776 morbis
1121 2693 1295 2776 cutaneis
1328 2688 1537 2794 laborant,
1577 2685 1672 2772 licet
1702 2685 1918 2771 levioribus

494 2799 544 2884 de
559 2803 680 2888 caufis
700 2799 930 2888 obscuretur
944 2829 1061 2915 atque
1085 2802 1315 2888 obliteremr
1334 2806 1434 2887 cutis
1449 2800 1517 2886 ille
1539 2805 1669 2904 nitor,
1691 2797 1712 2881 i
1731 2797 1809 2882 levi
1831 2829 1919 2882 mu-

412 2993 416 3004 ,
490 2914 682 3010 eosorum
705 2913 886 2998 vasorum
911 2915 1196 3032 extrapulsrone
1249 2915 1409 3001 endens.
1438 2912 1576 3028 supe,
1601 2912 1683 2995 imb
1704 2909 1786 2995 ferb
1817 2910 1919 2996 senr-

493 3051 564 3134 per
576 3027 736 3108 retentis
748 3027 972 3132 menstruis,
988 3056 1054 3111 aut
1068 3025 1142 3111 alia
1158 3031 1292 3138 quavis
1308 3031 1461 3112 ratione
1475 3023 1739 3130 morantibus,
1756 3050 1823 3108 aut
1840 3027 1919 3108 im·

493 3138 687 3243 minutis,
710 3139 753 3221 in
768 3163 880 3223 textu
898 3136 1075 3222 cellulari
1090 3144 1158 3250 qui
1181 3137 1251 3224 sub
1272 3138 1400 3225 oculis
1420 3138 1605 3254 copiosus
1625 3134 1729 3245 jacet
1742 3139 1918 3222 exoritur

493 3251 535 3332 ni
564 3248 660 3334 redo
684 3249 859 3380 quedam
870 3313 884 3357 ,
911 3251 1010 3366 ipsas
1041 3256 1159 3337 etiarn
1177 3281 1246 3366 per
1265 3281 1385 3367 genas
1401 3251 1664 3357 circumfusa,
1694 3250 1803 3361 quod
1822 3256 1917 3334 cbm

491 3363 507 3448 i
535 3279 593 3446 las
607 3361 778 3446 maxume
800 3361 1005 3471 molestet,
1025 3391 1087 3449 tot
1108 3365 1294 3450 sucorum
1308 3372 1452 3479 genera
1469 3365 1628 3450 inventa
1645 3364 1758 3471 sunt,
1775 3361 1917 3474 quibus

532 3501 699 3560 terarum
718 3473 901 3568 ,colorem
920 3475 1167 3562 dissimulant.
1188 3479 1285 3562 Atst
1303 3506 1394 3562 acre
1416 3477 1540 3564 latens
1558 3503 1628 3592 per
1646 3479 1835 3560 menstrua
1849 3505 1917 3560 va-

493 3593 603 3672 cuari
621 3585 782 3672 solitum
807 3593 1017 3674 retineatur
1037 3593 1165 3698 intus,
1190 3617 1285 3674 tunc
1304 3595 1406 3676 inter
1420 3593 1596 3704 pessimas
1618 3589 1792 3700 sequelae
1824 3587 1917 3680 mali

490 3698 605 3809 hujus
614 3762 629 3806 ‚
643 3699 808 3786 morbus
822 3706 940 3788 etiarn
953 3731 1142 3788 cutaneos
1152 3731 1356 3788 numerare
1368 3701 1508 3790 licebit
1520 3733 1688 3816 quorum
1704 3699 1857 3786 indoles
1873 3709 1916 3786 bc

491 3802 916 3900 naturabnatur‘i'acris
928 3820 1050 3929 repeti
1062 3814 1234 3901 debebit.
1246 3817 1437 3924 Nam,etsr
1450 3815 1625 3932 pluribus
1639 3817 1915 3930 experimentis

491 3927 796 4012 demonstratum
826 3928 959 4040 sepitis
986 3927 1103 4013 suerit
1131 3931 1413 4013 menstruorum
1443 3955 1625 4012 cruorem
1647 3957 1789 4039 purum
1809 3928 1914 4034 elle,

491 4045 533 4120 bt
554 4038 602 4124 ab
623 4043 732 4124 omni
754 4037 843 4126 labe
862 4037 1026 4125 naturali
1043 4044 1278 4147 innoxium,
1300 4039 1423 4152 qualis
1445 4065 1495 4124 ex
1517 4037 1679 4124 maslati
1698 4044 1780 4125 exit
1801 4043 1916 4126 visbi-

489 4147 556 4235 mai
567 4214 582 4258 ‚
604 4152 689 4236 aliis
711 4156 988 4266 experimentis
1001 4157 1186 4240 evincere
1208 4151 1326 4238 facile
1344 4157 1417 4238 erit
1435 4152 1531 4268 saepe
1555 4154 1745 4268 perhanc
1764 4155 1916 4236 fluxum

478 4268 595 4358 ,acria
619 4267 675 4346 ita
694 4269 872 4374 vacuari,
899 4294 945 4351 ut
959 4266 1052 4352 inde
1073 4295 1217 4380 corpus
1249 4267 1294 4350 iis
1328 4293 1568 4381 repurgetur.
1592 4267 1661 4350 Sic
1695 4267 1779 4378 post
1816 4267 1918 4352 uteri

477 4379 682 4490 pruritus,
703 4377 789 4488 post
805 4375 931 4464 malva
956 4387 998 4464 bt
1020 4379 1294 4496 pudendorum
1315 4382 1416 4464 inter
1439 4381 1777 4464 menstruationem
1791 4375 1916 4462 dolo·

487 4517 550 4574 res
564 4549 579 4594 ,
609 4489 867 4572 stretineatur
895 4496 1084 4576 menstrua
1110 4496 1322 4600 vacuatio,
1352 4489 1404 4576 he
1450 4516 1531 4577 etes
1552 4489 1648 4604 supe
1674 4517 1912 4602 erumpunt,
2032 4557 2035 4566 .

488 4603 573 4686 imb
592 4626 638 4683 ut
655 4597 844 4713 exemplis
866 4606 1018 4715 patuit,
1038 4603 1249 4716 aliquandb
1273 4605 1423 4690 dislimu
1442 4631 1502 4688 ata
1524 4601 1608 4688 lues
1627 4629 1807 4687 venerea.
1821 4605 1915 4688 Nee

463 4715 568 4800 ‚stne
589 4713 805 4818 anxietate,
826 4713 930 4823 quast
949 4714 1144 4802 malorum
1158 4719 1331 4834 segetem
1352 4717 1493 4802 inferat
1504 4781 1517 4826 ,
1537 4743 1693 4830 tempus
1712 4713 1811 4800 illud
1825 4741 1916 4803 ata-

472 4830 537 4918 tis
563 4829 763 4936 murentur
784 4823 969 4916 mulieres
993 4831 1135 4944 inquo
1162 4833 1358 4926 menstrua
1370 4830 1542 4946 cessant,
1568 4829 1717 4917 moes
1743 4855 1914 4916 matrum
