4250 5898
707 483 1262 588 CUTANEIS*
1561 498 1645 612 5&

216 661 324 751 ‘herii
337 669 402 768 (a)
423 659 588 778 scriptis.
602 659 760 774 Ecquid
772 667 907 748 enimi
930 666 1000 770 Si,
1020 649 1067 748 us
1082 662 1217 748 saltem
1233 663 1334 776 apud
1348 643 1490 748 Gallos
1508 692 1647 747 verum

218 776 395 884 videtur,
418 775 622 891 spernendi
639 779 712 874 smt
727 805 952 862 aranearum
970 779 1120 861 morsus
1130 840 1143 881 ,
1165 806 1235 859 cur
1255 775 1491 862 dodillimus
1514 782 1650 860 anaor

217 888 286 972 sex
310 917 444 973 earum
466 888 491 971 s
510 892 615 998 ecies
638 891 694 973 ita
716 891 805 1003 apte
833 891 1031 1003 distinguit
1043 952 1058 997 ,
1090 887 1491 1003 symptomatibusque
1517 890 1649 974 discri-

218 1004 429 1093 minatvir
455 919 631 1110 abequin
653 1006 695 1086 in
718 1001 959 1087 observandis
982 1001 1117 1086 naturai
1141 1005 1273 1114 magni
1296 1001 1506 1115 ponderis,
1528 1031 1574 1085 ut
1598 1003 1649 1088 de

218 1111 321 1199 veni
344 1113 565 1198 Medincnsr
593 1113 842 1201 tradentibus
865 1118 996 1227 postea
1018 1113 1229 1229 apparebit.
1258 1117 1323 1196 An
1350 1117 1389 1195 in
1413 1115 1503 1196 Asai
1531 1145 1671 1225 quam.

219 1225 415 1340 praecipud
433 1229 493 1311 vir
511 1225 664 1311 illustris
685 1226 857 1312 incoluit
876 1251 941 1312 res'
956 1225 1068 1325 aliter
1088 1227 1127 1312 se
1146 1226 1265 1311 habet
1284 1223 1401 1336 quim
1413 1227 1525 1340 apud
1548 1233 1647 1310 nos?

216 1341 290 1423 ·An
303 1337 432 1450 aliqua
450 1341 491 1420 in
511 1337 756 1424 observando
775 1341 958 1454 segnities
976 1371 1049 1426 nos
1065 1340 1160 1423 facit
1174 1344 1214 1422 in
1232 1337 1308 1428 illis
1324 1343 1509 1453 ignaros?
1528 1339 1650 1422 Certa

221 1451 355 1561 quoad
378 1480 424 1534 ea
445 1481 528 1561 quae
549 1453 597 1536 ad
620 1457 743 1536 cutim
769 1456 961 1560 attinent,
976 1483 1062 1537 nec
1078 1482 1244 1557 aranea,
1270 1481 1344 1535 nec
1367 1454 1481 1565 ipsuis
1507 1452 1651 1566 scorpii

136 1577 139 1586 ’
201 1562 375 1648 'morsus
400 1563 547 1674 aliquid
570 1564 745 1649 notabile
769 1563 791 1648 *a
815 1564 930 1650 nobis
952 1570 1139 1679 exigunt,
1158 1565 1297 1660 fifides
1313 1565 1503 1648 habeatur
1517 1563 1582 1648 Cl.
1600 1565 1651 1648 de

221 1676 351 1760 Sauva
380 1706 421 1760 es
445 1682 491 1763 'dt
512 1677 648 1762 Mead.
681 1677 892 1788 Quocircl
930 1707 1091 1792 operam
1123 1677 1347 1762 luderemus
1381 1675 1561 1761 inutilem
1577 1729 1597 1782 ,1
1623 1677 1652 1759 sr
1714 1689 1718 1697 '

219 1787 328 1872 cirsai
349 1707 440 1874 iilos
460 1821 521 1874 arn
552 1789 693 1875 liorem
713 1793 982 1876 traslationem
1001 1793 1308 1894 institueremus,
1332 1793 1422 1874 clun
1443 1790 1653 1905 prasertim

218 1899 311 1986 satis
331 1899 409 2008 jam
430 1903 480 1987 de
502 1823 579 1988 issis
599 1906 673 1989 viri
698 1901 895 1987 clarilsrmi
919 1904 1149 2020 scripserint.

152 2045 154 2050 ’
224 2051 229 2058 ·
278 2016 335 2098 At
348 2017 651 2100 numeroslffima
664 2021 717 2100 est
732 2016 893 2100 illorum
913 2018 1147 2099 infestorum
1168 2020 1249 2098 cuti
1270 2018 1507 2100 nocivorum
1528 2013 1653 2098 clalsrs

220 2153 309 2235 quae
338 2131 457 2212 etiam
480 2159 563 2211 non
587 2127 780 2236 lacessita,
811 2129 997 2242 sanguine
1029 2157 1094 2212 aut
1125 2127 1345 2238 liquoribus
1374 2130 1554 2211 humanis
1587 2151 1655 2212 aut

220 2237 423 2346 cibantur,
448 2267 514 2324 aut
536 2239 789 2327 delatrantur.
815 2239 986 2324 Primam
1010 2241 1166 2324 clallem
1195 2267 1303 2323 tenet
1328 2244 1427 2322 inter
1449 2239 1518 2324 alis
1543 2240 1654 2324 desti-

217 2375 308 2434 tuta
329 2352 537 2458 animalia,
562 2352 628 2435 sua
655 2357 696 2434 in
719 2352 835 2437 clalle
856 2351 1083 2466 srngularis,
1107 2352 1282 2456 hitud0,
1312 2353 1379 2432 cui
1402 2352 1429 2430 sr
1459 2351 1506 2433 ad
1530 2357 1654 2436 vitam

217 2465 434 2548 necessaria
458 2464 563 2547 soret
586 2465 781 2576 sanguinis
804 2467 965 2546 humani
991 2464 1128 2569 usura,
1154 2459 1231 2569 iarn
1257 2462 1364 2546 certe
1393 2461 1541 2546 dudum
1567 2490 1654 2548 tota

219 2577 395 2770 periisset
417 2576 594 2690 species,
629 2581 721 2658 clnn
747 2579 881 2690 paucis
906 2576 1121 2682 admodum
1146 2579 1301 2658 eveniat
1323 2602 1368 2656 ut
1393 2573 1531 2658 talium
1558 2603 1655 2692 epu·

196 2745 203 2760 ·
240 2713 352 2770 arum
382 2692 588 2802 contingat
620 2692 904 2803 opportunitas.
937 2685 1032 2794 Ejus
1061 2691 1103 2768 in
1134 2714 1267 2771 cutem
1296 2689 1398 2770 aslio
1427 2713 1474 2770 ea
1500 2690 1579 2794 est,
1610 2715 1655 2772 ut

218 2799 371 2914 triplici
387 2798 544 2884 stimulo
555 2797 697 2886 vulnus
719 2801 805 2884 satis
850 2799 1018 2884 rosundb
1040 2801 1201 2906 inferat,
1227 2826 1270 2883 ut
1292 2799 1382 2882 indi:
1404 2799 1558 2912 sanguis
1581 2831 1656 2885 co-

182 2943 188 2950 ·
219 2912 344 3028 piosb
358 2913 551 3027 profluat,
563 2941 691 3025 ,quem
711 2915 840 3027 postea
854 2911 988 3023 aliquo
1006 2907 1260 2996 instrumento
1281 2909 1423 3026 lingua
1440 2916 1481 2994 in
1501 2941 1657 2998 morem

219 3025 332 3110 fatto
361 3024 494 3139 sugit,
525 3033 567 3109 bt
596 3027 766 3110 advocat
792 3026 841 3110 ad
869 3027 1021 3131 cutim,
1049 3029 1102 3109 ita
1128 3025 1173 3108 ut
1196 3026 1349 3108 sortiter
1378 3027 1460 3106 cuti
1486 3028 1658 3138 apprelsa

219 3137 370 3224 hirudo
391 3167 506 3244 earn,
529 3141 598 3222 nist
619 3138 735 3253 plena
754 3141 933 3242 cruoris,
954 3168 1035 3221 non
1063 3138 1244 3223 dimittat.
1272 3138 1338 3220 De
1365 3132 1446 3241 ejus
1475 3165 1658 3223 anatome

219 3280 345 3362 quam
370 3255 412 3334 in
435 3253 527 3336 attis
553 3249 777 3334 Academias
803 3253 943 3364 Regiae
967 3251 1228 3342 scientiarum
1255 3252 1414 3334 instituit
1436 3249 1658 3336 Morandus

221 3367 296 3448 hic
318 3361 430 3448 altibs
451 3390 568 3477 agere
588 3362 727 3448 inutile
750 3365 813 3446 est.
841 3363 1024 3448 Sufficiat
1038 3365 1136 3448 scire
1154 3367 1219 3446 hic
1231 3425 1244 3470 ‚
1264 3393 1350 3446 non
1367 3391 1507 3446 omnes
1521 3363 1659 3473 squali

221 3477 393 3590 sugendi
412 3479 599 3591 potestate
618 3476 780 3561 donatas
801 3479 870 3584 iri,
899 3505 963 3560 eas
977 3479 1074 3560 verb
1091 3507 1173 3586 quae
1194 3477 1378 3559 fortiores
1398 3475 1485 3559 sunt
1506 3485 1547 3558 dt
1563 3493 1662 3586 quas

221 3589 432 3676 hirudines
461 3593 621 3699 equinas
647 3615 824 3694 vocant,
857 3589 903 3671 est
926 3592 966 3686 vi
994 3589 1071 3671 else
1128 3587 1275 3670 raeditas
1304 3587 1380 3697 qui.
1409 3588 1661 3672 fortissimum

222 3699 377 3787 animal
403 3700 546 3814 polsrnt
571 3699 701 3814 plures
724 3700 838 3782 simul
863 3699 1028 3783 adniotae
1054 3617 1136 3784 soil
1157 3699 1352 3812 sanguinis
1373 3702 1564 3783 effufione
1581 3727 1661 3785 tru-

224 3815 379 3901 cidare.
404 3813 497 3898 Nec
527 3815 653 3896 miniss
680 3810 905 3895 notabimus
931 3815 1113 3922 antiquos
1136 3813 1186 3896 dc
1210 3812 1390 3896 hirudine
1417 3811 1553 3898 vorats
1579 3835 1662 3896 tan:

222 3957 353 4041 quarn
382 3925 432 4010 de
512 3924 688 4010 avillimo
721 3922 830 4008 malo
860 3923 1021 4009 locutos
1047 3926 1135 4034 (b),
1166 3951 1206 4008 at
1233 3927 1326 4008 huic
1346 3940 1508 4016 venno
1537 3923 1662 4008 solam

223 4069 376 4150 aquarn
405 4035 459 4121 sal
477 4068 539 4121 am
573 4036 806 4154 opposuille.
844 4039 936 4124 Nee
970 4043 1140 4147 mirum,
1169 4042 1262 4121 cirm
1290 4041 1409 4121 etiam
1436 4034 1665 4150 vulneribus
1754 4137 1756 4142 ¹

227 4158 279 4240 in
306 4178 440 4237 cutem
469 4152 648 4256 inflislis,
677 4149 928 4264 perstantibus
957 4153 1085 4237 adhitc
1112 4147 1368 4260 animalibus,
1397 4146 1452 4230 sal
1476 4179 1549 4263 pto
1575 4177 1664 4264 cer7

224 4263 376 4353 tilsunri
393 4261 590 4348 medicinis
611 4265 680 4362 srt3
706 4261 849 4380 quippe
869 4273 911 4348 dt
933 4293 996 4349 eas
1019 4267 1129 4376 sugat
1140 4325 1154 4370 ,
1182 4263 1265 4344 imo
1292 4269 1333 4344 ὃ(
1358 4287 1519 4368 enecat,
1546 4261 1666 4374 arque

226 4376 287 4465 ab
312 4379 526 4462 lisinnias
552 4376 658 4460 sanat
681 4375 856 4459 vulnera.
887 4379 944 4459 At
968 4379 1134 4460 credunt
1161 4373 1281 4484 aliqui
1308 4403 1372 4457 ma
1400 4403 1495 4456 num
1519 4375 1667 4460 debere·

227 4487 415 4577 adhiberi
434 4491 475 4571 in
494 4486 724 4572 animalibus
742 4485 819 4572 illis
842 4488 890 4573 ad
910 4488 998 4573 usus
1016 4489 1198 4573 medicos
1215 4405 1421 4598 seligenrsis
1445 4485 1639 4572 deledum
1648 4551 1667 4596 ,

230 4600 385 4716 quippb
403 4601 510 4684 aiunt
528 4631 591 4686 eas
614 4603 834 4714 quanigrae
862 4601 950 4684 sunt
976 4600 1107 4685 morsu
1127 4595 1322 4685 venenato
1352 4601 1535 4708 infames,
1557 4603 1667 4714 quod

232 4717 481 4829 experientia
506 4711 644 4797 falsum
670 4713 957 4800 demonstravit.
987 4714 1108 4799 Certe
1133 4743 1390 4826 quacumque
1414 4717 1556 4800 hirudo
1580 4715 1666 4796 san·

230 4831 404 4944 guinem
417 4827 584 4932 suxerit,
617 4825 772 4942 plagam
792 4825 952 4938 levem,
984 4832 1050 4916 vix
1073 4830 1309 4943 prurientem
1339 4828 1552 4940 relinquit,
1582 4855 1670 4938 quat

283 4979 338 5062 (a)
360 4979 489 5055 Τεΐη,
510 4979 589 5045 serm.
613 5003 645 5054 t,
662 5003 723 5064 cap.
743 4987 787 5044 ss.

279 5061 337 5144 (l)
359 5062 475 5138 Aetius,
494 5063 574 5131 Ten.
590 5083 621 5142 4,
642 5061 720 5130 serm,
737 5083 768 5132 1.
784 5086 842 5150 cap.
857 5083 904 5145 μ.
