4136 5892
459 441 538 530 152
725 415 822 504 os
878 369 1195 504 nonum
1252 407 1655 507 curnssrs.

452 576 686 695 universalia
720 583 936 668 humorum
968 577 1019 665 ad
1052 583 1178 665 cutim
1198 583 1442 668 'haerentium
1478 583 1756 670 attenuanda?
1788 579 1892 671 Haec

446 697 578 826 prima
613 699 687 780 erit
723 694 938 886 disquisitiq
972 690 1021 827 ad
1056 719 1175 805 quam
1209 693 1381 781 secunda
1414 696 1603 782 reseretur
1633 699 1891 782 vacuantiuna

354 979 360 988 .
444 803 1123 1031 anbffldffitbbrcbnbbbbdm
1146 915 1257 1003 nulla
1281 920 1364 1004 dari
1386 915 1618 1004 universalia
1639 919 1889 1035 perspicuum

374 1097 377 1106 .
448 1031 498 1124 sat
516 1059 566 1118 ex
586 1029 668 1146 ipsi
690 1029 928 1118 tenuationis
949 1028 1086 1115 naturl
1111 1059 1196 1142 quar
1226 1057 1296 1148 per
1323 1032 1430 1116 sein
1455 1055 1598 1114 natura
1621 1031 1761 1118 ordine
1779 1034 1889 1120 idem

449 1174 505 1230 ac.
536 1147 669 1230 callio
702 1144 818 1230 sonat
830 1207 857 1271 ,ι
880 1151 922 1228 dr
956 1142 1050 1228 solis
1082 1147 1263 1260 corporis
1292 1146 1435 1340 iqqqgri
1460 1139 1608 1230 viribus
1636 1146 1723 1230 fieri
1746 1147 1887 1260 possrt,

449 1267 532 1368 quo
574 1260 738 1342 nomine
778 1257 969 1369 quidquid
1019 1257 1227 1366 crudum„
1279 1287 1322 1342 cr
1375 1287 1445 1341 um
1498 1282 1616 1365 arque
1661 1261 1765 1343 iners
1813 1259 1890 1344 fuit

448 1373 697 1482 concoquit,
726 1394 929 1474 attenuans
956 1370 1037 1453 dici
1059 1374 1212 1484 potest,
1240 1371 1321 1454 dari
1349 1397 1502 1455 certum
1531 1369 1584 1454 est
1610 1367 1759 1481 aliquas
1783 1369 1892 1456 subs«

449 1487 588 1568 undas
622 1513 706 1596 quae
734 1485 834 1568 intra
863 1483 1048 1570 vasorum
1078 1481 1392 1568 tenuissrmorum
1421 1483 1581 1596 systema
1603 1482 1774 1566 admissa
1802 1510 1888 1569 non

442 1592 576 1679 -solitm
603 1622 731 1706 partes
761 1624 871 1682 acres
895 1620 1103 1681 venenatas
1126 1595 1319 1681 destruere
1350 1620 1467 1708 atque
1490 1594 1678 1680 edomare
1701 1593 1885 1705 valeant,

448 1708 518 1793 sed
534 1709 704 1824 coagula
715 1708 765 1791 ab
778 1712 867 1824 ipsis
881 1711 981 1793 fadl'a
1000 1709 1142 1824 possint
1169 1708 1392 1816 resolvere,
1419 1716 1463 1792 de
1488 1707 1540 1790 stc
1559 1708 1752 1821 adaugere
1777 1709 1887 1823 pers-

477 1825 684 1908 'rationem
713 1821 789 1933 qul
818 1822 991 1928 demum
1009 1824 1144 1905 omnia
1172 1825 1316 1906 nociva
1345 1818 1455 1907 extra
1491 1848 1635 1934 corpus
1669 1821 1774 1904 sor'as
1804 1819 1885 1936 pel-

515 1963 590 2021 tur.
639 1935 805 2020 Certum
833 1939 884 2018 est
915 1937 1094 2019 omnium
1120 1933 1378 2018 Medicorum
1409 1931 1684 2018 observatione
1713 1941 1755 2017 dr
1784 1961 1888 2016 con-

443 2047 559 2132 sensu
589 2047 894 2134 demonstratum
924 2047 1245 2164 perspirationem
1276 2048 1426 2131 intendi
1456 2055 1499 2132 dt
1524 2045 1730 2160 languinis
1757 2073 1886 2160 partes

444 2165 601 2246 tenuari
646 2160 910 2276 potentissime
951 2158 1152 2273 lignorum
1197 2163 1527 2244 Americanorum
1576 2157 1760 2270 auxilio,
1805 2157 1886 2242 sul-

414 2273 546 2357 ‘firris
575 2272 771 2358 mineralis
802 2269 1013 2378 efficacii,
1052 2271 1191 2355 salium
1222 2271 1446 2358 volatilium
1480 2267 1739 2354 alcalinorum
1778 2299 1886 2386 ope,

443 2414 496 2470 uc
535 2413 605 2500 per
642 2385 902 2472 tenuissimam
949 2384 1101 2499 spiritds
1145 2383 1322 2470 animalis
1374 2388 1416 2467 in
1459 2381 1688 2494 quibusdam
1733 2388 1885 2468 anirua-

445 2495 551 2584 libus
591 2496 880 2586 volatilitatem.
927 2497 1091 2614 Quippe
1131 2503 1293 2612 priora,
1338 2497 1407 2582 etsr
1447 2525 1531 2580 non
1567 2496 1736 2582 calentia
1773 2497 1886 2582 adhi-

443 2610 532 2698 bita
566 2613 712 2698 fuerint
725 2673 739 2719 ,
779 2611 1035 2696 mediocriter
1070 2615 1176 2694 teilo
1210 2635 1380 2727 corpore
1416 2609 1578 2696 sudores
1611 2607 1800 2716 eliciunt,
1840 2619 1884 2696 dt

444 2725 538 2812 data
577 2751 668 2811 ante
709 2723 808 2832 justae
850 2723 1140 2840 perspirationis
1173 2723 1347 2831 horam,
1384 2723 1610 2840 postillam
1647 2721 1815 2838 elapsam
1850 2725 1882 2807 si

445 2841 620 2955 cor'pora
643 2835 813 2924 detraes
837 2837 1115 2922 alimentorum
1140 2845 1183 2922 dt
1209 2836 1509 2953 potulentorum
1529 2834 1678 2922 summi
1702 2836 1752 2920 ad
1774 2837 1884 2921 state-

442 2979 532 3039 ram
559 2953 855 3035 Sandorianam
883 2948 1132 3062 exposueris,
1162 2953 1307 3034 mirum
1332 2954 1374 3034 in
1399 2951 1563 3034 modum
1591 2947 1743 3034 leviora
1769 2977 1884 3062 repe-

443 3065 538 3148 ries.
567 3063 661 3147 Nec
683 3061 842 3146 mirum.
872 3061 1005 3145 Partes
1029 3066 1136 3146 enim
1158 3087 1328 3170 eorum,
1359 3089 1448 3148 utut
1469 3062 1620 3146 summe
1645 3059 1882 3169 addensat,

444 3173 672 3262 tenuissimae
700 3199 833 3264 tamen
863 3172 952 3258 sunt
976 3179 1019 3256 δι
1046 3177 1088 3259 vi
1113 3174 1264 3260 summe
1293 3179 1512 3290 penetranti
1544 3176 1753 3260 donantur.
1790 3175 1884 3260 Nec

444 3287 572 3374 'credo
606 3285 682 3371 alia
718 3290 873 3371 ratione
911 3311 1033 3400 agunt
1064 3315 1111 3370 ac
1146 3287 1268 3372 sulfur
1299 3289 1426 3404 ipsum
1467 3285 1691 3394 minerale,
1736 3287 1882 3398 quod,

445 3399 545 3490 licet
575 3397 641 3484 alii
678 3397 785 3484 aliud
826 3423 994 3514 putent,
1030 3400 1132 3484 intra
1170 3400 1398 3516 sanguinem
1436 3402 1575 3486 sensrm
1614 3401 1883 3484 introdublum

446 3516 592 3598 mirum
622 3506 669 3596 ln
704 3513 871 3597 modum
906 3534 1080 3596 attenuat
1110 3519 1154 3598 ὅ(
1184 3511 1334 3628 glutina
1365 3512 1539 3598 dissolvit
1573 3545 1585 3614 ς
1625 3513 1737 3624 quod
1774 3516 1882 3598 enirn

445 3627 558 3712 sedis
587 3623 821 3710 animalibus
848 3623 990 3734 quibus
1018 3626 1209 3738 ingestum
1235 3625 1310 3712 suit
1337 3624 1457 3710 facile
1484 3628 1653 3742 reperies
1665 3686 1679 3731 ‚
1717 3629 1757 3708 in
1793 3626 1882 3738 ipsu

447 3741 634 3824 intestinis
662 3741 827 3823 vertitur
856 3740 899 3822 in
931 3741 1081 3852 hepatis
1105 3723 1273 3823 sulfuris·
1305 3739 1476 3824 formam
1489 3799 1503 3845 ,
1536 3735 1614 3850 qud
1643 3735 1713 3820 sub
1752 3735 1883 3822 sormd

447 3855 549 3938 intra
569 3849 796 3964 sanguinem
808 3875 1013 3964 receptum
1026 3847 1092 3934 vel
1109 3851 1197 3962 ipsas
1216 3850 1368 3936 annulis
1387 3856 1512 3937 aureis
1527 3849 1711 3936 colorem
1725 3853 1882 3962 nigrum

450 3961 693 4048 conciliat&
710 3961 897 4048 foetorem
916 3959 1016 4045 indit
1031 3964 1149 4046 urinis
1169 3963 1339 4048 maxime
1358 3962 1588 4049 notabilem.
1609 3963 1720 4047 Hinc
1737 3963 1880 4076 ipsum,

449 4101 494 4160 ut
515 4085 695 4161 &exeo
721 4075 933 4160 constantia
947 4071 1255 4182 medicamenta,
1281 4075 1519 4160 tenuandivi
1561 4073 1686 4160 ollere
1706 4103 1881 4192 pronun-

450 4191 666 4293 tiaverim,
697 4187 868 4299 indeque
896 4191 938 4270 in
959 4184 1108 4271 morbis
1135 4189 1239 4270 cutis
1259 4185 1497 4294 lichenosrs,
1526 4107 1728 4294 lbabiosts,
1744 4188 1881 4302 'porri-

433 4302 595 4414 ·ginosrs
620 4298 830 4412 plurimum
855 4299 1012 4406 valere,
1044 4299 1154 4410 qubd
1178 4299 1331 4385 acribus
1356 4299 1583 4393 laedentibus
1606 4329 1740 4416 aptum
1765 4298 1883 4386 tollat

452 4410 683 4499 vehiculum
708 4438 824 4522 atque
838 4413 1042 4497 vinculum
1062 4417 1140 4496 cui·
1157 4412 1352 4498 adherent
1372 4413 1467 4520 illae,
1491 4411 1630 4524 solvat,
1657 4411 1765 4497 Salia
1782 4413 1883 4497 verb

449 4522 627 4612 volatilia
640 4525 721 4640 ipsd
732 4523 797 4608 sud
808 4521 1041 4609 volatilitate
1055 4525 1230 4640 prosunt,
1245 4525 1323 4638 qul
1334 4526 1494 4611 mucosa
1507 4551 1690 4641 potenter
1701 4551 1880 4634 tenuant,

453 4635 530 4750 qul
549 4637 890 4721 fermentationem
917 4661 1076 4744 arcent,
1106 4638 1298 4751 smulque
1316 4637 1365 4722 ad
1377 4639 1560 4724 vasorum
1579 4641 1677 4724 fines
1690 4637 1880 4745 ultimos,

451 4747 679 4836 morbificat
707 4747 935 4864 propellunt
963 4776 1132 4838 atomos.
1164 4752 1274 4838 Hinc
1298 4750 1622 4864 quotiescumque
1649 4751 1738 4836 data
1763 4751 1884 4838 fuerit

447 4861 613 4950 occasro
639 4859 733 4954 talia
764 4859 976 4948 adnitendi
1006 4864 1266 4952 medicamina
1278 4925 1295 4974 ,
1327 4859 1544 4954 mallarenbs
1574 4867 1719 4950 mirum
1747 4866 1823 4950 erit
1854 4865 1883 4948 sr

1682 4977 1848 5063 furfures
1863 5037 1881 5086 ,
