4188 5916
552 443 1133 540 .curnua1s
1521 467 1604 556 au
1713 425 1717 434 ’

169 597 351 714 proprius
366 601 419 688 est
426 663 440 714 ,
457 627 502 692 ut
516 601 819 694 demonstratum
830 613 1090 716 confidimus,
1113 606 1221 721 quod
1235 606 1284 694 dc
1297 605 1485 694 scorbuto
1497 608 1606 696 nulli

171 713 325 798 ratione
356 719 483 830 potest
514 717 607 803 dici.
636 721 737 830 Quae
776 749 874 834 ergo
905 725 932 806 sr
966 724 1134 807 adfuerit
1169 721 1470 836 complicatio,
1509 727 1604 806 clun
1685 775 1693 788 ·

168 821 345 911 scorbuti
361 829 521 942 elladius
539 833 684 945 polluat
703 841 745 916 dt
764 832 894 918 subito
915 845 957 920 ὁ(
976 839 1163 920 atrociter
1181 835 1376 941 ferocire,
1399 863 1603 948 magnum-

170 953 248 1046 que
266 942 480 1056 importare
503 942 749 1058 periculum,
770 947 880 1056 quod
903 951 990 1032 raro
1013 953 1055 1030 in
1077 945 1302 1062 herpetibus
1327 975 1402 1031 nec
1422 949 1494 1030 nist
1514 946 1605 1061 sup·

168 1051 301 1161 preliis
324 1055 495 1159 accidit,
520 1060 605 1168 quis
628 1056 780 1143 dubitat
802 1063 966 1173 primam
993 1061 1249 1144 Medicorum
1279 1063 1538 1143 attentionem
1560 1065 1602 1145 in

169 1187 222 1244 eo
246 1163 388 1249 versari
419 1162 598 1276 debere,
626 1197 672 1255 ut
700 1169 932 1255 scorbuticae
961 1170 1040 1256 labi
1068 1174 1318 1286 per'propria
1345 1178 1386 1254 dt
1420 1171 1603 1285 specifica

166 1278 340 1360 remedia
357 1279 445 1364 anti
463 1284 597 1366 omnia
611 1283 866 1367 medeantur?
882 1285 981 1368 Haec
995 1289 1049 1367 ita
1062 1311 1192 1368 tamen
1209 1284 1502 1370 administranda
1514 1285 1602 1370 sunt

166 1411 306 1473 utnon
317 1389 820 1502 succrescatinslammatio,
834 1425 908 1482 nec
920 1395 1294 1481 ruborscorbuticus
1305 1399 1345 1478 in
1358 1425 1605 1508 gangrenam

166 1503 220 1585 eo
236 1501 458 1591 faciliorem
479 1504 614 1612 abeat,
639 1507 748 1616 quod
767 1510 837 1593 her
863 1513 1012 1594 ericum
1029 1537 1118 1593 acre
1133 1505 1428 1621 suggillationcs
1443 1506 1606 1592 scorbu-

164 1616 265 1700 ticas
278 1616 327 1700 ad
342 1644 474 1702 cutem
490 1621 633 1704 harere
648 1645 781 1734 cogat.
798 1541 876 1706 Uli
889 1624 986 1708 vcro
999 1649 1101 1734 aeger
1117 1622 1138 1704 a
1154 1619 1377 1704 scorbuticai
1387 1618 1453 1704 lue
1467 1624 1604 1706 immu-

165 1754 261 1810 nem
281 1729 320 1813 se
340 1735 573 1844 prastiterit,
598 1757 693 1818 tunc
714 1733 768 1816 ad
782 1735 989 1848 herpetum
1012 1733 1184 1818 remedia
1206 1763 1280 1818 nos
1300 1759 1601 1839 convertemus,

167 1842 415 1926 mercurialia
427 1845 623 1956 fugientes
639 1874 723 1955 quae
738 1842 821 1928 sola
836 1847 989 1961 pollent
1007 1846 1138 1960 sopito
1156 1844 1344 1929 scorbuto
1360 1873 1482 1928 novas
1499 1850 1617 1930 vires

166 1949 360 2043 sufficere.
388 1956 437 2040 In
456 1955 536 2040 illis
557 1956 705 2042 canbus
724 1957 765 2041 id
782 1962 901 2042 etiarn
922 1957 1130 2042 commodi
1149 1957 1364 2061 habemus,
1390 1956 1499 2066 quod
1518 1989 1603 2066 qua

167 2064 476 2154 antiscorbutica
497 2068 647 2154 &sunt
670 2070 916 2155 &dicuntur
944 2071 1116 2155 remedia
1141 2070 1284 2183 possint
1309 2069 1357 2152 ad
1386 2093 1602 2182 praeparan-

167 2177 266 2310 dum
289 2181 331 2262 in
351 2181 576 2297 herpetibus
600 2183 780 2268 curandis
805 2211 949 2300 corpus
972 2210 1059 2268 non·
1078 2185 1281 2266 minimam
1304 2208 1489 2266 exercere
1514 2181 1603 2264 effi-

168 2319 334 2377 caeram.

107 2417 114 2435 “
221 2405 265 2486 N
268 2413 345 2488 unc
362 2405 459 2488 vero
476 2409 571 2516 quid
588 2407 656 2493 fibi
676 2409 872 2524 postulent
886 2407 1041 2493 diversa
1058 2409 1264 2522 herpetum
1281 2404 1429 2515 species
1446 2403 1466 2487 *a
1486 2403 1603 2492 nobis
1691 2513 1695 2520 ἡ

165 2514 249 2622 jure
276 2520 500 2630 requiritur.
531 2523 638 2604 Nam
672 2551 755 2606 non
785 2522 893 2607 idem
925 2523 977 2604 est
1007 2523 1158 2634 herpeti
1191 2517 1332 2601 miliari
1366 2517 1603 2604 medicinam

164 2631 315 2738 facere,
337 2660 422 2714 non
436 2629 544 2714 idem
558 2636 610 2718 est
624 2638 977 2748 curareherpetem
991 2631 1179 2737 aelmon,
1193 2629 1604 2744 autphagoedenicum

165 2741 391 2856 ingentibus
414 2746 504 2827 artis
526 2743 678 2829 auxiliis
702 2745 859 2831 adoriri.

220 2857 372 2940 Verlrm
389 2859 480 2939 clam
495 2859 638 2941 veneni
656 2883 790 2942 natura
804 2855 942 2942 eadem
960 2857 1033 2962 stt,
1056 2854 1360 2963 differentiaque
1374 2854 1605 2965 insigniores

167 2971 299 3080 potius
321 2965 369 3048 ab
387 2973 610 3080 aegrotantis
630 2997 802 3087 corpore
813 3031 827 3078 ,
853 2967 970 3079 quim
992 2971 1014 3052 ὲ
1033 2969 1174 3052 veneni
1195 2968 1386 3080 herpetici
1406 2967 1605 3050 conditio-

166 3077 281 3164 nibus
311 3080 529 3194 repeteudae
560 3083 633 3164 srnt
647 3143 662 3187 ,
697 3082 835 3167 eadem
869 3084 922 3166 est
947 3079 1234 3164 indicationum
1267 3075 1605 3192 adimplendorum

167 3217 331 3290 natura3
351 3193 563 3277 methodus
583 3197 680 3278 uero
702 3196 1085 3281 medicamentorum
1111 3190 1416 3304 ingerendorum
1442 3190 1603 3276 diversa.

220 3305 336 3388 Sicut
359 3309 498 3419 herpes
520 3304 680 3391 miliaria
700 3311 852 3421 ingenti
871 3310 1020 3421 impetu
1044 3303 1289 3408 effervescit,
1312 3301 1602 3413 dolorumque,

166 3414 389 3530 vigiliarum
401 3477 414 3522 ,
436 3420 519 3501 imo
540 3426 580 3502 dt
601 3419 741 3504 summi
763 3418 938 3505 incendii
958 3449 1033 3534 prae
1055 3417 1095 3502 se
1111 3418 1187 3500 fert
1202 3416 1407 3521 saevitiem,
1432 3419 1604 3499 maxima
1731 3527 1733 3532 Ι

167 3531 382 3612 curationis
397 3559 482 3640 pars
497 3533 538 3613 in
555 3529 795 3619 diluentium
806 3531 1174 3646 &refrigerantium
1190 3529 1378 3641 congerie
1396 3551 1480 3610 tota
1502 3556 1602 3610 con-

166 3642 257 3724 sistit
266 3644 385 3739 ,driu
400 3640 572 3726 sedando
584 3647 794 3730 erethismo
808 3672 924 3755 atque
936 3642 1178 3756 phlogoseos
1190 3639 1329 3724 ardore
1340 3637 1601 3724 obtundendo

166 3753 252 3838 sere
265 3750 443 3834 universa
457 3757 708 3862 continetur,
727 3784 803 3841 nec
817 3759 887 3840 nist
900 3755 968 3840 ubi
984 3753 1061 3863 jam
1078 3780 1216 3869 pacata
1230 3753 1317 3836 sunt
1331 3755 1489 3858 omnia,
1506 3750 1602 3838 licet

168 3865 220 3950 de
245 3866 515 3948 attenuatione
542 3865 668 3974 atque'
682 3867 912 3954 alteratione
938 3871 1114 3952 humoris
1142 3869 1331 3980 cogitare.
1360 3865 1479 3946 Tunc
1503 3867 1601 3946 vero

169 4007 253 4088 qua
271 3976 318 4060 srt
337 3978 480 4060 veneni
499 3979 715 4064 acrimonia
734 4009 904 4095 corpore
925 4007 1066 4095 pacato
1077 4042 1091 4086 ,
1115 3987 1157 4064 ὅ(
1180 3976 1351 4062 tumultu
1376 3976 1599 4086 composito

169 4088 416 4203 agnoscetur.
439 4089 550 4203 Saepe
568 4093 673 4174 enim
694 4093 804 4202 quod
823 4093 943 4178 ferale
960 4089 1164 4178 videbatur
1185 4087 1413 4172 incendium
1436 4089 1597 4194 minari,

170 4205 399 4316 incorpore
419 4201 569 4286 summe
591 4202 716 4289 sensili
742 4214 783 4290 δι
805 4208 984 4291 diathesrs
1003 4203 1332 4304 inflanmatoriae‚
1353 4195 1486 4282 sedato
1512 4201 1598 4284 astu

170 4311 220 4396 ab
240 4312 285 4400 eal
303 4314 463 4400 induero
472 4379 487 4420 ,
507 4313 668 4431 fimplcx
688 4321 741 4402 est
760 4325 801 4401 ὃ(
817 4321 927 4432 parvi
946 4316 1166 4417 momenti,
1183 4314 1328 4420 vixque
1346 4307 1596 4396 ullilrscura⁴
1697 4332 1700 4338 '

170 4429 291 4512 tionis
315 4424 386 4509 fibi
411 4431 572 4538 requirit
598 4425 815 4511 molimina.
851 4428 962 4514 Hinc
985 4453 1207 4533 nunquam,
1229 4450 1295 4508 aut
1316 4420 1450 4508 saltem
1477 4428 1597 4510 rarius

172 4539 221 4622 ad
252 4541 453 4654 herpetem
488 4537 681 4625 miliarem
717 4541 887 4654 pertinet
916 4536 999 4620 ulla
1031 4540 1258 4650 topicorum
1292 4535 1595 4643 administratio,

171 4677 307 4764 prater
335 4652 512 4742 fomenta
542 4651 610 4736 illa
634 4653 808 4739 sedantia
831 4676 950 4760 atque
972 4649 1139 4733 laxantia
1166 4679 1249 4758 qua
1273 4649 1469 4734 fervorem
1492 4676 1595 4734 tem-

171 4789 323 4875 perant,
341 4772 742 4877 &quarepetuntura
756 4760 920 4848 floribus
933 4761 1123 4868 sambuci,
1133 4761 1318 4867 meliloti,
1331 4761 1593 4861 chamameli3

170 4873 378 4986 verbena,
402 4880 520 4994 virga
546 4905 667 4964 aures
680 4941 696 4990 ,
718 4877 879 4992 aliisque
900 4873 1124 4987 hujusmodi
1150 4905 1234 4990 quae
1259 4876 1301 4964 in
1301 4873 1423 5074 {qui
1439 4874 1564 4960 infusa
1575 4930 1594 4984 ,

1362 5016 1389 5074 x
