4228 5898
474 487 557 580 ur
739 445 1672 550 annotaretur-auare.

475 633 542 742 aa,
557 615 971 738 nmtsnmnqnees
984 603 1908 738 intervallis,vellongioribus‚ve1brevioribui.

531 741 740 834 Jamverb
761 738 809 822 ab
830 736 1117 824 attenuantibus
1137 738 1188 822 ad
1205 739 1412 823 vacuantia
1433 763 1517 847 quat
1536 733 1649 817 suum
1671 730 1742 817 fibi
1765 732 1908 822 locum

476 856 680 942 vindicant
706 851 809 936 ordo
834 881 907 936 nos
927 851 1098 936 devehit
1121 850 1243 936 Licet
1267 853 1374 934 enim
1396 847 1466 932 ille
1487 848 1606 931 fuerit
1628 851 1908 934 attenuationis

474 967 619 1083 scopus
631 991 676 1051 ut
740 988 815 1074 rtes
830 962 1020 1048 morbosa
1035 959 1374 1048 fiantmobiliores
1385 1025 1400 1067 ,
1413 963 1547 1072 sicque
1561 961 1666 1071 quast
1680 959 1819 1157 {ponte
1839 953 1909 1046 eli

475 1079 675 1168 mine'ntur
721 1104 913 1190 corpore,
931 1077 1188 1162 metuendum
1198 1075 1366 1161 foretne
1376 1074 1470 1158 diam
1484 1073 1686 1157 hasrtanta
1724 1074 1910 1160 vasorum

475 1197 596 1301 ostia,
612 1201 654 1276 bt
665 1192 769 1301 quast
783 1183 978 1305 stagnant,
993 1219 1122 1274 novos
1133 1191 1407 1302 conciperent,
1420 1209 1487 1270 aut
1498 1215 1593 1270 cunr
1608 1183 1695 1270 sero
1704 1247 1719 1294 ,
1734 1213 1801 1272 aut
1813 1217 1909 1274 cunt

476 1317 601 1391 mu'co
636 1301 882 1418 lymphatico
915 1331 1067 1408 nexus,
1103 1305 1236 1414 sicque
1265 1299 1413 1384 malum
1447 1299 1748 1384 recrudesceret
1794 1295 1908 1386 Hinc

475 1417 546 1502 ubi
565 1413 688 1500 semel
710 1443 779 1529 per
798 1412 1059 1500 indicationes
1079 1419 1236 1502 noveris
1249 1439 1448 1497 tenuatam
1467 1415 1696 1518 materiem,
1716 1413 1908 1497 fluduan·

474 1554 636 1642 temque
663 1526 894 1613 indicabunt
921 1535 1005 1613 tiam
1033 1525 1171 1630 laxitas
1202 1529 1332 1634 cutia,
1366 1531 1452 1610 tima
1485 1529 1762 1610 excretionum
1797 1550 1908 1611 natu·

474 1642 615 1728 ralium
639 1645 833 1749 mutatio,
855 1669 915 1725 ars
938 1640 1149 1756 prescribit
1164 1636 1465 1724 vacuationibus
1486 1637 1564 1722 effe
1585 1637 1831 1722 sunnonem
1851 1644 1908 1726 ita

472 1754 804 1871 aggrediendam,
828 1780 874 1837 ut
886 1752 982 1838 dum
1000 1753 1051 1838 de
1067 1752 1212 1837 morbo
1231 1752 1428 1858 detrahis,
1448 1749 1545 1835 nihil
1559 1751 1610 1835 de
1626 1747 1761 1835 natura
1775 1748 1906 1835 detra-

474 1869 574 1976 has,
605 1893 649 1950 ut
669 1894 712 1951 te
729 1863 876 1951 uiribus
901 1871 991 1980 aegri
1014 1876 1056 1951 bt
1076 1865 1215 1981 gradui
1235 1861 1366 1949 morbi
1389 1864 1541 1978 semper
1565 1861 1906 1978 proportionalem

473 1978 613 2087 {attare
630 1979 760 2093 poffis.
787 1977 1076 2064 Criminabatur
1098 1978 1196 2063 olim
1220 1975 1477 2062 Helmontius
1501 1973 1555 2062 do
1585 1981 1752 2060 maticos
1774 1975 1907 2064 Medi·

474 2118 668 2202 eosquos
689 2085 906 2176 Galenicoa
936 2090 1135 2206 appellat,
1163 2090 1272 2203 quod
1298 2090 1337 2174 se
1368 2088 1476 2175 foeda
1501 2005 1631 2174 scabie
1656 2087 1905 2174 laborantem

502 2201 729 2318 urgantibus
752 2204 1029 2310 exhausrllent‚
1055 2235 1140 2287 non
1165 2203 1389 2302 curaffent3
1417 2231 1493 2287 nec
1513 2203 1735 2310 immerito,
1765 2201 1907 2289 fisuos

472 2227 662 2401 bledicos
682 2319 812 2431 potius
829 2315 946 2426 quim
962 2345 1085 2402 artem
1102 2343 1258 2431 captare
1271 2313 1466 2401 uoluillet.
1490 2315 1572 2398 Sed
1591 2315 1620 2396 li
1637 2315 1685 2398 iis
1705 2327 1906 2400 attenuan-

472 2427 598 2536 tibus,
620 2427 750 2540 qualia
772 2430 923 2544 profert
938 2431 1040 2544 ipse,
1060 2456 1127 2514 aut
1148 2426 1401 2536 melioribus,
1430 2427 1559 2538 qualia
1576 2425 1797 2541 suppeditat
1812 2433 1903 2516 artis

474 2546 849 2648 armamentarium,
887 2573 987 2658 opus
1017 2542 1143 2626 adorsi
1205 2541 1432 2656 urgantibua
1466 2540 1718 2655 exegillent,
1760 2541 1904 2628 leviori

474 2657 563 2741 viro
586 2652 716 2738 nullus
740 2657 1019 2740 conviciorum
1038 2652 1153 2738 locus
1173 2573 1425 2769 luperfuiss'et.

530 2771 587 2852 At
610 2768 709 2852 verb
735 2771 922 2878 quoniam
947 2766 1006 2852 illi
1031 2765 1162 2853 morbi
1184 2797 1267 2852 non
1290 2764 1408 2852 unici
1427 2769 1543 2873 vice,
1570 2766 1637 2849 aut
1657 2764 1775 2848 unico
1795 2789 1903 2850 tem-

473 2883 581 2994 poris
598 2883 745 2993 pundo
761 2878 850 2964 tolli
867 2881 1044 2996 possunt,
1069 2879 1137 2963 ubi
1160 2879 1289 2991 aliqua
1333 2902 1392 2964 ars
1412 2905 1525 2964 tanta
1544 2877 1663 2983 molis
1681 2881 1721 2960 in
1743 2902 1902 2964 motum

474 2995 560 3074 atta
597 2994 650 3076 est
688 2999 730 3076 dt
765 3018 955 3102 tenuata,
999 2993 1150 3076 tardare
1182 2995 1274 3078 int
1313 2991 1398 3076 'bus
1432 2990 1610 3099 malum,
1647 2989 1813 3102 artisque
1848 2995 1906 3077 est

475 3130 504 3185 o
533 3103 678 3210 erosa,
713 3131 788 3189 nec
825 3104 915 3189 sane
950 3102 1077 3190 facilis
1108 3109 1346 3190 attenuanda
1377 3103 1616 3220 interpolare
1647 3099 1902 3218 purgantibus

471 3133 697 3410 plirriesque
716 3243 799 3301 rem
820 3219 982 3324 iterare,
1013 3244 1059 3301 ut
1083 3215 1367 3332 multiplicibus
1386 3215 1540 3306 vicibus
1560 3217 1602 3300 id
1623 3217 1772 3301 efficias
1792 3216 1903 3329 quod

488 3327 609 3414 abore
633 3326 820 3524 inpprobo
840 3359 918 3414 una
942 3329 1157 3414 medicatio
1177 3332 1381 3416 exhaurire
1397 3356 1480 3414 non
1509 3327 1636 3445 pollet
1657 3360 1670 3429 ;
1693 3333 1830 3414 verbm
1855 3359 1903 3418 ut

474 3465 558 3524 non
587 3471 655 3527 om
698 3471 721 3526 a
753 3443 1040 3532 medicamenta
1075 3447 1312 3528 attenuanda
1351 3441 1535 3528 omnibus
1568 3443 1707 3528 eadem
1746 3471 1903 3530 conue-

473 3557 587 3638 niunt
600 3619 613 3660 ,
643 3559 695 3638 ita
718 3583 802 3639 non
827 3554 1010 3640 omnibus
1033 3557 1182 3641 casibus
1203 3559 1416 3641 cathartica
1434 3556 1574 3640 eadem
1596 3581 1840 3670 competunt.

528 3667 745 3753 Enimuero
767 3674 922 3782 quoties
944 3671 1088 3753 humor
1110 3667 1285 3754 ivitiatl
1305 3667 1471 3782 lympha
1490 3672 1702 3753 tenacitate
1728 3675 1770 3753 dt
1792 3699 1905 3754 coma

469 3805 571 3894 page
598 3781 766 3894 pendet,
796 3789 888 3865 cium
911 3781 1060 3865 malum
1086 3782 1134 3866 ad
1162 3783 1385 3867 uniuersum
1410 3811 1555 3900 corpus
1578 3783 1798 3897 pertineat,
1828 3781 1904 3869 ubi·

469 3897 676 4000 tenuatio,
705 3917 772 3976 aut
798 3921 969 4000 natura,
997 3919 1065 3979 aut
1094 3898 1184 3981 artis
1205 3893 1352 3980 viribus
1380 3901 1534 4008 peraeta
1555 3898 1608 3981 est
1620 3957 1635 4001 ,
1666 3893 1819 3978 nullum
1845 3899 1902 3980 est

470 4004 579 4198 pund
610 4037 692 4090 non
718 4011 930 4110 conveniat
953 4034 1003 4090 ex
1022 4010 1295 4092 evacuantium
1325 4033 1481 4121 genere.
1511 4009 1555 4091 Si
1583 4023 1691 4092 certa
1715 4008 1905 4094 darentun

487 4118 705 4226 odorifera,
728 4120 922 4203 butinam
943 4123 1055 4204 certo
1076 4125 1220 4220 cientia
1239 4117 1438 4204 miscenda
1459 4123 1681 4205 catharticis
1693 4180 1707 4226 ,
1737 4121 1779 4205 id
1792 4122 1900 4208 foret

469 4234 678 4341 optimum.
706 4233 754 4316 In
785 4232 827 4317 id
855 4237 966 4318 omni
997 4261 1074 4347 ope
1100 4260 1218 4344 atque
1242 4231 1361 4429 operi
1387 4235 1627 4318 enitendum.
1660 4233 1776 4318 Unde
1802 4239 1897 4319 clam

470 4341 632 4452 quisque
663 4373 796 4457 agyrta
831 4343 972 4448 talibus
999 4345 1067 4431 sua
1100 4343 1220 4452 jadiet.
1249 4376 1274 4462 p
1305 4375 1458 4430 armata
1486 4344 1695 4432 virtutibus
1709 4407 1723 4452 ,
1757 4372 1822 4431 tot
1854 4355 1900 4434 bt

467 4479 573 4536 tanta
590 4453 690 4562 falso
715 4453 912 4543 venditata
937 4461 1025 4543 sunt
1052 4463 1216 4545 nomine
1244 4489 1328 4573 qua
1355 4463 1445 4544 artis
1471 4461 1604 4542 nostra
1631 4457 1896 4574 propudium,

469 4565 601 4648 sinon
620 4569 771 4682 pigeret
799 4568 970 4678 referre,
998 4570 1079 4686 ipse
1106 4602 1291 4660 numerus
1318 4597 1530 4658 conantem
1551 4572 1791 4688 praepediret.
1827 4575 1896 4658 Ad

465 4675 667 4787 sequentia
692 4705 824 4766 tamen
847 4680 915 4767 illa
942 4681 1161 4770 referuntur
1169 4751 1184 4793 ,
1205 4712 1272 4773 aut
1297 4711 1347 4771 ex
1366 4687 1533 4794 antiquis
1558 4709 1742 4770 revocata
1765 4682 1894 4770 libro-

409 4883 424 4904 ,
466 4817 552 4874 rum
572 4789 763 4899 tenebris,
790 4823 856 4880 aut
880 4793 902 4878 a
926 4794 1102 4882 succeffu
1123 4799 1259 4914 aliquo
1281 4825 1331 4883 ex
1350 4794 1488 4882 umbri
1509 4796 1677 4908 sublata,
1708 4821 1775 4884 aut
1798 4800 1897 4884 ima-

464 4903 625 5018 ginandi
643 4901 824 4992 libertate
848 4909 1030 4996 coniitia.
