<?xml version="1.0" encoding="UTF-8"?>
<!DOCTYPE html PUBLIC "-//W3C//DTD XHTML 1.0 Transitional//EN"
    "http://www.w3.org/TR/xhtml1/DTD/xhtml1-transitional.dtd">
<html xmlns="http://www.w3.org/1999/xhtml" xml:lang="en" lang="en">
 <head>
  <title>
</title>
<meta http-equiv="Content-Type" content="text/html;charset=utf-8" />
  <meta name='ocr-system' content='tesseract 3.04.00' />
  <meta name='ocr-capabilities' content='ocr_page ocr_carea ocr_par ocr_line ocrx_word'/>
</head>
<body>
  <div class='ocr_page' id='page_1' title='image "./tractatusdemorb00cavegoog_0280.png"; bbox 0 0 4186 5908; ppageno 0'>
   <div class='ocr_carea' id='block_1_1' title="bbox 639 417 1615 542">
    <p class='ocr_par' dir='ltr' id='par_1_1' title="bbox 639 417 1615 542">
     <span class='ocr_line' id='line_1_1' title="bbox 639 417 1615 542; baseline 0.009 -36"><span class='ocrx_word' id='word_1_1' title='bbox 639 417 1133 508; x_wconf 68' lang='lat' dir='ltr'>CUTANEIe</span> <span class='ocrx_word' id='word_1_2' title='bbox 1322 503 1325 510; x_wconf 88' lang='lat'>.</span> <span class='ocrx_word' id='word_1_3' title='bbox 1535 459 1615 542; x_wconf 56' lang='lat' dir='ltr'>a„</span> 
     </span>
    </p>
   </div>
   <div class='ocr_carea' id='block_1_2' title="bbox 142 578 1761 4302">
    <p class='ocr_par' dir='ltr' id='par_1_2' title="bbox 142 578 1761 4302">
     <span class='ocr_line' id='line_1_2' title="bbox 178 578 1618 709; baseline 0.007 -40"><span class='ocrx_word' id='word_1_4' title='bbox 178 578 594 697; x_wconf 79' lang='lat' dir='ltr'>sueritmultiplicata3</span> <span class='ocrx_word' id='word_1_5' title='bbox 607 583 692 668; x_wconf 81' lang='lat' dir='ltr'>imo</span> <span class='ocrx_word' id='word_1_6' title='bbox 705 583 932 699; x_wconf 84' lang='lat' dir='ltr'>&amp;fiplures</span> <span class='ocrx_word' id='word_1_7' title='bbox 973 583 1369 696; x_wconf 70' lang='lat' dir='ltr'>hlytloenasviderint</span> <span class='ocrx_word' id='word_1_8' title='bbox 1379 587 1537 676; x_wconf 87' lang='lat' dir='ltr'>Medici</span> <span class='ocrx_word' id='word_1_9' title='bbox 1545 611 1618 709; x_wconf 89' lang='lat' dir='ltr'>per</span> 
     </span>
     <span class='ocr_line' id='line_1_3' title="bbox 181 615 1618 818; baseline 0.008 -38"><span class='ocrx_word' id='word_1_10' title='bbox 181 727 327 810; x_wconf 84' lang='lat' dir='ltr'>corpus</span> <span class='ocrx_word' id='word_1_11' title='bbox 345 696 569 782; x_wconf 89' lang='lat' dir='ltr'>universum</span> <span class='ocrx_word' id='word_1_12' title='bbox 587 696 754 812; x_wconf 89' lang='lat' dir='ltr'>sparsas,</span> <span class='ocrx_word' id='word_1_13' title='bbox 770 723 903 782; x_wconf 84' lang='lat' dir='ltr'>tamen</span> <span class='ocrx_word' id='word_1_14' title='bbox 915 615 1003 782; x_wconf 76' lang='lat' dir='ltr'>ilias</span> <span class='ocrx_word' id='word_1_15' title='bbox 1015 727 1089 813; x_wconf 91' lang='lat' dir='ltr'>pro</span> <span class='ocrx_word' id='word_1_16' title='bbox 1108 701 1203 811; x_wconf 83' lang='lat' dir='ltr'>erysr</span> <span class='ocrx_word' id='word_1_17' title='bbox 1231 699 1341 786; x_wconf 88' lang='lat' dir='ltr'>elatis</span> <span class='ocrx_word' id='word_1_18' title='bbox 1353 702 1618 818; x_wconf 90' lang='lat' dir='ltr'>symptomate</span> 
     </span>
     <span class='ocr_line' id='line_1_4' title="bbox 180 729 1618 928; baseline 0.009 -35"><span class='ocrx_word' id='word_1_19' title='bbox 180 808 382 896; x_wconf 84' lang='lat' dir='ltr'>habendas</span> <span class='ocrx_word' id='word_1_20' title='bbox 400 809 637 897; x_wconf 90' lang='lat' dir='ltr'>censuerunt</span> <span class='ocrx_word' id='word_1_21' title='bbox 656 810 831 926; x_wconf 90' lang='lat' dir='ltr'>semper,</span> <span class='ocrx_word' id='word_1_22' title='bbox 850 839 926 896; x_wconf 91' lang='lat' dir='ltr'>nec</span> <span class='ocrx_word' id='word_1_23' title='bbox 945 813 1015 926; x_wconf 80' lang='lat' dir='ltr'>nist</span> <span class='ocrx_word' id='word_1_24' title='bbox 1029 839 1098 926; x_wconf 89' lang='lat' dir='ltr'>per</span> <span class='ocrx_word' id='word_1_25' title='bbox 1115 729 1247 898; x_wconf 69' lang='lat' dir='ltr'>caulis</span> <span class='ocrx_word' id='word_1_26' title='bbox 1261 815 1547 928; x_wconf 84' lang='lat' dir='ltr'>accidentales,</span> <span class='ocrx_word' id='word_1_27' title='bbox 1572 848 1618 907; x_wconf 93' lang='lat' dir='ltr'>ut</span> 
     </span>
     <span class='ocr_line' id='line_1_5' title="bbox 178 921 1618 1043; baseline 0.007 -36"><span class='ocrx_word' id='word_1_28' title='bbox 178 925 375 1009; x_wconf 84' lang='lat' dir='ltr'>inlluxum</span> <span class='ocrx_word' id='word_1_29' title='bbox 392 950 630 1010; x_wconf 88' lang='lat' dir='ltr'>venenatum</span> <span class='ocrx_word' id='word_1_30' title='bbox 648 921 844 1010; x_wconf 84' lang='lat' dir='ltr'>halituum</span> <span class='ocrx_word' id='word_1_31' title='bbox 866 923 916 1008; x_wconf 89' lang='lat' dir='ltr'>ab</span> <span class='ocrx_word' id='word_1_32' title='bbox 938 925 1090 1008; x_wconf 76' lang='lat' dir='ltr'>inseetis</span> <span class='ocrx_word' id='word_1_33' title='bbox 1110 925 1364 1013; x_wconf 86' lang='lat' dir='ltr'>nascentium.</span> <span class='ocrx_word' id='word_1_34' title='bbox 1389 929 1618 1043; x_wconf 83' lang='lat' dir='ltr'>Aliquandb</span> 
     </span>
     <span class='ocr_line' id='line_1_6' title="bbox 181 1036 1696 1148; baseline 0.007 -29"><span class='ocrx_word' id='word_1_35' title='bbox 181 1036 370 1122; x_wconf 87' lang='lat' dir='ltr'>morbum</span> <span class='ocrx_word' id='word_1_36' title='bbox 389 1040 497 1122; x_wconf 88' lang='lat' dir='ltr'>hunc</span> <span class='ocrx_word' id='word_1_37' title='bbox 511 1039 649 1124; x_wconf 82' lang='lat' dir='ltr'>vidisse</span> <span class='ocrx_word' id='word_1_38' title='bbox 668 1067 733 1122; x_wconf 92' lang='lat' dir='ltr'>me</span> <span class='ocrx_word' id='word_1_39' title='bbox 752 1039 944 1144; x_wconf 93' lang='lat' dir='ltr'>memini,</span> <span class='ocrx_word' id='word_1_40' title='bbox 966 1046 1007 1120; x_wconf 70' lang='grc' dir='ltr'>ἃ</span> <span class='ocrx_word' id='word_1_41' title='bbox 1024 1042 1115 1120; x_wconf 80' lang='lat' dir='ltr'>cum</span> <span class='ocrx_word' id='word_1_42' title='bbox 1134 1042 1174 1121; x_wconf 93' lang='lat' dir='ltr'>in</span> <span class='ocrx_word' id='word_1_43' title='bbox 1191 1069 1272 1121; x_wconf 93' lang='lat' dir='ltr'>uno</span> <span class='ocrx_word' id='word_1_44' title='bbox 1293 1067 1359 1124; x_wconf 90' lang='lat' dir='ltr'>aut</span> <span class='ocrx_word' id='word_1_45' title='bbox 1380 1041 1503 1128; x_wconf 88' lang='lat' dir='ltr'>altero</span> <span class='ocrx_word' id='word_1_46' title='bbox 1527 1049 1618 1130; x_wconf 89' lang='lat' dir='ltr'>casu</span> <span class='ocrx_word' id='word_1_47' title='bbox 1688 1129 1696 1148; x_wconf 53' lang='lat'><em>„</em></span> 
     </span>
     <span class='ocr_line' id='line_1_7' title="bbox 181 1149 1618 1267; baseline 0.006 -33"><span class='ocrx_word' id='word_1_48' title='bbox 181 1149 291 1234; x_wconf 93' lang='lat' dir='ltr'>nulla</span> <span class='ocrx_word' id='word_1_49' title='bbox 311 1179 406 1236; x_wconf 91' lang='lat' dir='ltr'>nota</span> <span class='ocrx_word' id='word_1_50' title='bbox 426 1151 522 1237; x_wconf 87' lang='lat' dir='ltr'>esset</span> <span class='ocrx_word' id='word_1_51' title='bbox 544 1151 919 1267; x_wconf 71' lang='lat' dir='ltr'>causaphly&#39;tloenis</span> <span class='ocrx_word' id='word_1_52' title='bbox 946 1150 1179 1235; x_wconf 83' lang='lat' dir='ltr'>inducendis</span> <span class='ocrx_word' id='word_1_53' title='bbox 1204 1179 1314 1267; x_wconf 91' lang='lat' dir='ltr'>apta,</span> <span class='ocrx_word' id='word_1_54' title='bbox 1339 1184 1420 1238; x_wconf 90' lang='lat' dir='ltr'>non</span> <span class='ocrx_word' id='word_1_55' title='bbox 1442 1157 1618 1244; x_wconf 90' lang='lat' dir='ltr'>dubitavi</span> 
     </span>
     <span class='ocr_line' id='line_1_8' title="bbox 181 1262 1618 1377; baseline 0.005 -28"><span class='ocrx_word' id='word_1_56' title='bbox 181 1292 247 1350; x_wconf 88' lang='lat' dir='ltr'>eas</span> <span class='ocrx_word' id='word_1_57' title='bbox 268 1263 317 1348; x_wconf 89' lang='lat' dir='ltr'>ad</span> <span class='ocrx_word' id='word_1_58' title='bbox 339 1266 493 1349; x_wconf 90' lang='lat' dir='ltr'>causam</span> <span class='ocrx_word' id='word_1_59' title='bbox 506 1265 815 1370; x_wconf 88' lang='lat' dir='ltr'>accidentalem,</span> <span class='ocrx_word' id='word_1_60' title='bbox 831 1262 928 1348; x_wconf 71' lang='lat' dir='ltr'>licbt</span> <span class='ocrx_word' id='word_1_61' title='bbox 952 1265 1221 1377; x_wconf 85' lang='lat' dir='ltr'>incognitam,</span> <span class='ocrx_word' id='word_1_62' title='bbox 1241 1267 1409 1374; x_wconf 89' lang='lat' dir='ltr'>reserre,</span> <span class='ocrx_word' id='word_1_63' title='bbox 1431 1277 1471 1351; x_wconf 72' lang='grc' dir='ltr'>ὅ(</span> <span class='ocrx_word' id='word_1_64' title='bbox 1491 1271 1618 1357; x_wconf 84' lang='lat' dir='ltr'>facilis</span> 
     </span>
     <span class='ocr_line' id='line_1_9' title="bbox 180 1374 1716 1492; baseline 0.008 -33"><span class='ocrx_word' id='word_1_65' title='bbox 180 1407 251 1492; x_wconf 87' lang='lat' dir='ltr'>per</span> <span class='ocrx_word' id='word_1_66' title='bbox 273 1376 426 1489; x_wconf 87' lang='lat' dir='ltr'>aliquot</span> <span class='ocrx_word' id='word_1_67' title='bbox 448 1378 531 1464; x_wconf 86' lang='lat' dir='ltr'>dies</span> <span class='ocrx_word' id='word_1_68' title='bbox 552 1383 709 1490; x_wconf 82' lang='lat' dir='ltr'>quietos</span> <span class='ocrx_word' id='word_1_69' title='bbox 731 1387 773 1463; x_wconf 73' lang='grc' dir='ltr'>ὃ(</span> <span class='ocrx_word' id='word_1_70' title='bbox 793 1374 918 1461; x_wconf 74' lang='lat' dir='ltr'>a-sole</span> <span class='ocrx_word' id='word_1_71' title='bbox 935 1397 1113 1462; x_wconf 87' lang='lat' dir='ltr'>remotos</span> <span class='ocrx_word' id='word_1_72' title='bbox 1137 1383 1289 1462; x_wconf 90' lang='lat' dir='ltr'>curatio</span> <span class='ocrx_word' id='word_1_73' title='bbox 1312 1379 1403 1465; x_wconf 87' lang='lat' dir='ltr'>satis</span> <span class='ocrx_word' id='word_1_74' title='bbox 1431 1384 1621 1474; x_wconf 92' lang='lat' dir='ltr'>indicavit</span> <span class='ocrx_word' id='word_1_75' title='bbox 1713 1471 1716 1478; x_wconf 87' lang='grc'>,</span> 
     </span>
     <span class='ocr_line' id='line_1_10' title="bbox 181 1489 1620 1607; baseline 0.004 -31"><span class='ocrx_word' id='word_1_76' title='bbox 181 1519 314 1577; x_wconf 89' lang='lat' dir='ltr'>veram</span> <span class='ocrx_word' id='word_1_77' title='bbox 336 1493 414 1578; x_wconf 86' lang='lat' dir='ltr'>esse</span> <span class='ocrx_word' id='word_1_78' title='bbox 433 1489 726 1599; x_wconf 66' lang='lat' dir='ltr'>conjebluramr</span> <span class='ocrx_word' id='word_1_79' title='bbox 750 1490 876 1574; x_wconf 85' lang='lat' dir='ltr'>modb</span> <span class='ocrx_word' id='word_1_80' title='bbox 894 1492 935 1572; x_wconf 93' lang='lat' dir='ltr'>in</span> <span class='ocrx_word' id='word_1_81' title='bbox 953 1494 1010 1574; x_wconf 88' lang='lat' dir='ltr'>eis</span> <span class='ocrx_word' id='word_1_82' title='bbox 1032 1521 1115 1575; x_wconf 92' lang='lat' dir='ltr'>non</span> <span class='ocrx_word' id='word_1_83' title='bbox 1139 1494 1522 1607; x_wconf 85' lang='lat' dir='ltr'>comprehendantur</span> <span class='ocrx_word' id='word_1_84' title='bbox 1545 1495 1620 1582; x_wconf 84' lang='lat' dir='ltr'>illae</span> 
     </span>
     <span class='ocr_line' id='line_1_11' title="bbox 180 1602 1621 1722; baseline 0.006 -34"><span class='ocrx_word' id='word_1_85' title='bbox 180 1634 278 1717; x_wconf 87' lang='lat' dir='ltr'>quas</span> <span class='ocrx_word' id='word_1_86' title='bbox 305 1609 391 1718; x_wconf 92' lang='lat' dir='ltr'>post</span> <span class='ocrx_word' id='word_1_87' title='bbox 419 1610 671 1722; x_wconf 88' lang='lat' dir='ltr'>ephemeram</span> <span class='ocrx_word' id='word_1_88' title='bbox 696 1602 847 1689; x_wconf 86' lang='lat' dir='ltr'>febrem</span> <span class='ocrx_word' id='word_1_89' title='bbox 878 1606 919 1686; x_wconf 89' lang='lat' dir='ltr'>in</span> <span class='ocrx_word' id='word_1_90' title='bbox 945 1602 1165 1709; x_wconf 86' lang='lat' dir='ltr'>junioribus</span> <span class='ocrx_word' id='word_1_91' title='bbox 1189 1606 1271 1692; x_wconf 88' lang='lat' dir='ltr'>vidi</span> <span class='ocrx_word' id='word_1_92' title='bbox 1299 1635 1430 1691; x_wconf 84' lang='lat' dir='ltr'>erratas</span> <span class='ocrx_word' id='word_1_93' title='bbox 1457 1617 1495 1692; x_wconf 78' lang='lat' dir='ltr'>bt</span> <span class='ocrx_word' id='word_1_94' title='bbox 1525 1637 1621 1720; x_wconf 77' lang='lat' dir='ltr'>quas</span> 
     </span>
     <span class='ocr_line' id='line_1_12' title="bbox 181 1715 1621 1832; baseline 0.003 -28"><span class='ocrx_word' id='word_1_95' title='bbox 181 1721 223 1804; x_wconf 92' lang='lat' dir='ltr'>in</span> <span class='ocrx_word' id='word_1_96' title='bbox 254 1745 457 1805; x_wconf 87' lang='lat' dir='ltr'>acutarum</span> <span class='ocrx_word' id='word_1_97' title='bbox 489 1747 657 1804; x_wconf 90' lang='lat' dir='ltr'>numero</span> <span class='ocrx_word' id='word_1_98' title='bbox 688 1717 946 1803; x_wconf 83' lang='lat' dir='ltr'>recensendas</span> <span class='ocrx_word' id='word_1_99' title='bbox 978 1715 1107 1805; x_wconf 87' lang='lat' dir='ltr'>brevis</span> <span class='ocrx_word' id='word_1_100' title='bbox 1137 1716 1293 1802; x_wconf 90' lang='lat' dir='ltr'>illarum</span> <span class='ocrx_word' id='word_1_101' title='bbox 1321 1724 1519 1806; x_wconf 85' lang='lat' dir='ltr'>existentia</span> <span class='ocrx_word' id='word_1_102' title='bbox 1549 1724 1621 1832; x_wconf 51' lang='lat' dir='ltr'>def</span> 
     </span>
     <span class='ocr_line' id='line_1_13' title="bbox 183 1835 1615 1919; baseline 0.001 -4"><span class='ocrx_word' id='word_1_103' title='bbox 183 1835 380 1919; x_wconf 86' lang='lat' dir='ltr'>monstrat.</span> <span class='ocrx_word' id='word_1_104' title='bbox 1525 1867 1528 1876; x_wconf 60' lang='lat'><strong>⁴</strong></span> <span class='ocrx_word' id='word_1_105' title='bbox 1612 1861 1615 1868; x_wconf 81' lang='grc'><em>’</em></span> 
     </span>
     <span class='ocr_line' id='line_1_14' title="bbox 237 1944 1621 2064; baseline 0.005 -34"><span class='ocrx_word' id='word_1_106' title='bbox 237 1944 375 2032; x_wconf 88' lang='lat' dir='ltr'>Altera</span> <span class='ocrx_word' id='word_1_107' title='bbox 392 1945 706 2062; x_wconf 73' lang='lat' dir='ltr'>phlycloenarum</span> <span class='ocrx_word' id='word_1_108' title='bbox 727 1946 875 2060; x_wconf 86' lang='lat' dir='ltr'>species</span> <span class='ocrx_word' id='word_1_109' title='bbox 892 1973 987 2057; x_wconf 87' lang='lat' dir='ltr'>quas</span> <span class='ocrx_word' id='word_1_110' title='bbox 1006 1966 1175 2051; x_wconf 77' lang='grc' dir='ltr'><strong><em>πομφοι,</em></strong></span> <span class='ocrx_word' id='word_1_111' title='bbox 1192 1974 1236 2031; x_wconf 92' lang='lat' dir='ltr'>ut</span> <span class='ocrx_word' id='word_1_112' title='bbox 1255 1947 1424 2032; x_wconf 87' lang='lat' dir='ltr'>diximus</span> <span class='ocrx_word' id='word_1_113' title='bbox 1431 1955 1621 2064; x_wconf 69' lang='lat' dir='ltr'>,antiqui</span> 
     </span>
     <span class='ocr_line' id='line_1_15' title="bbox 182 2058 1621 2174; baseline 0.003 -28"><span class='ocrx_word' id='word_1_114' title='bbox 182 2087 447 2169; x_wconf 87' lang='lat' dir='ltr'>vocaverant,</span> <span class='ocrx_word' id='word_1_115' title='bbox 473 2065 514 2146; x_wconf 93' lang='lat' dir='ltr'>in</span> <span class='ocrx_word' id='word_1_116' title='bbox 538 2060 762 2146; x_wconf 85' lang='lat' dir='ltr'>universum</span> <span class='ocrx_word' id='word_1_117' title='bbox 781 2089 924 2174; x_wconf 89' lang='lat' dir='ltr'>corpus</span> <span class='ocrx_word' id='word_1_118' title='bbox 947 2087 1147 2170; x_wconf 88' lang='lat' dir='ltr'>nunquam</span> <span class='ocrx_word' id='word_1_119' title='bbox 1171 2058 1424 2170; x_wconf 83' lang='lat' dir='ltr'>diffunditur,</span> <span class='ocrx_word' id='word_1_120' title='bbox 1444 2062 1512 2146; x_wconf 92' lang='lat' dir='ltr'>sed</span> <span class='ocrx_word' id='word_1_121' title='bbox 1533 2064 1621 2150; x_wconf 79' lang='lat' dir='ltr'>illas</span> 
     </span>
     <span class='ocr_line' id='line_1_16' title="bbox 142 2169 1621 2289; baseline 0.003 -33"><span class='ocrx_word' id='word_1_122' title='bbox 142 2197 226 2258; x_wconf 77' lang='lat' dir='ltr'>tut</span> <span class='ocrx_word' id='word_1_123' title='bbox 264 2172 480 2289; x_wconf 79' lang='lat' dir='ltr'>plurimum</span> <span class='ocrx_word' id='word_1_124' title='bbox 523 2177 565 2256; x_wconf 90' lang='lat' dir='ltr'>in</span> <span class='ocrx_word' id='word_1_125' title='bbox 598 2173 798 2259; x_wconf 90' lang='lat' dir='ltr'>seniorum</span> <span class='ocrx_word' id='word_1_126' title='bbox 833 2170 1012 2256; x_wconf 89' lang='lat' dir='ltr'>cruribus</span> <span class='ocrx_word' id='word_1_127' title='bbox 1048 2169 1252 2256; x_wconf 88' lang='lat' dir='ltr'>observavi</span> <span class='ocrx_word' id='word_1_128' title='bbox 1283 2203 1295 2273; x_wconf 88' lang='lat'>;</span> <span class='ocrx_word' id='word_1_129' title='bbox 1335 2204 1621 2288; x_wconf 87' lang='lat' dir='ltr'>nonnunquam</span> 
     </span>
     <span class='ocr_line' id='line_1_17' title="bbox 183 2282 1622 2395; baseline 0.003 -23"><span class='ocrx_word' id='word_1_130' title='bbox 183 2291 306 2372; x_wconf 87' lang='lat' dir='ltr'>etiam</span> <span class='ocrx_word' id='word_1_131' title='bbox 329 2290 371 2370; x_wconf 90' lang='lat' dir='ltr'>in</span> <span class='ocrx_word' id='word_1_132' title='bbox 390 2290 511 2395; x_wconf 86' lang='lat' dir='ltr'>viris,</span> <span class='ocrx_word' id='word_1_133' title='bbox 545 2289 634 2372; x_wconf 88' lang='lat' dir='ltr'>rarb</span> <span class='ocrx_word' id='word_1_134' title='bbox 657 2286 873 2370; x_wconf 78' lang='lat' dir='ltr'>admodum</span> <span class='ocrx_word' id='word_1_135' title='bbox 902 2288 944 2368; x_wconf 92' lang='lat' dir='ltr'>in</span> <span class='ocrx_word' id='word_1_136' title='bbox 975 2282 1206 2390; x_wconf 83' lang='lat' dir='ltr'>junioribus.</span> <span class='ocrx_word' id='word_1_137' title='bbox 1237 2285 1384 2369; x_wconf 90' lang='lat' dir='ltr'>Earum</span> <span class='ocrx_word' id='word_1_138' title='bbox 1412 2290 1543 2374; x_wconf 87' lang='lat' dir='ltr'>causas</span> <span class='ocrx_word' id='word_1_139' title='bbox 1572 2291 1622 2378; x_wconf 90' lang='lat' dir='ltr'>ad</span> 
     </span>
     <span class='ocr_line' id='line_1_18' title="bbox 182 2396 1621 2518; baseline 0.003 -34"><span class='ocrx_word' id='word_1_140' title='bbox 182 2397 451 2486; x_wconf 86' lang='lat' dir='ltr'>scorbuticam</span> <span class='ocrx_word' id='word_1_141' title='bbox 486 2402 688 2486; x_wconf 88' lang='lat' dir='ltr'>diathesrm</span> <span class='ocrx_word' id='word_1_142' title='bbox 722 2400 866 2484; x_wconf 87' lang='lat' dir='ltr'>referri.</span> <span class='ocrx_word' id='word_1_143' title='bbox 887 2396 1050 2511; x_wconf 83' lang='lat' dir='ltr'>vulgare</span> <span class='ocrx_word' id='word_1_144' title='bbox 1080 2399 1132 2483; x_wconf 82' lang='lat' dir='ltr'>est</span> <span class='ocrx_word' id='word_1_145' title='bbox 1145 2462 1160 2504; x_wconf 87' lang='lat'>,</span> <span class='ocrx_word' id='word_1_146' title='bbox 1187 2400 1272 2481; x_wconf 85' lang='lat' dir='ltr'>imb</span> <span class='ocrx_word' id='word_1_147' title='bbox 1306 2407 1348 2482; x_wconf 74' lang='lat' dir='ltr'>bt</span> <span class='ocrx_word' id='word_1_148' title='bbox 1378 2397 1454 2484; x_wconf 86' lang='lat' dir='ltr'>illae</span> <span class='ocrx_word' id='word_1_149' title='bbox 1486 2403 1621 2518; x_wconf 78' lang='lat' dir='ltr'>saepibe</span> 
     </span>
     <span class='ocr_line' id='line_1_19' title="bbox 181 2508 1621 2630; baseline 0.002 -32"><span class='ocrx_word' id='word_1_150' title='bbox 181 2513 377 2600; x_wconf 89' lang='lat' dir='ltr'>habentur</span> <span class='ocrx_word' id='word_1_151' title='bbox 399 2513 421 2598; x_wconf 68' lang='lat' dir='ltr'>*a</span> <span class='ocrx_word' id='word_1_152' title='bbox 444 2517 625 2628; x_wconf 71' lang='lat' dir='ltr'>predicis</span> <span class='ocrx_word' id='word_1_153' title='bbox 649 2539 693 2596; x_wconf 94' lang='lat' dir='ltr'>ut</span> <span class='ocrx_word' id='word_1_154' title='bbox 714 2510 946 2596; x_wconf 80' lang='lat' dir='ltr'>scorbuticae</span> <span class='ocrx_word' id='word_1_155' title='bbox 971 2508 1147 2616; x_wconf 88' lang='lat' dir='ltr'>indolis,</span> <span class='ocrx_word' id='word_1_156' title='bbox 1175 2509 1273 2596; x_wconf 69' lang='lat' dir='ltr'>licet</span> <span class='ocrx_word' id='word_1_157' title='bbox 1298 2541 1382 2597; x_wconf 89' lang='lat' dir='ltr'>non</span> <span class='ocrx_word' id='word_1_158' title='bbox 1403 2513 1555 2630; x_wconf 89' lang='lat' dir='ltr'>semper</span> <span class='ocrx_word' id='word_1_159' title='bbox 1578 2520 1621 2602; x_wconf 90' lang='lat' dir='ltr'>in</span> 
     </span>
     <span class='ocr_line' id='line_1_20' title="bbox 182 2621 1621 2758; baseline 0 -46"><span class='ocrx_word' id='word_1_160' title='bbox 182 2630 287 2712; x_wconf 88' lang='lat' dir='ltr'>hanc</span> <span class='ocrx_word' id='word_1_161' title='bbox 316 2627 452 2712; x_wconf 87' lang='lat' dir='ltr'>idaeam</span> <span class='ocrx_word' id='word_1_162' title='bbox 477 2627 790 2712; x_wconf 87' lang='lat' dir='ltr'>consentientem</span> <span class='ocrx_word' id='word_1_163' title='bbox 818 2651 883 2708; x_wconf 89' lang='lat' dir='ltr'>me</span> <span class='ocrx_word' id='word_1_164' title='bbox 909 2621 1128 2708; x_wconf 88' lang='lat' dir='ltr'>habuerint.</span> <span class='ocrx_word' id='word_1_165' title='bbox 1161 2623 1247 2708; x_wconf 90' lang='lat' dir='ltr'>Has</span> <span class='ocrx_word' id='word_1_166' title='bbox 1277 2629 1384 2709; x_wconf 87' lang='lat' dir='ltr'>enim</span> <span class='ocrx_word' id='word_1_167' title='bbox 1406 2629 1487 2720; x_wconf 88' lang='lat' dir='ltr'>vidi</span> <span class='ocrx_word' id='word_1_168' title='bbox 1511 2631 1621 2758; x_wconf 90' lang='lat' dir='ltr'>pers-</span> 
     </span>
     <span class='ocr_line' id='line_1_21' title="bbox 180 2733 1621 2858; baseline 0.002 -33"><span class='ocrx_word' id='word_1_169' title='bbox 180 2744 368 2858; x_wconf 90' lang='lat' dir='ltr'>pirationi</span> <span class='ocrx_word' id='word_1_170' title='bbox 390 2740 519 2826; x_wconf 86' lang='lat' dir='ltr'>subitb</span> <span class='ocrx_word' id='word_1_171' title='bbox 544 2739 743 2854; x_wconf 86' lang='lat' dir='ltr'>suppressae</span> <span class='ocrx_word' id='word_1_172' title='bbox 764 2741 805 2820; x_wconf 90' lang='lat' dir='ltr'>in</span> <span class='ocrx_word' id='word_1_173' title='bbox 826 2739 919 2821; x_wconf 80' lang='lat' dir='ltr'>viris</span> <span class='ocrx_word' id='word_1_174' title='bbox 942 2737 1130 2850; x_wconf 87' lang='lat' dir='ltr'>sanguine</span> <span class='ocrx_word' id='word_1_175' title='bbox 1153 2733 1330 2847; x_wconf 89' lang='lat' dir='ltr'>alioquin</span> <span class='ocrx_word' id='word_1_176' title='bbox 1354 2743 1434 2824; x_wconf 90' lang='lat' dir='ltr'>acri</span> <span class='ocrx_word' id='word_1_177' title='bbox 1453 2742 1621 2855; x_wconf 86' lang='lat' dir='ltr'>praeditis</span> 
     </span>
     <span class='ocr_line' id='line_1_22' title="bbox 184 2848 1621 2971; baseline 0 -32"><span class='ocrx_word' id='word_1_178' title='bbox 184 2854 426 2940; x_wconf 87' lang='lat' dir='ltr'>succedere:</span> <span class='ocrx_word' id='word_1_179' title='bbox 449 2856 501 2940; x_wconf 85' lang='lat' dir='ltr'>src</span> <span class='ocrx_word' id='word_1_180' title='bbox 524 2855 609 2971; x_wconf 89' lang='lat' dir='ltr'>post</span> <span class='ocrx_word' id='word_1_181' title='bbox 635 2851 759 2937; x_wconf 88' lang='lat' dir='ltr'>lautas</span> <span class='ocrx_word' id='word_1_182' title='bbox 783 2849 1015 2961; x_wconf 87' lang='lat' dir='ltr'>acribusque</span> <span class='ocrx_word' id='word_1_183' title='bbox 1033 2848 1202 2936; x_wconf 80' lang='lat' dir='ltr'>servidas</span> <span class='ocrx_word' id='word_1_184' title='bbox 1226 2853 1354 2958; x_wconf 87' lang='lat' dir='ltr'>vinis,</span> <span class='ocrx_word' id='word_1_185' title='bbox 1385 2859 1427 2937; x_wconf 76' lang='grc' dir='ltr'>ὅ(</span> <span class='ocrx_word' id='word_1_186' title='bbox 1446 2852 1621 2939; x_wconf 85' lang='lat' dir='ltr'>embam-</span> 
     </span>
     <span class='ocr_line' id='line_1_23' title="bbox 182 2962 1622 3086; baseline -0.002 -30"><span class='ocrx_word' id='word_1_187' title='bbox 182 2967 353 3056; x_wconf 90' lang='lat' dir='ltr'>matibus</span> <span class='ocrx_word' id='word_1_188' title='bbox 388 2968 523 3086; x_wconf 87' lang='lat' dir='ltr'>epulas</span> <span class='ocrx_word' id='word_1_189' title='bbox 553 2966 628 3052; x_wconf 82' lang='lat' dir='ltr'>illae</span> <span class='ocrx_word' id='word_1_190' title='bbox 655 2966 877 3049; x_wconf 89' lang='lat' dir='ltr'>nascuntur.</span> <span class='ocrx_word' id='word_1_191' title='bbox 910 2962 1214 3076; x_wconf 88' lang='lat' dir='ltr'>Quodcumque</span> <span class='ocrx_word' id='word_1_192' title='bbox 1241 2992 1331 3049; x_wconf 89' lang='lat' dir='ltr'>acre</span> <span class='ocrx_word' id='word_1_193' title='bbox 1354 2967 1407 3049; x_wconf 90' lang='lat' dir='ltr'>est</span> <span class='ocrx_word' id='word_1_194' title='bbox 1432 2969 1622 3082; x_wconf 84' lang='lat' dir='ltr'>perspira-</span> 
     </span>
     <span class='ocr_line' id='line_1_24' title="bbox 184 3074 1622 3191; baseline -0.001 -23"><span class='ocrx_word' id='word_1_195' title='bbox 184 3087 307 3168; x_wconf 84' lang='lat' dir='ltr'>tionis</span> <span class='ocrx_word' id='word_1_196' title='bbox 325 3087 407 3170; x_wconf 83' lang='lat' dir='ltr'>vias</span> <span class='ocrx_word' id='word_1_197' title='bbox 430 3083 585 3168; x_wconf 69' lang='lat' dir='ltr'>affedat</span> <span class='ocrx_word' id='word_1_198' title='bbox 607 3085 649 3164; x_wconf 91' lang='lat' dir='ltr'>in</span> <span class='ocrx_word' id='word_1_199' title='bbox 669 3093 758 3164; x_wconf 73' lang='lat' dir='ltr'>aere</span> <span class='ocrx_word' id='word_1_200' title='bbox 782 3074 1085 3164; x_wconf 86' lang='lat' dir='ltr'>coenaculorum</span> <span class='ocrx_word' id='word_1_201' title='bbox 1110 3076 1288 3184; x_wconf 89' lang='lat' dir='ltr'>fervido,</span> <span class='ocrx_word' id='word_1_202' title='bbox 1311 3079 1420 3191; x_wconf 93' lang='lat' dir='ltr'>quod</span> <span class='ocrx_word' id='word_1_203' title='bbox 1445 3081 1472 3163; x_wconf 89' lang='lat' dir='ltr'>sr</span> <span class='ocrx_word' id='word_1_204' title='bbox 1501 3084 1622 3166; x_wconf 89' lang='lat' dir='ltr'>cohi-</span> 
     </span>
     <span class='ocr_line' id='line_1_25' title="bbox 184 3189 1622 3310; baseline -0.003 -26"><span class='ocrx_word' id='word_1_205' title='bbox 184 3197 354 3304; x_wconf 86' lang='lat' dir='ltr'>beatur,</span> <span class='ocrx_word' id='word_1_206' title='bbox 385 3195 514 3281; x_wconf 86' lang='lat' dir='ltr'>subitb</span> <span class='ocrx_word' id='word_1_207' title='bbox 541 3192 683 3280; x_wconf 75' lang='lat' dir='ltr'>similes</span> <span class='ocrx_word' id='word_1_208' title='bbox 702 3194 828 3310; x_wconf 83' lang='lat' dir='ltr'>potest</span> <span class='ocrx_word' id='word_1_209' title='bbox 853 3189 1096 3307; x_wconf 72' lang='lat' dir='ltr'>phlysloenas</span> <span class='ocrx_word' id='word_1_210' title='bbox 1119 3194 1297 3306; x_wconf 78' lang='lat' dir='ltr'>protinus</span> <span class='ocrx_word' id='word_1_211' title='bbox 1345 3191 1562 3304; x_wconf 85' lang='lat' dir='ltr'>roducere,</span> <span class='ocrx_word' id='word_1_212' title='bbox 1592 3199 1622 3280; x_wconf 90' lang='lat' dir='ltr'>sr</span> 
     </span>
     <span class='ocr_line' id='line_1_26' title="bbox 184 3301 1623 3426; baseline -0.001 -32"><span class='ocrx_word' id='word_1_213' title='bbox 184 3311 394 3426; x_wconf 74' lang='lat' dir='ltr'>prasertim</span> <span class='ocrx_word' id='word_1_214' title='bbox 423 3314 504 3395; x_wconf 86' lang='lat' dir='ltr'>aeri</span> <span class='ocrx_word' id='word_1_215' title='bbox 531 3336 698 3395; x_wconf 89' lang='lat' dir='ltr'>externo</span> <span class='ocrx_word' id='word_1_216' title='bbox 724 3306 866 3391; x_wconf 88' lang='lat' dir='ltr'>fervidi</span> <span class='ocrx_word' id='word_1_217' title='bbox 897 3304 978 3390; x_wconf 91' lang='lat' dir='ltr'>sese</span> <span class='ocrx_word' id='word_1_218' title='bbox 1005 3301 1237 3411; x_wconf 88' lang='lat' dir='ltr'>objecerint.</span> <span class='ocrx_word' id='word_1_219' title='bbox 1322 3337 1352 3388; x_wconf 68' lang='grc' dir='ltr'><em>ε</em></span> <span class='ocrx_word' id='word_1_220' title='bbox 1379 3333 1498 3423; x_wconf 83' lang='lat' dir='ltr'>rupta</span> <span class='ocrx_word' id='word_1_221' title='bbox 1531 3336 1623 3394; x_wconf 90' lang='lat' dir='ltr'>acre</span> 
     </span>
     <span class='ocr_line' id='line_1_27' title="bbox 185 3413 1623 3538; baseline -0.001 -30"><span class='ocrx_word' id='word_1_222' title='bbox 185 3425 316 3510; x_wconf 88' lang='lat' dir='ltr'>serum</span> <span class='ocrx_word' id='word_1_223' title='bbox 347 3421 489 3508; x_wconf 86' lang='lat' dir='ltr'>stillant</span> <span class='ocrx_word' id='word_1_224' title='bbox 516 3420 800 3538; x_wconf 88' lang='lat' dir='ltr'>epidermidem</span> <span class='ocrx_word' id='word_1_225' title='bbox 833 3417 859 3502; x_wconf 75' lang='grc' dir='ltr'>ὲ</span> <span class='ocrx_word' id='word_1_226' title='bbox 891 3445 985 3503; x_wconf 93' lang='lat' dir='ltr'>cute</span> <span class='ocrx_word' id='word_1_227' title='bbox 1020 3413 1257 3531; x_wconf 83' lang='lat' dir='ltr'>sejungens,</span> <span class='ocrx_word' id='word_1_228' title='bbox 1290 3425 1333 3504; x_wconf 87' lang='lat'>&amp;</span> <span class='ocrx_word' id='word_1_229' title='bbox 1365 3422 1408 3505; x_wconf 90' lang='lat' dir='ltr'>in</span> <span class='ocrx_word' id='word_1_230' title='bbox 1440 3422 1623 3507; x_wconf 72' lang='lat' dir='ltr'>affectum</span> 
     </span>
     <span class='ocr_line' id='line_1_28' title="bbox 186 3529 1623 3650; baseline -0.004 -28"><span class='ocrx_word' id='word_1_231' title='bbox 186 3536 415 3624; x_wconf 89' lang='lat' dir='ltr'>ulcerosum</span> <span class='ocrx_word' id='word_1_232' title='bbox 447 3537 698 3650; x_wconf 85' lang='lat' dir='ltr'>degenerant.</span> <span class='ocrx_word' id='word_1_233' title='bbox 733 3532 830 3619; x_wconf 90' lang='lat' dir='ltr'>Vidi</span> <span class='ocrx_word' id='word_1_234' title='bbox 859 3561 938 3648; x_wconf 86' lang='lat' dir='ltr'>ego</span> <span class='ocrx_word' id='word_1_235' title='bbox 965 3532 1172 3614; x_wconf 88' lang='lat' dir='ltr'>hominem</span> <span class='ocrx_word' id='word_1_236' title='bbox 1202 3529 1427 3646; x_wconf 88' lang='lat' dir='ltr'>herpetibus</span> <span class='ocrx_word' id='word_1_237' title='bbox 1456 3537 1623 3649; x_wconf 87' lang='lat' dir='ltr'>prurigi-</span> 
     </span>
     <span class='ocr_line' id='line_1_29' title="bbox 187 3643 1624 3736; baseline -0.003 -1"><span class='ocrx_word' id='word_1_238' title='bbox 187 3654 291 3736; x_wconf 86' lang='lat' dir='ltr'>nosrs</span> <span class='ocrx_word' id='word_1_239' title='bbox 319 3658 362 3735; x_wconf 74' lang='lat' dir='ltr'>ot</span> <span class='ocrx_word' id='word_1_240' title='bbox 387 3661 519 3733; x_wconf 88' lang='lat' dir='ltr'>acrem</span> <span class='ocrx_word' id='word_1_241' title='bbox 543 3653 753 3734; x_wconf 91' lang='lat' dir='ltr'>humorem</span> <span class='ocrx_word' id='word_1_242' title='bbox 778 3643 1007 3730; x_wconf 87' lang='lat' dir='ltr'>stillantibus</span> <span class='ocrx_word' id='word_1_243' title='bbox 1026 3648 1282 3729; x_wconf 89' lang='lat' dir='ltr'>vehementer</span> <span class='ocrx_word' id='word_1_244' title='bbox 1305 3673 1503 3731; x_wconf 85' lang='lat' dir='ltr'>vexatum.</span> <span class='ocrx_word' id='word_1_245' title='bbox 1529 3647 1624 3730; x_wconf 90' lang='lat' dir='ltr'>Ces-</span> 
     </span>
     <span class='ocr_line' id='line_1_30' title="bbox 186 3754 1761 3876; baseline -0.003 -29"><span class='ocrx_word' id='word_1_246' title='bbox 186 3763 285 3850; x_wconf 88' lang='lat' dir='ltr'>savit</span> <span class='ocrx_word' id='word_1_247' title='bbox 311 3762 382 3876; x_wconf 90' lang='lat' dir='ltr'>ipsr</span> <span class='ocrx_word' id='word_1_248' title='bbox 408 3759 520 3844; x_wconf 90' lang='lat' dir='ltr'>nullo</span> <span class='ocrx_word' id='word_1_249' title='bbox 551 3760 728 3844; x_wconf 88' lang='lat' dir='ltr'>adhibito</span> <span class='ocrx_word' id='word_1_250' title='bbox 754 3758 932 3844; x_wconf 88' lang='lat' dir='ltr'>remedio</span> <span class='ocrx_word' id='word_1_251' title='bbox 955 3755 1195 3842; x_wconf 88' lang='lat' dir='ltr'>stillicidium</span> <span class='ocrx_word' id='word_1_252' title='bbox 1217 3754 1343 3866; x_wconf 87' lang='lat' dir='ltr'>illud,</span> <span class='ocrx_word' id='word_1_253' title='bbox 1370 3786 1487 3844; x_wconf 91' lang='lat' dir='ltr'>enato</span> <span class='ocrx_word' id='word_1_254' title='bbox 1509 3757 1623 3844; x_wconf 90' lang='lat' dir='ltr'>srmul</span> <span class='ocrx_word' id='word_1_255' title='bbox 1701 3813 1703 3818; x_wconf 85' lang='lat'><em>·</em></span> <span class='ocrx_word' id='word_1_256' title='bbox 1758 3786 1761 3794; x_wconf 88' lang='lat'>·</span> 
     </span>
     <span class='ocr_line' id='line_1_31' title="bbox 187 3869 1753 3988; baseline -0.004 -28"><span class='ocrx_word' id='word_1_257' title='bbox 187 3879 239 3962; x_wconf 92' lang='lat' dir='ltr'>ad</span> <span class='ocrx_word' id='word_1_258' title='bbox 264 3876 420 3960; x_wconf 87' lang='lat' dir='ltr'>femora</span> <span class='ocrx_word' id='word_1_259' title='bbox 444 3901 590 3987; x_wconf 85' lang='lat' dir='ltr'>magno</span> <span class='ocrx_word' id='word_1_260' title='bbox 611 3871 926 3988; x_wconf 66' lang='lat' dir='ltr'>phlyctoenarum</span> <span class='ocrx_word' id='word_1_261' title='bbox 946 3870 1010 3953; x_wconf 88' lang='lat' dir='ltr'>san</span> <span class='ocrx_word' id='word_1_262' title='bbox 1067 3876 1132 3956; x_wconf 91' lang='lat' dir='ltr'>ine</span> <span class='ocrx_word' id='word_1_263' title='bbox 1155 3869 1438 3955; x_wconf 87' lang='lat' dir='ltr'>maculatarum</span> <span class='ocrx_word' id='word_1_264' title='bbox 1450 3935 1465 3980; x_wconf 92' lang='lat'>,</span> <span class='ocrx_word' id='word_1_265' title='bbox 1490 3880 1532 3955; x_wconf 71' lang='grc' dir='ltr'>ὃ(</span> <span class='ocrx_word' id='word_1_266' title='bbox 1553 3872 1623 3959; x_wconf 82' lang='lat' dir='ltr'>sbi</span> <span class='ocrx_word' id='word_1_267' title='bbox 1749 3946 1753 3954; x_wconf 90' lang='grc'><em>,</em></span> 
     </span>
     <span class='ocr_line' id='line_1_32' title="bbox 186 3902 1623 4101; baseline -0.004 -26"><span class='ocrx_word' id='word_1_268' title='bbox 186 3989 485 4075; x_wconf 89' lang='lat' dir='ltr'>succedentium</span> <span class='ocrx_word' id='word_1_269' title='bbox 506 4015 687 4072; x_wconf 90' lang='lat' dir='ltr'>numero.</span> <span class='ocrx_word' id='word_1_270' title='bbox 714 3985 824 4070; x_wconf 91' lang='lat' dir='ltr'>Dein</span> <span class='ocrx_word' id='word_1_271' title='bbox 844 3902 1106 4101; x_wconf 66' lang='lat' dir='ltr'>supputabaint</span> <span class='ocrx_word' id='word_1_272' title='bbox 1120 3981 1216 4091; x_wconf 82' lang='lat' dir='ltr'>illa,</span> <span class='ocrx_word' id='word_1_273' title='bbox 1233 4012 1372 4068; x_wconf 89' lang='lat' dir='ltr'>verum</span> <span class='ocrx_word' id='word_1_274' title='bbox 1388 3987 1429 4066; x_wconf 91' lang='lat' dir='ltr'>in</span> <span class='ocrx_word' id='word_1_275' title='bbox 1448 4013 1521 4098; x_wconf 88' lang='lat' dir='ltr'>pus</span> <span class='ocrx_word' id='word_1_276' title='bbox 1543 3982 1623 4070; x_wconf 90' lang='lat' dir='ltr'>abi-</span> 
     </span>
     <span class='ocr_line' id='line_1_33' title="bbox 187 4095 1623 4217; baseline -0.001 -28"><span class='ocrx_word' id='word_1_277' title='bbox 187 4104 308 4209; x_wconf 91' lang='lat' dir='ltr'>bant,</span> <span class='ocrx_word' id='word_1_278' title='bbox 330 4101 442 4208; x_wconf 88' lang='lat' dir='ltr'>leve,</span> <span class='ocrx_word' id='word_1_279' title='bbox 461 4099 768 4217; x_wconf 88' lang='lat' dir='ltr'>lymphaticum,</span> <span class='ocrx_word' id='word_1_280' title='bbox 786 4099 997 4209; x_wconf 86' lang='lat' dir='ltr'>diffluens,</span> <span class='ocrx_word' id='word_1_281' title='bbox 1023 4128 1106 4183; x_wconf 90' lang='lat' dir='ltr'>non</span> <span class='ocrx_word' id='word_1_282' title='bbox 1123 4095 1407 4208; x_wconf 88' lang='lat' dir='ltr'>coquendum,</span> <span class='ocrx_word' id='word_1_283' title='bbox 1435 4105 1476 4181; x_wconf 70' lang='grc' dir='ltr'>ὃ(</span> <span class='ocrx_word' id='word_1_284' title='bbox 1490 4123 1623 4189; x_wconf 89' lang='lat' dir='ltr'>tamen</span> 
     </span>
     <span class='ocr_line' id='line_1_34' title="bbox 189 4215 849 4302; baseline -0.005 0"><span class='ocrx_word' id='word_1_285' title='bbox 189 4216 421 4302; x_wconf 83' lang='lat' dir='ltr'>inducendae</span> <span class='ocrx_word' id='word_1_286' title='bbox 440 4219 621 4300; x_wconf 90' lang='lat' dir='ltr'>cicatrici</span> <span class='ocrx_word' id='word_1_287' title='bbox 639 4215 849 4300; x_wconf 85' lang='lat' dir='ltr'>sufficiens.</span> 
     </span>
    </p>
   </div>
   <div class='ocr_carea' id='block_1_3' title="bbox 189 4319 1627 5033">
    <p class='ocr_par' dir='ltr' id='par_1_3' title="bbox 189 4319 1627 5033">
     <span class='ocr_line' id='line_1_35' title="bbox 247 4319 1626 4444; baseline 0.001 -30"><span class='ocrx_word' id='word_1_288' title='bbox 247 4327 487 4443; x_wconf 75' lang='lat' dir='ltr'>Phlyetoenae</span> <span class='ocrx_word' id='word_1_289' title='bbox 515 4328 538 4414; x_wconf 74' lang='grc' dir='ltr'>ὲ</span> <span class='ocrx_word' id='word_1_290' title='bbox 564 4327 681 4412; x_wconf 66' lang='lat' dir='ltr'>causi</span> <span class='ocrx_word' id='word_1_291' title='bbox 707 4355 803 4411; x_wconf 85' lang='lat' dir='ltr'>natae</span> <span class='ocrx_word' id='word_1_292' title='bbox 830 4323 1009 4429; x_wconf 68' lang='lat' dir='ltr'>interna,</span> <span class='ocrx_word' id='word_1_293' title='bbox 1040 4320 1108 4408; x_wconf 89' lang='lat' dir='ltr'>vel</span> <span class='ocrx_word' id='word_1_294' title='bbox 1135 4319 1313 4407; x_wconf 85' lang='lat' dir='ltr'>solitariae</span> <span class='ocrx_word' id='word_1_295' title='bbox 1341 4325 1626 4444; x_wconf 85' lang='lat' dir='ltr'>&amp;perlonga</span> 
     </span>
     <span class='ocr_line' id='line_1_36' title="bbox 191 4434 1625 4552; baseline -0.002 -23"><span class='ocrx_word' id='word_1_296' title='bbox 191 4444 322 4530; x_wconf 83' lang='lat' dir='ltr'>nitidat</span> <span class='ocrx_word' id='word_1_297' title='bbox 352 4447 452 4529; x_wconf 89' lang='lat' dir='ltr'>cutis</span> <span class='ocrx_word' id='word_1_298' title='bbox 483 4443 734 4549; x_wconf 70' lang='lat' dir='ltr'>distinctaque</span> <span class='ocrx_word' id='word_1_299' title='bbox 762 4436 969 4525; x_wconf 88' lang='lat' dir='ltr'>intervalla</span> <span class='ocrx_word' id='word_1_300' title='bbox 994 4434 1227 4548; x_wconf 89' lang='lat' dir='ltr'>prodeunt,</span> <span class='ocrx_word' id='word_1_301' title='bbox 1253 4435 1320 4522; x_wconf 85' lang='lat' dir='ltr'>vel</span> <span class='ocrx_word' id='word_1_302' title='bbox 1348 4435 1625 4552; x_wconf 78' lang='lat' dir='ltr'>agglomerata</span> 
     </span>
     <span class='ocr_line' id='line_1_37' title="bbox 189 4549 1626 4670; baseline -0.002 -27"><span class='ocrx_word' id='word_1_303' title='bbox 189 4567 234 4643; x_wconf 73' lang='lat' dir='ltr'>dt</span> <span class='ocrx_word' id='word_1_304' title='bbox 256 4559 362 4670; x_wconf 84' lang='lat' dir='ltr'>quast</span> <span class='ocrx_word' id='word_1_305' title='bbox 385 4560 646 4656; x_wconf 82' lang='lat' dir='ltr'>racematlm3</span> <span class='ocrx_word' id='word_1_306' title='bbox 673 4552 740 4638; x_wconf 89' lang='lat' dir='ltr'>sed</span> <span class='ocrx_word' id='word_1_307' title='bbox 769 4553 976 4666; x_wconf 80' lang='lat' dir='ltr'>prasertim</span> <span class='ocrx_word' id='word_1_308' title='bbox 1001 4578 1136 4656; x_wconf 90' lang='lat' dir='ltr'>crura,</span> <span class='ocrx_word' id='word_1_309' title='bbox 1168 4549 1353 4657; x_wconf 88' lang='lat' dir='ltr'>femora,</span> <span class='ocrx_word' id='word_1_310' title='bbox 1379 4556 1626 4667; x_wconf 89' lang='lat' dir='ltr'>partiumque</span> 
     </span>
     <span class='ocr_line' id='line_1_38' title="bbox 192 4660 1626 4788; baseline -0.003 -30"><span class='ocrx_word' id='word_1_311' title='bbox 192 4669 425 4788; x_wconf 83' lang='lat' dir='ltr'>genitalium</span> <span class='ocrx_word' id='word_1_312' title='bbox 443 4671 630 4756; x_wconf 89' lang='lat' dir='ltr'>viciniam</span> <span class='ocrx_word' id='word_1_313' title='bbox 653 4663 870 4771; x_wconf 85' lang='lat' dir='ltr'>invadunt,</span> <span class='ocrx_word' id='word_1_314' title='bbox 895 4660 1067 4773; x_wconf 87' lang='lat' dir='ltr'>locaque</span> <span class='ocrx_word' id='word_1_315' title='bbox 1091 4666 1226 4748; x_wconf 90' lang='lat' dir='ltr'>omnia</span> <span class='ocrx_word' id='word_1_316' title='bbox 1247 4694 1331 4774; x_wconf 87' lang='lat' dir='ltr'>quae</span> <span class='ocrx_word' id='word_1_317' title='bbox 1354 4667 1522 4753; x_wconf 90' lang='lat' dir='ltr'>humore</span> <span class='ocrx_word' id='word_1_318' title='bbox 1544 4671 1626 4753; x_wconf 88' lang='lat' dir='ltr'>acri</span> 
     </span>
     <span class='ocr_line' id='line_1_39' title="bbox 191 4765 1627 4902; baseline -0.008 -30"><span class='ocrx_word' id='word_1_319' title='bbox 191 4811 374 4902; x_wconf 86' lang='lat' dir='ltr'>turgent,</span> <span class='ocrx_word' id='word_1_320' title='bbox 403 4788 440 4871; x_wconf 91' lang='lat' dir='ltr'>ei</span> <span class='ocrx_word' id='word_1_321' title='bbox 469 4809 520 4867; x_wconf 91' lang='lat' dir='ltr'>ue</span> <span class='ocrx_word' id='word_1_322' title='bbox 546 4782 643 4898; x_wconf 72' lang='lat' dir='ltr'>saepe</span> <span class='ocrx_word' id='word_1_323' title='bbox 674 4780 818 4865; x_wconf 89' lang='lat' dir='ltr'>soetido</span> <span class='ocrx_word' id='word_1_324' title='bbox 848 4781 999 4865; x_wconf 88' lang='lat' dir='ltr'>exitum</span> <span class='ocrx_word' id='word_1_325' title='bbox 1030 4777 1153 4885; x_wconf 70' lang='lat' dir='ltr'>dano,</span> <span class='ocrx_word' id='word_1_326' title='bbox 1190 4777 1295 4863; x_wconf 69' lang='lat' dir='ltr'>unde</span> <span class='ocrx_word' id='word_1_327' title='bbox 1306 4765 1452 4864; x_wconf 87' lang='lat' dir='ltr'>&#39;natura</span> <span class='ocrx_word' id='word_1_328' title='bbox 1470 4779 1627 4865; x_wconf 87' lang='lat' dir='ltr'>illatum</span> 
     </span>
     <span class='ocr_line' id='line_1_40' title="bbox 189 4887 1627 5033; baseline -0.004 -50"><span class='ocrx_word' id='word_1_329' title='bbox 189 4899 346 5033; x_wconf 79' lang='lat' dir='ltr'>plenihr</span> <span class='ocrx_word' id='word_1_330' title='bbox 366 4902 447 4986; x_wconf 86' lang='lat' dir='ltr'>inte</span> <span class='ocrx_word' id='word_1_331' title='bbox 481 4901 619 5014; x_wconf 77' lang='lat' dir='ltr'>&#39;garon</span> <span class='ocrx_word' id='word_1_332' title='bbox 644 4895 698 4982; x_wconf 92' lang='lat' dir='ltr'>Et</span> <span class='ocrx_word' id='word_1_333' title='bbox 718 4897 764 4980; x_wconf 88' lang='lat' dir='ltr'>iis</span> <span class='ocrx_word' id='word_1_334' title='bbox 783 4894 993 5010; x_wconf 80' lang='lat' dir='ltr'>prasertim</span> <span class='ocrx_word' id='word_1_335' title='bbox 1015 4892 1204 4979; x_wconf 86' lang='lat' dir='ltr'>accidunt</span> <span class='ocrx_word' id='word_1_336' title='bbox 1222 4921 1323 5006; x_wconf 89' lang='lat' dir='ltr'>quos</span> <span class='ocrx_word' id='word_1_337' title='bbox 1347 4890 1422 4980; x_wconf 75' lang='lat' dir='ltr'>alia</span> <span class='ocrx_word' id='word_1_338' title='bbox 1442 4892 1492 4978; x_wconf 88' lang='lat' dir='ltr'>de</span> <span class='ocrx_word' id='word_1_339' title='bbox 1511 4887 1627 4978; x_wconf 66' lang='lat' dir='ltr'>causi</span> 
     </span>
    </p>
   </div>
   <div class='ocr_carea' id='block_1_4' title="bbox 0 0 2111 5908">
    <p class='ocr_par' dir='ltr' id='par_1_4' title="bbox 0 0 2111 5908">
     <span class='ocr_line' id='line_1_41' title="bbox 0 0 2111 5908; baseline 0 0"><span class='ocrx_word' id='word_1_340' title='bbox 0 0 2111 5908; x_wconf 95' lang='lat' dir='ltr'> </span> 
     </span>
    </p>
   </div>
  </div>
 </body>
</html>
