4246 5900
464 343 471 355 ’
565 363 1358 485 ιΝΤκουυεττα”
1590 429 1659 508 η

206 580 293 640 non
312 557 391 644 uni
412 557 503 646 vice
523 557 708 646 accidisse
727 557 913 642 viderunt
939 543 1123 662 Medici,
1145 587 1212 648 eut
1242 555 1481 646 mitulisaut
1506 563 1642 662 ostreis

205 673 406 760 nonsatis
430 671 653 760 recentibus
675 677 731 758 im
759 671 959 758 rudentibs
981 672 1203 788 assumptis..
1217 675 1329 790 Seps
1348 677 1485 760 vinum
1507 705 1642 763 mera-

206 785 294 869 cius
315 790 491 872 haustum
518 785 650 872 subito
670 701 829 870 colmes
849 786 966 890 faciei
991 783 1121 892 afflat,
1144 796 1187 872 dt
1234 792 1375 874 ruritus
1400 792 1441 872 in
1463 788 1643 904 partibus

205 895 345 984 dissuis
360 906 538 1018 protinits
556 903 760 988 concitare
780 897 904 984 visum
926 899 1009 1004 est,
1029 902 1116 984 imb
1140 909 1183 989 dt
1201 819 1361 990 dolores
1375 902 1428 988 ad
1449 901 1642 992 articulos

205 1013 279 1120 qui
298 1015 348 1100 ad
369 1017 497 1100 cutim
516 1045 601 1102 non
620 1015 840 1100 reseruntur
859 1012 1021 1124 quidem
1032 1073 1048 1119 ,
1071 1013 1140 1098 sed
1153 1044 1248 1101 cum
1261 1006 1329 1100 ills
1347 1019 1522 1105 intimilts
1536 1047 1641 1104 con-

204 1127 432 1212 metuntur.
449 1129 541 1214 Imb
562 1155 671 1214 tanta
689 1131 740 1214 est
765 1131 807 1212 in
828 1128 876 1214 iit
904 1155 989 1238 que
1009 1126 1277 1218 ventriculum
1303 1135 1500 1246 attingunt
1519 1130 1655 1222 rebus

258 1240 357 1325 endi
372 1239 590 1348 discordia,
614 1267 657 1324 ut
671 1267 876 1347 enormes,
894 1248 936 1324 bt
950 1237 1265 1355 verdliupeudos
1279 1245 1322 1326 in
1339 1271 1432 1330 cute
1460 1272 1640 1330 tumores

199 1266 410 1466 :ssurgere
423 1354 584 1438 viderim
599 1351 728 1438 nobili
755 1352 930 1460 femine,
951 1356 1108 1465 quoties
1123 1351 1192 1440 illa
1205 1353 1272 1442 vel
1285 1355 1483 1448 tantillum
1507 1387 1640 1471 oryzan

199 1462 440 1566 assumerem
455 1471 589 1552 verim
603 1466 716 1579 quod
730 1465 902 1552 maxime
925 1469 966 1550 in
981 1465 1027 1554 ei
1048 1466 1100 1552 de
1116 1465 1193 1580 qud
1211 1473 1363 1584 aginus
1385 1474 1549 1558 materie
1565 1503 1640 1563 no*

199 1578 371 1663 tandum
395 1583 475 1686 eli,
500 1577 630 1666 nullut
652 1584 706 1668 est
731 1608 781 1666 ex
804 1583 981 1670 interimi
1005 1577 1122 1666 causi
1146 1583 1307 1670 nascens
1333 1581 1498 1672 morbus
1521 1611 1639 1672 cuta-

204 1719 330 1799 neus,
346 1689 504 1800 jamjam
525 1697 776 1810 eruptionem
798 1693 1138 1803 afforeminitans,
1160 1700 1229 1807 qui
1247 1725 1331 1784 non
1344 1700 1386 1782 in
1401 1695 1639 1812 pralimiuio

206 1805 383 1912 nauseas,
394 1809 480 1890 imi>
498 1815 540 1892 dt
554 1811 730 1894 vomitus
740 1807 937 1916 accersat,
951 1836 1020 1922 per
1032 1813 1282 1924 eruptionem
1300 1810 1508 1900 cessaturas
1522 1842 1639 1920 pror-

206 1923 286 2006 uis.
325 1918 420 2003 Hic
453 1920 607 2036 petasii
619 1985 635 2030 ,
671 1919 780 2006 nulla
826 1919 906 2030 jam
943 1921 1208 2015 ventriculum
1257 1945 1382 2012 vexat·
1424 1929 1639 2034 anxietas,

208 2029 365 2116 nullum
378 2033 430 2118 ad
447 2033 580 2120 oblata
598 2036 816 2144 fastidium,
840 2035 908 2121 sed
920 2035 948 2119 fi
962 2037 1191 2152 reprimatur
1204 2039 1333 2146 intrb,
1352 2065 1418 2124 aut
1434 2063 1518 2146 arte
1539 2072 1639 2155 pra-

209 2143 374 2260 posteri,
384 2175 451 2232 aut
463 2147 518 2233 ob
536 2179 712 2236 errorem
728 2168 872 2236 nature
888 2153 1042 2266 eruptio
1055 2211 1069 2256 ,
1084 2151 1364 2238 recrudescunt
1374 2151 1489 2238 illici)
1501 2149 1524 2236 d
1537 2183 1640 2242 veu-

210 2258 355 2346 triculo
379 2261 590 2376 pendentia
603 2263 877 2381 symptomata
896 2265 948 2348 Et
969 2261 1077 2350 certe
1090 2291 1138 2348 ut
1150 2267 1233 2350 cuti
1247 2267 1300 2349 stc'
1318 2268 1505 2354 intestinis
1520 2294 1641 2379 atque

211 2373 433 2458 ventriculo
459 2383 683 2464 communis
698 2383 751 2464 est
768 2379 919 2464 sundio
934 2380 1028 2494 pers
1047 2381 1203 2464 'ratoria
1225 2375 1302 2490 qui
1319 2409 1466 2494 corpus
1491 2383 1642 2467 tenuis-

217 2485 319 2569 simis
338 2492 457 2572 terriae
478 2494 672 2576 couroms
697 2496 958 2578 excrementis
981 2491 1009 2574 li
1038 2507 1194 2598 eretur,
1221 2521 1304 2600 qua
1325 2489 1347 2576 *a
1370 2519 1463 2579 cute
1481 2491 1536 2576 ob
1551 2525 1639 2580 ma-

218 2601 384 2690 turinum
413 2603 539 2716 frigus
576 2607 793 2719 retropulsa
828 2609 871 2690 in
904 2607 1082 2689 intefflm
1114 2602 1346 2712 delabitur,
1384 2603 1641 2718 celeremque

118 2754 126 2777 ·
213 2716 376 2798 accersit
399 2717 492 2832 pers
512 2719 690 2802 irationis
712 2721 803 2804 vice
832 2719 1068 2800 diarrhoeam
1080 2778 1095 2822 ,
1120 2713 1196 2826 qual
1219 2715 1357 2800 sanitas
1388 2714 1540 2801 illibata
1562 2721 1643 2807 sera

212 2853 324 2913 vatur
334 2892 352 2936 ,
377 2858 444 2915 aut
485 2830 605 2917 altem
627 2831 846 2916 restituitur.
878 2826 975 2942 Qui
1001 2829 1160 2940 quidem
1178 2827 1426 2912 funslionum
1453 2857 1645 2944 commu*

215 2943 335 3028 nione
354 2975 448 3030 cum
467 2972 559 3031 cute
573 2948 746 3060 gaudent
760 2949 879 3031 etiam
899 2952 940 3028 δε
964 2969 1104 3048 renes,
1135 2949 1177 3028 ὅ(
1198 2944 1269 3026 viae
1288 2970 1429 3028 omues
1449 2948 1644 3036 urinatiaea

213 3051 329 3138 Unde
350 3057 549 3175 suppressi
560 3121 574 3166 ,
589 3058 654 3144 vel
671 3057 878 3144 imminuti
902 3055 956 3141 ob
981 3057 1193 3170 angustiam
1214 3053 1410 3140 canalium
1431 3057 1549 3140 urina:
1570 3088 1639 3144 ex-

172 3167 176 3185 '
211 3173 412 3280 cretione,
429 3177 588 3257 &cutis
607 3179 759 3259 urinam
778 3170 989 3258 redolet&
1003 3173 1153 3284 pruritu
1174 3195 1339 3254 vexatur
1361 3174 1542 3276 enormi,
1557 3203 1638 3258 nec

211 3313 340 3366 rarum
367 3290 421 3370 est
443 3286 512 3402 sup
541 3290 644 3374 reffis
669 3290 845 3374 cutaneis
862 3281 1132 3402 eruptionibus
1156 3277 1289 3392 labem
1316 3283 1408 3367 inde
1434 3309 1640 3398 acceptam
1700 3339 1704 3348 ·

211 3395 262 3480 ad
277 3399 448 3484 vesicam
465 3317 619 3509 delabi,
634 3405 781 3514 stoque,
798 3425 962 3484 notante
976 3397 1247 3511 Hippocrate,
1264 3393 1394 3480 scabie
1407 3394 1559 3480 laborat
1574 3425 1640 3481 ve-

211 3510 290 3594 srca
301 3573 315 3617 ,
337 3511 405 3597 seu
426 3517 559 3628 potius
579 3519 784 3632 herpetico
809 3512 983 3627 quodam
1011 3506 1149 3614 malo,
1166 3506 1281 3628 'quod
1298 3506 1409 3592 lema:
1437 3535 1555 3619 atque
1583 3539 1642 3594 ra·

212 3629 405 3710 mentain
426 3626 538 3712 utini
551 3633 721 3714 natantia
736 3625 998 3742 designavdre.
1637 3708 1643 3718 .

270 3739 326 3821 At
344 3735 440 3826 licet
458 3744 637 3826 intimior
657 3743 787 3826 forsan
809 3767 926 3850 atque
952 3738 1116 3854 propior
1136 3735 1182 3818 srt
1195 3731 1406 3818 ventriculi
1432 3765 1524 3820 cum
1549 3758 1644 3818 cute

215 3847 473 3962 conjunslio,
490 3883 573 3938 non
598 3886 682 3940 tara
704 3857 779 3962 eli,
804 3881 843 3939 at
857 3848 1024 3970 periculi
1046 3846 1216 3932 maxime
1239 3846 1382 3964 plena,
1407 3849 1646 3930 communio

215 3993 298 4072 quae
327 3964 582 4078 pulmonibus
611 3996 727 4082 atque
751 3972 824 4056 viis
848 3970 968 4053 a‘ereis
991 3994 1086 4072 cum
1112 3960 1273 4048 externi
1302 3987 1394 4044 cute
1422 3958 1645 4044 intercedit.

214 4075 359 4189 lugens
376 4084 483 4164 enim
495 4086 547 4167 est
564 4083 585 4166 i
599 4088 764 4169 thorace
810 4081 1072 4199 erspirationis
1086 4101 1359 4177 momentum,
1374 4101 1458 4180 qua
1473 4073 1502 4154 fi
1518 4069 1539 4154 ir
1555 4097 1650 4157 cute

214 4213 319 4272 retro
348 4192 431 4278 ulsa
455 4222 628 4282 vertatur
654 4203 696 4282 in
718 4114 961 4314 pulmones,
991 4190 1088 4306 sape
1120 4185 1244 4271 subiti
1271 4182 1440 4306 stridori
1462 4206 1650 4300 premun-

217 4326 277 4385 tur
293 4221 353 4388 ill
368 4369 383 4414 ,
409 4310 698 4396 inflammantur
710 4378 726 4422 ,
742 4321 783 4396 et
796 4309 982 4395 morbum
997 4308 1038 4388 in
1054 4303 1094 4386 se
1107 4301 1331 4414 suscipiunt.
1347 4299 1463 4382 unde
1476 4299 1558 4382 dira
1571 4325 1650 4382 nec

173 4469 176 4480 .
219 4441 298 4500 rara
313 4445 447 4506 tamen
464 4428 516 4508 est
537 4425 738 4540 Phtyseon
759 4414 919 4524 histdria
941 4445 1033 4538 quat·
1049 4413 1072 4504 *a
1091 4411 1316 4529 rotropulsr's
1335 4413 1541 4497 nascantur
1556 4415 1649 4494 her-

220 4528 384 4640 peribus.
404 4535 592 4626 Praetered
607 4566 755 4626 norunt
769 4539 929 4636 Medici
942 4562 1082 4626 omnes
1096 4526 1215 4644 quiem
1233 4523 1351 4612 facile
1364 4529 1406 4608 in
1419 4521 1649 4630 morbillis,

220 4647 265 4722 dt
284 4642 493 4738 scarlatinis
515 4651 689 4742 febribus
713 4653 736 4741 i
762 4685 860 4756 cute
885 4665 927 4746 in
979 4651 1162 4738 ulmonee
1183 4646 1284 4730 acris
1305 4637 1375 4724 illa
1395 4666 1512 4751 atque
1535 4637 1651 4770 vola·-

219 4752 297 4844 tilis
313 4770 494 4852 materies
512 4767 684 4878 seratur,
714 4779 919 4876 &fursus
937 4687 1046 4856 abiis
1061 4769 1208 4962 impete
1229 4757 1334 4841 satio
1365 4758 1407 4842 in
1429 4780 1562 4838 eutem
1587 4781 1649 4832 m-

218 4872 341 4962 volet.
365 4879 660 4998 Sympatlreiam
674 4947 700 5024 ,Ι
721 4933 773 4993 an
802 4923 888 4988 non
912 4888 1043 5010 potibs
1070 4878 1113 4976 su
1141 4869 1651 5068 stantiaelpontinuationem

431 4996 441 5018 .
1345 5011 1371 5088 1¹
