4188 5916
635 357 1152 446 curnun1s
1531 399 1617 476 „7

169 484 253 627 'qui
273 545 349 602 nec
371 514 641 633 malignitate,
666 550 741 606 nec
760 515 860 606 sedis
884 548 1001 634 quam
1022 547 1221 638 occupant
1241 517 1445 610 altitudine
1464 530 1621 640 possunt
1709 627 1715 642 ¹

184 632 279 716 huic
295 660 453 717 veneno
474 633 664 730 conserti.
690 635 780 748 Ego
802 638 899 720 verb
920 666 992 750 pto
1008 636 1110 720 virili
1132 661 1240 748 parte
1260 638 1487 724 sanslilsrme
1503 646 1620 726 attes-

183 750 255 828 tari
276 745 431 858 possum
454 745 737 830 illustrissimam
760 774 979 854 matronam
997 753 1150 856 vivam,
1177 775 1293 859 atque
1317 750 1479 838 sanitate
1493 756 1619 839 fruen-

182 883 266 940 tem
281 857 450 966 illibati,
467 859 637 944 sanatam
653 861 763 946 fuisse
778 864 939 974 herpete
951 862 1244 976 ph'agocdenico
1260 891 1399 974 genam
1414 855 1620 978 utramque

183 971 293 1054 foede
314 970 557 1057 ulcerantem
580 981 621 1056 &
647 977 751 1058 acria
770 972 1007 1081 stillantem,
1036 975 1130 1057 diam
1158 1001 1329 1058 mutatur
1358 979 1470 1090 ipsuis
1494 984 1622 1068 viclus

185 1087 369 1198 opiparus
377 1148 393 1193 ,
415 1094 457 1169 ὃ(
474 1113 590 1170 carne
604 1091 799 1200 turgentia
812 1085 960 1192 juscula
974 1088 1431 1202 repudiantur‚=solisque
1446 1089 1619 1178 oleribus

182 1199 283 1281 vivit
307 1197 583 1312 stmplicissrme
606 1208 648 1284 &
669 1199 768 1312 aqui
788 1199 897 1282 saliti
919 1230 1130 1316 paucoque
1156 1200 1301 1313 butyro
1329 1201 1520 1312 conditis,
1543 1235 1620 1291 nec

183 1307 289 1393 ullus
313 1311 487 1421 unquam
508 1311 529 1394 ὲ
554 1311 695 1396 decem
718 1315 826 1396 annis
849 1312 924 1396 suit
945 1312 1037 1396 mali
1061 1315 1261 1426 regressus.

239 1424 391 1506 Verum
416 1427 506 1508 artis
529 1425 698 1539 praefidia
727 1423 1004 1510 invocantibus
1032 1423 1098 1510 vel
1128 1426 1335 1512 mutandus
1367 1432 1419 1512 est
1447 1433 1619 1536 humor,

183 1532 251 1618 vel
277 1533 546 1650 expellendus.
584 1537 771 1626 Mutandi
805 1541 981 1622 humoris
1014 1541 1211 1650 incogniti
1241 1539 1327 1654 spes
1359 1540 1496 1648 nulla,
1527 1547 1620 1626 ciam

184 1646 341 1730 nullum
364 1647 476 1734 detur
503 1649 552 1733 ad
578 1653 757 1764 herpetes
786 1650 976 1734 sanandos
1004 1653 1337 1736 medicamentum
1362 1655 1618 1768 specisacum,

184 1763 269 1842 imb
296 1770 337 1845 &
367 1762 698 1848 demonstratione
726 1761 895 1878 praslicit
926 1792 1078 1848 certum
1111 1767 1156 1847 stt
1186 1766 1366 1878 herpetes
1394 1773 1477 1851 vim
1506 1769 1620 1881 ipfiais

184 1877 371 1957 mercurii
390 1873 620 1960 alterantem
635 1874 808 1962 eludere.
833 1876 1013 1991 Superest
1028 1903 1072 1960 ut
1086 1875 1320 1963 eliminetur.
1343 1880 1470 1962 Porri>
1490 1882 1621 1990 quod-

187 2015 360 2098 cumque
379 1991 723 2074 excrementitium
743 1993 795 2076 est
812 2017 881 2104 per
896 2016 974 2074 tres
994 1995 1144 2074 tantum
1164 2017 1339 2104 patentes
1356 1997 1619 2077 excrementis

185 2102 267 2184 vias
289 2104 415 2216 potest
438 2100 653 2206 eliminari,
672 2131 748 2186 nec
768 2101 888 2198 alium
906 2101 1032 2186 sortiti
1047 2106 1273 2186 vacuationi
1286 2102 1451 2205 locum;
1473 2104 1538 2190 vel
1551 2107 1620 2191 sci·

184 2210 282 2296 licet
329 2243 371 2298 er
388 2244 509 2328 poros
528 2215 822 2329 perspitatorios
844 2241 962 2326 atque
986 2214 1116 2300 sudori
1141 2219 1322 2330 proprios
1353 2243 1525 2323 meatus,
1552 2217 1619 2303 vel

187 2355 255 2440 per
280 2244 437 2432 alvum,
457 2324 523 2411 vel
548 2356 617 2440 pet
644 2333 786 2410 urinas.
814 2329 875 2408 Ex
908 2326 1048 2436 quibus
1074 2326 1170 2440 sape
1196 2330 1298 2410 inter
1328 2328 1368 2412 se
1398 2328 1619 2442 complexis

186 2467 304 2550 atque
315 2436 552 2522 combinatis
567 2438 866 2522 vacuationibus
878 2468 936 2522 ars
950 2439 1064 2524 discit
1076 2443 1129 2520 ita
1172 2441 1360 2546 roficere,
1378 2468 1422 2525 ut
1439 2447 1619 2526 omnium

186 2559 226 2638 in
249 2556 465 2636 humorum
489 2552 637 2634 effluxu
662 2556 804 2668 pariter
827 2549 975 2636 hostilis
1002 2579 1088 2665 pars
1113 2579 1135 2634 e
1180 2579 1259 2636 uat.

192 2687 198 2701 ·
242 2664 365 2749 Certe
390 2693 441 2748 ex
466 2661 650 2747 omnibus
670 2695 753 2774 quae
777 2661 1002 2777 herpetibus
1022 2662 1234 2747 vacuandis
1254 2664 1437 2749 conferre
1462 2665 1620 2778 possunt

188 2781 439 2864 emunsloriis
453 2841 468 2885 ,
499 2772 656 2860 nullum
688 2804 830 2874 naturae
865 2778 990 2888 magis
1025 2776 1246 2860 consonum
1274 2780 1328 2862 est
1360 2776 1477 2888 qubm'
1510 2779 1620 2888 quod

186 2889 394 2977 sudoribus
410 2890 574 2976 dicatur.
596 2890 756 2974 Etenim
778 2919 864 3004 pars
880 2892 933 2972 est
948 2887 1055 2972 malo
1074 2893 1275 3004 proxima,
1292 2899 1333 2974 &
1351 2889 1504 2974 defectu
1523 2891 1621 3005 pers·

187 2997 390 3121 pirationis
410 3004 618 3088 nascuntur
632 3006 837 3116 herpetes‚
859 3000 935 3112 quit
950 3000 1153 3108 resarciti,
1178 3000 1270 3085 illos
1282 3006 1400 3088 etiam
1413 3001 1490 3087 esse
1505 3033 1620 3087 amo·

188 3119 341 3204 vendos
362 3117 447 3232 spes
472 3120 555 3214 est3
582 3116 686 3200 unde
714 3115 929 3200 &balneis
959 3115 1099 3256 tepidis
1128 3143 1271 3228 corpus
1325 3146 1371 3197 rae
1400 3143 1549 3212 aratum
1577 3125 1620 3200 ὃ(

187 3227 427 3347 permeabile
458 3229 655 3314 redditum
687 3227 786 3342 saepe
815 3232 858 3311 vi
892 3232 1024 3310 innata
1053 3229 1232 3342 herpetes
1271 3146 1435 3312 abstulit.
1468 3229 1620 3312 Verum

185 3343 390 3430 fatendum
419 3347 470 3428 est
496 3373 543 3428 ea
572 3373 655 3454 quae
682 3343 771 3424 sunt
795 3349 837 3423 ὅ(
865 3339 1048 3424 dicuntur
1078 3339 1294 3424 sudorifera
1320 3341 1415 3454 sape
1444 3338 1620 3452 legitimas

188 3457 344 3542 afflone
364 3458 538 3564 destitui,
563 3457 592 3539 st
614 3458 656 3539 in
678 3485 849 3570 corpora
872 3452 1083 3537 inciderint
1102 3452 1302 3567 crispanda'
1313 3515 1327 3559 ,
1357 3451 1474 3538 facile
1497 3455 1631 3535 irrita-‘

188 3571 285 3656 bilia
306 3579 348 3653 ὅ(
372 3568 512 3679 quibus
530 3573 589 3652 vis
609 3569 740 3653 cordis
765 3569 896 3653 addita
919 3568 1271 3650 inflammationem
1313 3570 1426 3670 ,otius
1452 3575 1492 3650 ὃ(
1516 3567 1622 3648 stric-

166 3693 320 3768 turam
346 3681 465 3763 faciat
477 3742 492 3786 ,
523 3678 641 3788 quiam
665 3680 797 3764 eliciat
817 3681 1005 3786 sudores,
1027 3680 1111 3761 imo
1139 3681 1224 3762 astu
1252 3709 1274 3763 a
1303 3679 1387 3764 dito
1413 3682 1620 3793 herpetum

188 3795 441 3906 eruptionem
460 3818 614 3906 augeat.

245 3904 355 3990 Illud
370 3905 530 4014 quidem
549 3906 755 4018 herpetum
768 3933 1047 4020 augmentum,
1066 3907 1094 3988 st
1111 3932 1248 3992 catera
1261 3904 1363 3990 reete
1376 3903 1416 3986 se
1429 3899 1618 4009 habeant,

192 4049 266 4106 nec
281 4018 705 4104 videaturinllammari
721 4048 864 4134 corpus
876 4085 889 4128 ,
915 4051 998 4104 non
1022 4021 1146 4102 statim
1170 4049 1242 4134 pro
1263 4014 1369 4098 malo
1395 4011 1620 4098 habendum

194 4137 245 4217 est
255 4195 270 4238 ,
295 4137 387 4216 clim
409 4129 492 4246 ipsi
512 4129 775 4220 invalescente
794 4135 955 4218 sanitate
977 4134 1083 4216 foras
1105 4135 1222 4214 hoslis
1246 4124 1525 4241 prottudaturt
1550 4127 1618 4212 sed

195 4245 307 4330 caute
328 4254 368 4329 ὃ(
383 4245 594 4360 prudenter
608 4246 891 4358 inspiciendum
907 4277 955 4328 an
969 4243 1107 4328 critice
1119 4267 1233 4324 exeat
1247 4244 1412 4343 humor,
1431 4269 1479 4321 an
1495 4240 1618 4354 svmp
1693 4332 1698 4340 .

194 4357 383 4444 tomatice
402 4368 444 4444 ὃ(
463 4389 539 4475 prat
554 4357 769 4456 incendio?
791 4361 837 4439 ln
852 4358 974 4468 priori
989 4359 1095 4439 enim
1115 4352 1205 4435 casu
1225 4353 1408 4436 audacibs
1424 4355 1462 4434 in
1481 4355 1619 4437 eidem
1662 4413 1665 4418 -

194 4471 387 4558 methodo
411 4469 734 4584 perseverandum
761 4473 842 4568 est3
870 4471 910 4548 in
937 4468 1139 4581 posteriori
1162 4471 1259 4551 verb
1286 4496 1368 4549 non
1397 4467 1622 4566 cessandum

195 4585 342 4692 modo,
366 4584 433 4666 sed
457 4615 559 4668 nova
581 4581 769 4668 diluentia
782 4645 795 4687 ,
821 4608 1003 4689 novaque
1024 4577 1164 4664 balnea
1186 4576 1445 4666 admovenda.

250 4697 569 4806 Antiquissimum
589 4697 638 4781 ad
658 4701 759 4778 hanc
777 4695 1061 4780 indicationem
1080 4695 1296 4778 remedium
1307 4757 1320 4800 ,
1348 4692 1483 4777 saltem
1509 4717 1553 4773 ut
1569 4717 1618 4773 ex

166 4808 508 4924 ,inquisitionibus
528 4815 624 4895 meis
646 4807 846 4918 conjicere
861 4808 1038 4926 possum,
1057 4837 1105 4892 ex
1120 4810 1261 4921 viperis
1285 4805 1512 4922 petebatur,
1535 4831 1618 4912 quae
