4186 5908
608 335 1152 524 ¹coarmata
1544 447 1736 530 mr*

50 653 54 662 .
176 573 320 663 cutim
343 573 511 692 crispet,
539 571 792 687 sejungatque
820 568 841 678 l
868 573 1008 657 nativis
1029 569 1198 662 vinculis
1228 571 1516 690 epidermidem
1539 611 1626 694 quae

128 701 131 708 ’
176 691 288 774 -dirm
310 684 451 774 leviter
474 684 690 796 attollitur,
720 683 852 770 subtirs
880 682 957 770 alia
984 683 1197 771 succrescit
1219 683 1400 774 lamina:
1432 693 1487 776 ita
1510 695 1627 782 multi

62 793 67 816 ¹
174 803 282 888 ¹sunt
319 801 485 887 infantes
523 799 664 911 quib'us
697 798 744 884 ad
774 801 829 882 sm
857 795 943 884 ulas
983 798 1213 885 dentitionis
1242 803 1429 916 periodos
1458 807 1625 894 irritatio

144 1016 151 1031 x
191 915 372 1012 lichenes
400 918 569 1002 exterihs
596 915 804 1030 protrudit.
880 939 930 999 ec
956 912 1065 997 certe
1095 912 1272 1028 semper,
1303 911 1401 1000 licet
1427 919 1627 1052 impressio

174 1057 278 1138 qua
302 1055 383 1112 tam
410 1027 519 1114 leves
544 1029 706 1114 effebus
730 1050 864 1111 exerat
890 1029 1028 1142 pariun
1053 1025 1361 1136 metuendam,
1388 1031 1627 1148 negligenda

190 1143 325 1226 tamen
349 1135 413 1225 est.
443 1143 617 1252 Quoties
643 1143 750 1226 enim
777 1165 838 1224 res
865 1139 1074 1223 universim
1102 1167 1173 1252 per
1197 1165 1327 1226 totum
1352 1171 1495 1258 corpus
1520 1147 1627 1263 gras-

190 1253 319 1361 satur,
334 1262 378 1338 dt
395 1275 521 1340 totam
536 1256 751 1365 humorum
767 1249 927 1358 molem
947 1255 1027 1336 acri
1046 1255 1189 1366 intingi
1206 1255 1357 1367 srgnum
1376 1259 1428 1339 est
1437 1321 1451 1363 ,
1468 1266 1510 1342 ὅ(
1525 1263 1628 1378 pers·

171 1371 428 1482 ¹pirationem
454 1371 582 1452 minias
608 1365 778 1482 perfeete
800 1369 961 1480 peragi,
990 1364 1095 1450 unde
1118 1362 1268 1476 malum
1287 1369 1330 1452 in
1352 1377 1627 1462 oeconomiam

190 1479 402 1566 animalem
423 1509 506 1566 non
523 1511 647 1565 unum
665 1478 880 1595 impendet.
1274 1521 1278 1526 ·

172 1671 177 1682 .
247 1591 436 1679 Praeterel
455 1593 581 1678 serum
598 1621 688 1678 acre
707 1591 990 1708 epidermidem
1009 1587 1212 1701 &subjecta
1228 1619 1321 1680 cute
1337 1587 1529 1686 divellens
1542 1601 1627 1688 non

174 1704 343 1822 semper
352 1705 584 1791 familiarem
594 1705 663 1788 srbi
673 1711 777 1789 viam
790 1704 908 1819 legit,
923 1715 965 1788 bt
978 1705 1191 1815 aliquandi)
1232 1706 1408 1822 alpebras
1424 1720 1466 1796 ὅ(
1481 1714 1626 1802 oculos

190 1821 354 1903 infestat.
374 1819 532 1905 Malum
552 1819 651 1903 illud
667 1819 872 1903 lichenum
889 1817 1167 1930 universalium
1185 1738 1421 1934 ssmpliciurn
1439 1821 1624 1938 juvenes,

189 1933 385 2048 pracipub
415 1937 523 2019 viros
536 1997 550 2040 ,
584 1932 650 2016 sed
684 1936 825 2043 quovis
854 1935 972 2015 aetatis
1007 1957 1188 2046 tempore
1221 1932 1407 2018 mulieres
1426 1937 1626 2028 divexare

189 2071 348 2154 natum,
363 2050 405 2131 in
420 2045 504 2132 illas
519 2046 727 2162 presertim
741 2043 915 2129 incidere
933 2045 1031 2128 mihi
1046 2045 1172 2128 visum
1190 2045 1243 2129 est
1261 2076 1344 2157 qua
1362 2047 1451 2134 ante
1471 2078 1625 2140 atatem

171 2165 231 2254 ¹bt
251 2188 388 2275 prater
402 2159 537 2244 sexum
552 2157 772 2270 liquoribus
792 2158 1003 2273 spirituosrs
1022 2155 1281 2242 abutebantur
1295 2221 1311 2266 ,
1324 2187 1402 2246 aut
1421 2161 1519 2249 cibis
1535 2198 1625 2253 mu-

188 2275 334 2358 riaticis
355 2270 434 2358 sale
452 2273 644 2384 fumoque
664 2273 874 2376 induratis,
891 2267 958 2356 vel
973 2271 1135 2355 demiam
1148 2269 1319 2386 piscibus
1332 2273 1486 2361 acribus
1505 2278 1624 2368 salitis

188 2388 303 2469 nimi*
376 2383 668 2470 delectabantur
683 2412 801 2496 atque
820 2386 1033 2498 piperatis,
1060 2383 1115 2467 ita
1133 2410 1178 2468 ut
1198 2387 1378 2468 noverim
1402 2418 1486 2473 non
1503 2423 1624 2478 unam

188 2502 253 2583 cui
266 2412 395 2603 [Ἃ
410 2501 681 2612 contingeret,
693 2525 738 2581 ut
751 2525 968 2608 nunquam,
983 2497 1146 2612 nisrpost
1161 2493 1326 2582 similem
1341 2500 1384 2582 in
1397 2504 1504 2589 virtu
1519 2533 1622 2592 erro

170 2639 302 2720 ¹rem,
331 2607 508 2698 lichenes
537 2635 794 2727 apparerent,
828 2606 986 2692 meliori
1011 2609 1136 2694 visitis
1164 2611 1337 2694 instituto
1367 2617 1621 2730 corrigendi,

186 2731 317 2923 rursgrs
332 2751 601 2842 emergentes,
620 2721 690 2808 ubi
705 2750 811 2809 nova
826 2721 1011 2828 concessa
1022 2723 1111 2836 ipsrs
1124 2721 1236 2808 soret
1247 2719 1406 2808 libertas
1427 2729 1474 2813 iis
1492 2729 1622 2816 indul·

213 2865 263 2924 en
292 2870 320 2926 r.
1601 2889 1602 2894 κ

165 2869 212 3048 ,g
243 2949 377 3038 Altior
395 2951 447 3040 est
467 2979 607 3036 eorum
627 2948 830 3056 lichenum
851 2941 1114 3033 consrderatio
1133 2947 1203 3060 qui
1221 2943 1342 3034 rubro
1360 2947 1488 3038 limbo
1503 2955 1620 3066 erysi-

184 3061 367 3182 pelatoso
396 3073 437 3150 bt
468 3063 741 3179 aliquantisper
764 3059 885 3146 rubro
910 3059 1219 3174 distinguuntur,
1247 3063 1276 3145 fi
1300 3063 1508 3180 prasertim
1534 3100 1621 3156 ma-

185 3176 285 3262 culae
305 3177 528 3262 illatorum
548 3205 692 3292 corpus
711 3173 909 3287 aqualiter
931 3201 1154 3290 occupent,
1178 3178 1314 3292 paucis
1337 3175 1480 3264 rellslis
1502 3184 1620 3268 inter-

168 3289 311 3392 ,vallis
334 3291 454 3375 Tunc
474 3292 581 3376 enim
602 3288 749 3374 acredo
768 3284 894 3396 major
911 3289 985 3395 est,
1007 3284 1197 3400 brevique
1216 3319 1299 3374 non
1316 3287 1401 3374 sola
1420 3297 1617 3382 exteriora

184 3401 447 3520 symptomata
461 3401 717 3516 concitabit,
737 3402 806 3488 sed
827 3429 937 3486 nares
949 3462 964 3508 ,
989 3399 1124 3504 fauces
1144 3404 1326 3510 intimas,
1353 3410 1560 3491 trachaeam
1573 3417 1617 3494 dt

185 3519 363 3602 intestina
372 3519 550 3622 invadet,
566 3514 701 3628 ibique
722 3543 909 3629 coryzam
929 3539 1180 3629 perpetuam,
1195 3515 1357 3628 aphtas,
1374 3517 1637 3632 deglutiendi¹

187 3637 227 3716 dr
251 3631 461 3745 respirandi
487 3629 787 3736 difficultatem,
815 3628 945 3712 tufflm
972 3634 1014 3710 dt
1038 3625 1208 3710 tormina
1230 3625 1392 3714 rebellia
1410 3661 1621 3746 procreare

164 3833 170 3840 ,
186 3747 321 3859 potest.
351 3743 478 3828 Causa
496 3744 765 3857 porrbacrior
781 3743 833 3825 est
849 3748 892 3825 dt
909 3741 1032 3855 petita
1044 3764 1097 3825 ex
1110 3737 1354 3855 longinquo,
1375 3741 1472 3830 licet
1485 3746 1618 3863 plures

83 3953 85 3960 ,
166 3857 351 3955 ,viderim
361 3857 530 3968 qui,etsr
545 3853 824 3938 obstinatiffimi
837 3852 1001 3961 fuerint,
1015 3879 1148 3938 tamen
1159 3854 1410 3970 saevirentper
1424 3860 1614 3968 hiemem,

170 3965 228 4054 ¹&
247 3972 382 4085 primis
402 3972 533 4054 aestatis
555 3965 753 4052 caloribus
774 3968 941 4051 omninb
955 3965 1216 4081 diffugerent,
1239 3996 1290 4053 ne
1310 3967 1443 4052 reliblal
1456 3971 1617 4082 quidem

184 4081 242 4168 sui
261 4081 326 4169 vel
349 4079 508 4168 minimi
532 4081 638 4184 noti.
665 4081 895 4191 Aliquando
911 4079 1089 4166 lichenes
1108 4107 1300 4166 venereos
1318 4080 1400 4164 dari
1420 4081 1617 4173 distributa

161 4196 424 4306 inequaliter
446 4223 620 4282 nocente
641 4193 801 4280 materiis
824 4221 978 4282 certum
1007 4197 1072 4279 est.'
1104 4193 1203 4276 Dari
1228 4190 1508 4307 scrophulosos
1531 4229 1615 4286 non

88 4349 91 4356 ·
164 4310 431 4416 ,inauditum
454 4310 520 4396 sed
541 4337 740 4419 nunquam
761 4311 842 4393 stne
862 4305 942 4393 alio
962 4328 1228 4390 concurrente
1247 4307 1358 4420 signo
1383 4309 1618 4399 morborum

183 4424 344 4508 istorum
362 4421 537 4536 diagnosr
552 4420 766 4506 formanda
782 4421 979 4505 sufficeret
995 4416 1201 4500 lichenum
1219 4419 1396 4535 eruptio.'

242 4536 309 4624 De
323 4539 421 4618 acris
435 4538 535 4622 istius
549 4529 683 4619 natura
701 4529 811 4646 quod
823 4531 1000 4616 lichenes
1017 4529 1165 4616 efficiat
1183 4538 1225 4615 bt
1242 4561 1326 4616 non
1344 4531 1419 4618 alia
1438 4541 1618 4628 concitet

181 4647 445 4762 symptomata
459 4652 523 4731 vix
541 4649 759 4733 accuratiirs
775 4647 900 4762 potest
912 4646 1168 4761 pronuntiari.
1185 4643 1354 4730 Videtur
1370 4674 1505 4736 tamen
1517 4652 1617 4739 illud

183 4764 224 4845 in
245 4760 319 4864 haic
336 4760 528 4876 principue
542 4763 687 4847 haerere
702 4758 871 4846 mucosa
887 4761 1056 4844 materiae
1075 4785 1184 4875 parte
1203 4763 1499 4850 excrementitii
1517 4764 1617 4851 faeta

183 4905 270 4992 quae
295 4905 390 4963 cum
413 4876 695 4994 perspiratione
716 4876 828 4992 exit,
851 4880 901 4982 ‚bt
925 4901 1009 4989 que
1023 4870 1188 4965 vinculo
1209 4875 1312 4962 inter
1333 4877 1619 4996 epidermidem
