4246 5900
438 439 491 520 aa
673 427 771 521 on
827 419 1140 516 monars
1199 369 1636 516 cornuam(

437 620 660 702 vocemus,
691 592 954 682 concordiam
973 587 1083 675 illam
1098 587 1218 696 mali,
1236 617 1320 701 quae
1335 590 1438 676 inter
1458 617 1592 677 cutem
1612 615 1730 701 atque
1770 615 1872 678 artes

438 705 667 794 membranei
681 712 833 795 vestitas
876 702 1045 790 imitaris
1060 702 1273 790 intercedit
1291 703 1439 789 iCertd
1457 731 1595 790 neutra
1614 705 1695 788 stne
1753 709 1878 792 terius

438 821 583 908 dolote
599 830 640 906 ὅ(
665 819 836 907 strictura
850 737 1018 904 laborat.
1044 815 1197 903 Saltem
1222 816 1481 902 srcutaneum
1506 817 1655 902 malum
1681 817 1877 926 inlatis,
1934 897 1942 906 .

440 943 483 1020 br
504 932 676 1050 partibus
692 933 923 1052 propinquis
946 930 1120 1040 haeserit,
1139 958 1284 1040 coryza
1298 931 1575 1016 vehementior
1594 931 1637 1014 in
1662 933 1815 1016 natium
1834 937 1880 1016 dt

439 1045 644 1132 labrorum
673 1075 807 1134 cutem
842 1043 1094 1128 diffundatur.
1132 1043 1226 1126 Nec
1256 1041 1442 1154 genitalia
1465 1047 1643 1128 virorum
1669 1069 1737 1127 aut
1760 1043 1880 1129 femi-

440 1189 580 1245 narum
600 1189 746 1276 otgana
767 1156 841 1243 abs
861 1184 913 1242 ue
939 1152 1181 1270 sympatheid
1200 1152 1289 1236 sunt
1307 1183 1403 1237 cunr
1424 1180 1517 1240 cute
1539 1182 1622 1265 quae
1641 1155 1742 1240 inter
1754 1159 1879 1247 uehe-

440 1299 594 1356 mentes
630 1275 679 1356 ad
708 1187 971 1358 concubitum
995 1271 1110 1352 nixus
1141 1267 1324 1378 arrigitur
1351 1265 1431 1379 ipsa
1444 1326 1460 1372 ,
1494 1274 1536 1350 dt
1570 1267 1655 1380 post
1683 1268 1882 1355 deferres.

441 1411 537 1470 cens
565 1388 723 1468 oestt‘um
755 1407 968 1469 venereum
995 1377 1155 1496 papulas
1178 1375 1417 1488 sudoresque
1443 1380 1601 1462 emittit.
1625 1379 1716 1462 Imb
1742 1389 1784 1468 dt
1797 1385 1893 1470 vidi·
2010 1472 2019 1489 ‚

441 1501 484 1582 in
507 1498 662 1582 summo
677 1500 828 1613 prutina
848 1494 898 1578 ad
920 1522 1010 1578 ctus
1036 1496 1138 1576 inter
1150 1489 1407 1608 scalpendum
1431 1493 1474 1574 in
1488 1493 1576 1574 viro
1595 1491 1880 1607 sexagenario,

423 1641 588 1724 magno
609 1611 759 1726 impetu
789 1606 924 1692 semen
955 1602 1144 1704 exiliille3
1178 1603 1288 1688 unde
1311 1605 1431 1687 etiam
1470 1631 1702 1689 annotatum
1727 1608 1883 1694 summe

440 1722 534 1808 illos
557 1727 597 1804 in
616 1747 805 1806 venerem
843 1717 1031 1805 exardere
1056 1719 1126 1828 qui
1150 1714 1296 1802 morbo
1350 1719 1521 1802 turiente
1547 1743 1777 1828 tentantur,
1801 1749 1880 1808 nec

440 1833 660 1920 libidinosis
695 1837 834 1948 ignota
858 1834 1075 1946 flagrorum
1108 1855 1227 1940 atque
1253 1746 1462 1916 verberum
1490 1829 1670 1915 efficacia
1692 1831 1743 1917 ad
1765 1833 1883 1920 lentae

441 1946 798 2034 exstimulationem
838 1942 1046 2052 libidinis,
1091 1943 1203 2054 quod
1239 1943 1448 2028 artificium
1481 1941 1638 2030 senibus
1667 1943 1883 2057 aliquande

471 2060 593 2143 rofuit
605 2121 618 2164 ,
653 2089 777 2145 vanos
802 2060 1044 2167 caetetoquin
1072 2055 1121 2141 ad
1147 2053 1277 2172 prelia
1290 2083 1466 2143 ,venerea
1497 2083 1663 2143 conatus
1683 2065 1882 2148 exerenti-

441 2092 529 2256 bus.
556 2171 670 2282 Quid
691 2169 770 2281 jam
792 2169 1005 2282 loquamur
1026 2173 1092 2255 hic
1115 2168 1166 2254 de
1182 2174 1284 2258 cutis
1307 2201 1402 2256 cum
1418 2172 1538 2255 animi
1561 2167 1763 2260 affectibus
1779 2173 1879 2287 sym·

439 2281 623 2401 patheiai,
653 2315 737 2395 quae
759 2281 838 2368 illis
864 2282 1124 2369 emicantibus
1149 2309 1237 2368 tota
1262 2311 1528 2398 corrugatur,
1555 2285 1781 2398 stringitur,
1812 2315 1882 2376 aut

442 2422 583 2480 contra
614 2394 777 2482 laxatur.
819 2395 980 2508 Quibus
1017 2400 1057 2480 in
1093 2393 1354 2504 evolvendis,
1388 2423 1506 2508 atque
1536 2394 1880 2511 deprehendendis

443 2506 669 2616 effediibus,
684 2539 768 2594 non
788 2539 928 2593 vanarn
947 2507 1080 2594 lustro
1108 2537 1214 2594 eram
1233 2511 1485 2617 Sandotius,
1502 2505 1613 2616 cujus
1632 2511 1765 2598 statera
1779 2541 1882 2624 quot

441 2625 678 2707 variationes
695 2625 736 2704 in
760 2623 1040 2737 perspiratione
1061 2541 1239 2731 tiaris,
1255 2651 1320 2709 tot
1342 2623 1503 2710 effecius
1522 2625 1684 2708 aelionis
1704 2630 1878 2734 tonica,

440 2759 562 2844 atque
585 2733 832 2852 sympatheiae
850 2738 893 2817 in
917 2762 1009 2822 cute
1032 2738 1151 2822 etiam
1168 2739 1377 2852 exposuit,
1399 2739 1694 2846 maximumque
1717 2738 1816 2824 adei)
1833 2743 1878 2826 in
1989 2785 2001 2810 ·

443 2847 677 2961 detegendis
699 2875 816 2961 atque
840 2850 1058 2937 enodandis
1073 2846 1223 2937 morbis
1249 2854 1422 2940 cumaeis
1447 2853 1519 2936 arti
1546 2847 1749 2938 salutifera
1774 2881 1879 2943 con-

445 2959 599 3044 ciliavit
621 2959 951 3046 emolumentum.

841 3385 1256 3492 CAPUT
1374 3391 1472 3492 ΙΙ.

444 3637 520 3738 De
543 3629 716 3736 Morbis
736 3629 950 3766 Cataneir
962 3637 1228 3772 generaliter
1240 3633 1482 3775 spatiaris,
1500 3676 1727 3782 torumque
1742 3634 1879 3778 caufis

626 3789 1169 3936 &symptomutibus;fire
1187 3797 1467 3938 Patbologia
1483 3835 1690 3906 tutante.

446 3997 523 4160 Sl
546 4101 596 4161 ex
621 4081 793 4194 cognitis
814 4077 1118 4197 proprietatibus
1143 4086 1244 4172 cutis
1255 4147 1271 4194 ,
1299 4115 1384 4172 non
1411 4085 1546 4172 omnia
1561 4081 1767 4170 solvuntur
1791 4113 1880 4196 quae

446 4191 555 4274 circa
573 4189 738 4278 morbos
767 4197 870 4282 cutis
893 4199 1065 4311 proponi
1085 4197 1243 4312 poliunt
1266 4198 1535 4316 problemata,
1553 4195 1720 4314 plurima
1742 4223 1876 4284 tamen

443 4301 539 4390 inde
561 4301 820 4418 intelligenda
832 4308 921 4396 fore
937 4309 1187 4426 perspicuum
1206 4315 1271 4400 est.

500 4415 662 4502 Etenim
696 4421 823 4527 cutis,
856 4422 922 4506 vel
948 4423 1142 4539 speciatur
1166 4453 1212 4514 ut
1263 4456 1323 4514 ars
1352 4429 1568 4544 organica,
1597 4423 1663 4512 vel
1693 4447 1739 4508 ut
1762 4447 1877 4557 tegu-

444 4555 625 4616 mentum
647 4535 829 4647 corpotis
855 4537 1085 4626 universale.
1110 4539 1155 4626 si
1183 4458 1350 4630 babetur
1374 4569 1420 4626 ut
1444 4565 1721 4656 tegumentum
1744 4543 1788 4624 dt
1812 4567 1875 4622 rn-

443 4639 656 4774 volucrum
693 4648 874 4762 corporis
886 4709 902 4756 ,
931 4643 1014 4758 ejus
1041 4653 1173 4742 morbi
1200 4683 1342 4744 omnes
1373 4651 1619 4770 asupposttis
1645 4647 1875 4770 pendebunt

443 4751 616 4874 partibus
629 4819 647 4852 ,
663 4783 730 4844 aut
751 4757 938 4850 violentis
962 4765 1165 4856 causarum
1187 4771 1423 4862 irruentium
1446 4763 1675 4854 incursibus.

500 4865 546 4956 Si
567 4869 665 4960 verb
685 4867 875 4966 habeatur
897 4905 973 4996 pro
1001 4909 1114 5002 parte
1146 4887 1334 5006 organici
1343 4951 1361 5006 ,
1396 4911 1483 4976 noa
1510 4877 1641 4970 solnm
1666 4877 1749 4970 sese
1778 4901 1873 4978 mm
