4226 5916
658 441 1151 540 CUTANEIS.
1436 553 1439 560 ¹
1544 447 1627 562 4249

197 631 396 722 eomparat
407 669 419 714 ,
444 613 486 692 ὅ(
501 603 637 698 eidem
654 613 858 695 curatione
872 610 1108 720 exsequitur.
1136 609 1336 696 Oribasrus
1356 617 1411 717 (a)
1437 616 1533 698 verb
1555 616 1624 700 du-

195 721 336 834 plicem
365 725 654 834 intertriginum
680 727 740 806 oti
769 726 903 827 inem,
932 721 1048 806 aliam
1078 721 1125 806 ab
1153 723 1303 807 interni
1329 723 1445 808 causti
1460 789 1473 830 ,
1507 727 1623 812 aliam

195 831 240 914 ab
266 832 427 921 externi
451 833 632 920 admittit.
662 753 779 918 Unclt
803 836 925 944 hodie
949 863 1098 920 nomen
1126 833 1225 918 illud
1251 835 1413 920 delluxit
1441 839 1490 920 ad
1511 870 1624 928 mor«
1716 834 1720 840 ¹

194 943 285 1038 burn
298 949 522 1060 eruprivum
536 945 689 1030 femora
702 943 976 1053 lacessentem,
1018 946 1626 1059 raesertimillorumquirobusti,

142 1058 145 1078 ¹
183 1056 240 1152 „ad
263 1087 420 1144 motum
448 1055 594 1143 alacres
627 1065 870 1174 &prompti
903 1059 1008 1145 belle
1035 1085 1279 1158 exercentur.
1317 1060 1400 1144 Hic
1430 1065 1543 1147 iniis
1570 1069 1623 1148 eb
1710 1163 1712 1170 J

92 1249 100 1266 ‚
194 1169 326 1256 savior
346 1175 420 1276 est,
447 1174 527 1281 qub
554 1169 641 1286 plus
672 1199 785 1256 motu
808 1199 1002 1286 aguntur,
1032 1170 1161 1278 lenior
1185 1170 1253 1255 ubi
1278 1173 1494 1282 quiescunt.
1537 1177 1623 1285 Qui
1708 1173 1710 1179 ’

127 1331 135 1338 -
189 1282 353 1372 morbus
385 1289 477 1368 cirrn
507 1284 610 1398 apud
638 1286 799 1401 opipare
828 1283 999 1370 &laute
1025 1289 1200 1371 viventes
1228 1293 1270 1368 bt
1295 1283 1409 1368 srmul
1438 1293 1624 1372 exercitia

183 1393 268 1499 line
292 1396 455 1484 cautelis
473 1401 758 1509 gymmasticis,
780 1400 859 1482 stne
874 1398 1012 1481 ordine
1028 1398 1298 1514 capescentes,
1323 1397 1495 1480 maxime
1513 1399 1624 1486 fami-

178 1503 293 1592 liaris
317 1507 388 1616 stt,
415 1508 571 1624 proprii
593 1517 634 1593 ὃ(
654 1510 943 1624 descriptione,
968 1519 1014 1594 bt.
1030 1511 1280 1620 inquisitione
1300 1509 1441 1623 dignus
1461 1509 1525 1595 est.

242 1619 415 1706 Morbus
430 1619 498 1710 ille
515 1621 671 1708 adultos
685 1649 730 1706 ut
743 1621 952 1738 plurimirm
961 1687 975 1728 ,
1000 1631 1042 1706 bt
1058 1628 1226 1736 primum
1247 1620 1458 1736 pubertatis
1478 1625 1621 1710 liorem

189 1734 361 1848 egressos
383 1733 557 1828 adoritur
569 1797 583 1840 ,
611 1737 759 1846 eosque
778 1740 848 1845 qui
867 1735 966 1818 caste
989 1738 1191 1841 viventes,
1216 1738 1365 1848 ingenti
1391 1761 1522 1820 tamen
1547 1742 1623 1822 im-

176 1874 283 1959 petu
310 1848 361 1931 ad
383 1874 568 1932 venerem
592 1847 784 1934 ferrentur
805 1879 818 1945 3
841 1845 1028 1934 mulieres
1056 1851 1202 1954 etiam,
1229 1848 1296 1932 sed
1317 1854 1502 1954 maturius
1525 1850 1623 1934 ado-

111 1971 122 1988 '
184 1963 298 2044 titur.
334 1959 427 2068 Ejus
458 1987 566 2044 ortus
593 1963 722 2074 primis
748 1962 881 2045 mitior
904 1964 980 2067 est,
1011 1968 1051 2058 ὃς
1082 1965 1230 2074 pruritu
1252 1986 1359 2046 totus
1383 1965 1622 2050 continetur.

181 2075 243 2154 At
270 2077 434 2187 pruritui
456 2072 519 2164 ,illi
548 2078 633 2157 tirm
658 2077 700 2156 in
722 2071 920 2180 maribus,
948 2081 1031 2156 tirm
1053 2077 1094 2154 in
1114 2074 1287 2157 foeminis
1312 2069 1484 2186 jungitur
1507 2075 1623 2158 ardor
1681 2175 1684 2180 1

182 2186 225 2266 in
247 2213 436 2272 venerem
457 2184 721 2300 inexplebilis.
756 2187 895 2270 Mores
918 2194 957 2270 bt
980 2181 1171 2301 precepta
1191 2212 1432 2300 repugnant,
1461 2213 1625 2273 coercet

183 2299 310 2382 virtus
324 2303 462 2406 vivax,
479 2327 519 2383 at
534 2331 669 2384 manus
684 2298 868 2384 indocilis
882 2299 930 2382 ad
946 2303 1014 2382 has
1027 2325 1153 2412 partes
1168 2299 1314 2403 fertur,
1330 2297 1623 2411 scalpendoque

177 2409 341 2492 malum
371 2413 566 2516 irritatur,
600 2420 642 2495 ἃ
674 2415 824 2494 animus
857 2410 939 2523 ipse
971 2414 1012 2492 in
1071 2435 1192 2494 artem
1225 2406 1494 2524 operisvenit
1528 2441 1622 2494 cum

181 2523 344 2605 artitum
380 2547 552 2608 tremore
591 2531 636 2624 ὃς
668 2522 935 2638 palpitatione.
977 2439 1143 2607 sedatur
1179 2521 1307 2634 vulgb'
1335 2550 1404 2637 per
1436 2521 1622 2636 plurimas

178 2637 307 2718 horas
341 2632 517 2739 malum,
548 2661 723 2745 tuncque
755 2638 889 2717 omnia
920 2633 1129 2744 tranquilla
1161 2661 1382 2748 apparent,
1416 2662 1454 2717 at
1487 2663 1641 2738 rectu-y

180 2747 314 2831 descit
337 2773 408 2860 per
430 2749 710 2860 paroxysmos‚
732 2751 851 2832 nosiu
896 2747 1106 2832 otilsrmbm
1129 2750 1318 2846 afficiens.
1347 2743 1465 2830 saevit
1490 2773 1622 2834 autern

178 2861 238 2943 eb
261 2861 558 2968 vehementius,
584 2863 666 2972 quis
690 2886 756 2944 aut
776 2777 1016 2943 familiariter
1032 2862 1179 2973 magis,
1207 2886 1274 2942 aut
1296 2862 1510 2973 proximius
1528 2891 1622 2946 curn
1675 2869 1677 2874 ’

179 2973 364 3055 foeminis
384 3001 538 3080 mares,
563 2997 630 3056 aut
649 3005 742 3058 cum
758 2971 928 3056 maribus
943 2973 1114 3058 foemina
1134 2975 1316 3056 vixerint.
1334 2973 1426 3058 Nec
1448 2976 1622 3060 minores

76 3155 87 3179 .
175 3087 336 3200 accipit
366 3089 468 3170 vires
501 3084 672 3193 ivino',
701 3089 914 3201 piperatis,
946 3086 969 3166 s
989 3086 1183 3192 irituosrs,
1214 3083 1366 3170 acribus
1397 3084 1624 3194 alimentis,

183 3226 291 3311 potu
321 3199 488 3303 coffeae,
519 3198 748 3282 oleosorum
767 3116 1104 3313 'spirinsosiirum
1141 3202 1194 3282 ita
1229 3225 1274 3282 ut
1303 3201 1484 3304 noverim
1512 3203 1622 3284 vitos'

182 3314 259 3420 qui
290 3341 490 3422 nunquam
512 3311 700 3396 srmilibus
726 3338 964 3397 tentarentur
987 3309 1221 3424 pruritibus,
1248 3312 1317 3398 nist
1344 3341 1420 3394 una
1440 3338 1489 3394 ex
1513 3313 1622 3404 hisce
1707 3345 1710 3352 ’

177 3423 312 3506 causrs
338 3423 565 3532 accesserit,
595 3455 689 3536 quas
710 3425 840 3508 edosii
866 3422 1104 3537 experientiis
1124 3421 1300 3513 vitabant
1320 3421 1499 3508 seduliits.
1525 3424 1621 3510 Pro-

182 3535 397 3648 grediente
416 3535 523 3621 rnalo
546 3564 672 3654 partes
697 3538 745 3621 ad
770 3537 965 3652 aspertum
991 3533 1218 3641 maculosa,
1241 3534 1406 3618 maculis
1425 3538 1533 3620 slavis
1552 3540 1634 3652 vixv

180 3649 303 3762 supra
323 3673 457 3734 cutem
479 3649 699 3735 extantibus
720 3651 898 3734 distinttae
919 3651 1032 3748 sunt;
1051 3647 1225 3748 scrotum
1245 3651 1410 3748 omnini)
1433 3649 1619 3761 rugosum

180 3765 265 3866 est,
286 3786 331 3860 ut
354 3759 518 3848 &labia
543 3764 819 3877 pudendorum
842 3765 883 3850 in
904 3761 1100 3864 foeminis,
1117 3769 1372 3874 &tempore
1397 3760 1620 3873 paroxysmi

179 3879 347 3989 prorsirs
386 3875 607 3970 r'etrasium.
654 3875 812 3968 Eredio
879 3876 961 3960 enis
1005 3879 1047 3956 bc
1085 3869 1259 3959 libidinis
1297 3873 1435 3972 ardens
1472 3871 1620 3990 cupido

178 4012 365 4072 mentem
392 3987 620 4073 incendunt.
650 3987 782 4076 Partes
812 3905 892 4070 illie
918 4015 999 4069 non
1025 3989 1233 4180 eruptione
1260 3981 1480 4072 lichenibus
1507 3984 1621 4072 srmili

179 4103 435 4207 afficiuntur,
446 4100 512 4184 sed
524 4101 732 4215 epidermis
746 4101 887 4213 rugosa
900 4097 1005 4204 olet,
1019 4105 1095 4200 &a
1113 4097 1231 4182 luitur
1244 4098 1397 4207 liquore
1412 4099 1620 4208 unsiuoso,

179 4241 274 4309 non
304 4212 424 4302 lintea
457 4213 705 4322 maculante,
736 4243 819 4306 non
848 4213 979 4330 digitis
1013 4212 1230 4302 adhaerente
1250 4232 1279 4317 ,”
1296 4209 1362 4302 sed
1388 4209 1437 4306 ,ad
1466 4210 1619 4304 sensum

180 4323 361 4420 lubrico.
804 4396 810 4417 ,

1188 4351 1194 4424 l
1238 4413 1240 4420 ,

1046 4379 1594 4436 1¹2¹»,1r····,

246 4439 496 4530 Increscente
524 4435 631 4522 malo
655 4440 822 4553 pruritus
844 4459 1026 4532 'enormes
1046 4439 1175 4540 sium,
1200 4463 1270 4550 pet
1294 4437 1548 4548 paroxysmos
1563 4433 1619 4522 'bt

179 4551 343 4654 summe
361 4550 580 4660 violentos,
603 4561 643 4634 bt
664 4553 887 4660 frequenter
909 4550 1106 4648 redivivos
1116 4551 1204 4658 ,its
1222 4573 1265 4632 ut
1284 4549 1525 4666 nec4pudor,
1543 4577 1621 4640 nee

177 4665 409 4751 reverentia
436 4692 573 4778 regum
598 4661 623 4748 'is
646 4661 858 4778 scalpendo
887 4665 1108 4770 divertant,
1135 4671 1176 4748 br
1202 4649 1306 4776 saepb-
1326 4691 1394 4778 per
1417 4660 1620 4776 intervalla

173 4781 309 4874 etiam
330 4777 653 4892 paroxysmorum
669 4781 871 4894 puneurae
891 4773 1258 4872 acerrimaeaacubus
1280 4779 1535 4878 inflammatis
1552 4777 1621 4886 per

250 4917 1093 5024 aJ-Oribsssdeblorbmutdibq,eapassieapasa.
1157 4951 1175 4993 τ,
1238 4943 1509 5100 ‘..‘.·Lll.'.
1554 4961 1619 4988 ε..
