4228 5898
585 463 1304 568 INTRODva'TIO.
1558 509 1629 590 tta

29 715 30 718 γ
203 631 254 718 est
281 631 349 744 qui
378 631 455 720 iter
480 633 642 745 calcat,
665 640 706 722 in
737 637 819 750 q'uo
857 635 935 724 n'ee
966 641 1102 725 tutior
1121 643 1212 750 via,
1230 669 1310 727 nec
1339 641 1474 758 pervia
1498 621 1635 732 seniita

199 745 397 860 superest,
417 747 501 834 sola
523 753 632 866 regit
652 749 887 836 observatio,
1196 763 1201 771 '

556 935 1273 1056 nnutcunustrt

259 1181 266 1194 ·
383 1131 451 1220 Dt
478 1135 670 1222 curatione
698 1135 909 1243 morborum
944 1138 1043 1220 cutis
1056 1139 1445 1254 symptomoticorurrz.
1523 1231 1525 1236 ,
1632 1153 1636 1158 '

259 1309 384 1396 Multi
399 1313 488 1398 lunt
509 1317 614 1398 inter
632 1311 815 1398 homines
835 1315 904 1424 qui
923 1311 1085 1398 sanitate
1104 1313 1255 1399 illibati
1278 1341 1359 1400 nun
1416 1347 1477 1403 am
1499 1319 1635 1406 fruun-

205 1449 268 1508 tur
281 1487 296 1530 ,
309 1413 385 1510 riec
404 1451 537 1511 tamen
557 1451 745 1540 egrotare
764 1425 924 1513 dicendi
940 1425 1040 1510 sunt.
1057 1427 1264 1513 Causarioo
1284 1429 1373 1514 dice
1423 1457 1468 1514 nt
1482 1431 1632 1543 Latini,

207 1540 313 1648 quast
342 1539 409 1622 sua
437 1541 525 1654 ipsu
557 1538 699 1625 sanitas
725 1539 775 1624 ad
800 1567 862 1624 res
881 1567 964 1636 non
993 1541 1164 1654 agendas
1186 1540 1363 1656 legitima
1386 1537 1492 1628 foret
1516 1573 1635 1630 excu-

207 1651 319 1737 satio.
350 1650 498 1737 Valent
518 1659 651 1737 tamen
684 1651 947 1763 aliquatenbt3
978 1681 1050 1738 eos
1073 1683 1184 1739 nunc
1213 1655 1383 1741 nervoso
1407 1681 1553 1770 genere
1582 1658 1638 1768 af-

204 1763 369 1872 saeos,
404 1795 511 1850 nunc
533 1765 698 1880 vulgato
726 1770 891 1850 nomine
915 1766 1115 1882 vaporosis
1143 1768 1293 1854 dicunt.
1321 1771 1381 1854 iia
1402 1769 1636 1884 plerumque

204 1876 428 1991 pernubata
455 1879 684 1994 perspiratio
710 1876 883 1965 debilem
915 1907 956 1963 ar
1011 1882 1042 1964 it
1069 1883 1309 1966 coitionem.
1337 1879 1453 1966 Unde
1475 1884 1564 1997 ipsis
1584 1885 1640 1968 fa-

205 1987 359 2075 miliare
386 1995 439 2075 eii
465 2019 509 2077 ut
529 1989 692 2103 quinti,
719 1991 786 2080 vel
811 1990 918 2077 sexti
941 2023 962 2076 a
1017 1993 1142 2108 epulis
1171 1993 1298 2101 hori,
1325 1999 1493 2110 pruritus
1511 2000 1639 2080 orian-

205 2129 269 2187 tur
286 2104 483 2218 periodiei
496 2165 512 2212 ‚
539 2103 806 2216 maculaque,
837 2108 921 2192 imo
935 2110 987 2212 f&
1014 2131 1191 2192 tumores
1213 2106 1451 2214 rubicundi,
1474 2111 1570 2222 eryli
1599 2117 1640 2194 e-

205 2215 343 2322 latosr‚
369 2216 438 2300 sed
459 2218 501 2300 fu
532 2247 622 2303 aces
648 2253 657 2301 :
679 2243 724 2301 ut
747 2247 808 2304 tes
836 2245 974 2304 exorta
998 2221 1051 2303 est
1070 2221 1279 2336 protinus,
1308 2223 1363 2303 ita
1386 2219 1523 2304 sensim
1543 2141 1637 2309 alit.

209 2329 263 2412 Et
292 2329 394 2444 sape
419 2250 621 2445 negieeius
644 2330 807 2416 morbus
844 2330 975 2446 plures
1027 2359 1070 2416 er
1093 2333 1244 2417 menses
1278 2331 1417 2417 durare
1440 2332 1542 2419 visus
1573 2337 1638 2421 est.
1767 2379 1769 2382 ·

208 2443 346 2527 Vemo
367 2469 547 2560 tempore
576 2453 616 2528 ot
634 2443 682 2527 ad
704 2471 935 2529 autumnum
958 2475 979 2527 a
1011 2447 1114 2530 etilo
1136 2444 1220 2530 haec
1248 2443 1445 2560 reyiviscit
1465 2480 1473 2529 :
1495 2449 1640 2558 hyeme

214 2563 258 2640 bt
272 2557 389 2639 astate
408 2555 621 2670 plutimbm
641 2555 746 2664 silet,
774 2565 816 2641 dt
838 2556 935 2671 saepe
956 2556 1078 2670 ipsam
1098 2556 1271 2642 febribus
1292 2556 1505 2672 proludere
1525 2563 1642 2644 inter·

215 2667 459 2752 mittentibus
486 2669 597 2776 vidi,
628 2697 791 2779 quarum
822 2669 1017 2753 elementa
1047 2667 1182 2754 saltem
1210 2675 1351 2788 partim
1375 2679 1417 2754 ὅ(
1446 2670 1530 2754 aliia
1557 2669 1644 2778 jun-

240 2780 341 2866 enda
359 2781 489 2866 serum
512 2779 612 2865 illud
633 2807 725 2866 acre
741 2784 844 2866 intus
865 2785 1091 2866 retinuerat.
1103 2782 1151 2863 ln
1163 2781 1357 2866 levillrmo
1374 2785 1456 2866 hoc
1474 2783 1614 2867 alieblu
1624 2843 1640 2892 ,

211 2813 281 2992 iod
304 2895 567 2979 incommodo
588 2921 747 3002 tamen,
764 2893 1026 2980 indicationes
1050 2897 1228 3006 oriuntur
1255 2894 1549 3010 fimpliciffimae.

273 3005 438 3093 Scilicet
465 3009 683 3092 tenuiffima
709 3011 878 3122 primum
906 3007 1101 3093 suadenda
1131 3013 1206 3092 erit
1229 3009 1354 3094 vittas
1386 3012 1499 3094 ratio.
1533 3011 1642 3093 Nam

213 3119 366 3236 semper
386 3124 511 3236 copiae
541 3118 621 3205 cibi
648 3119 956 3235 proportionalis
987 3125 1039 3206 est
1059 3123 1240 3235 pruritus.
1258 3121 1367 3204 Tum
1403 3120 1642 3206 diluentibus

216 3237 316 3318 acris
340 3242 383 3318 &
410 3234 529 3319 cruda
552 3234 839 3350 perspirationia
872 3238 1052 3320 materies
1078 3233 1255 3320 tollenda
1289 3239 1377 3343 est,
1407 3263 1531 3348 eaque
1558 3233 1644 3336 selif

216 3346 346 3463 gendo
378 3375 462 3458 que
496 3345 544 3430 ab
583 3350 752 3458 arrtiquit
781 3344 900 3430 titulo
934 3349 1218 3446 diureticorum
1255 3346 1490 3461 frigidorum
1518 3347 1646 3431 distin·
1728 3455 1733 3460 ι

271 3457 450 3545 ebantur.
478 3457 538 3542 Ea
560 3457 610 3543 ad
634 3487 773 3543 renum
797 3459 988 3545 anfractus
996 3522 1012 3568 ,
1042 3461 1249 3544 &hiantia
1273 3463 1408 3544 vesrcae
1428 3457 1564 3544 oscula
1590 3460 1646 3542 sa·

339 3569 565 3684 quisquilias
586 3571 845 3658 determinant
871 3579 914 3658 dt
941 3599 1010 3689 per
1033 3572 1236 3656 urinosum
1259 3573 1451 3657 fluentum
1465 3572 1647 3656 auferunt
1669 3579 1672 3606 ¹

220 3685 415 3798 quidquid
444 3689 646 3800 perhanc
684 3687 789 3771 viam
822 3689 931 3770 exire
954 3687 1091 3802 potest.
1121 3680 1323 3770 Solvenda
1351 3683 1562 3798 aliquandi>
1591 3684 1666 3794 lag

221 3803 399 3883 orantium
431 3825 508 3912 ope
536 3797 691 3883 saburra
720 3793 850 3882 alvino
881 3827 965 3910 quae
992 3799 1176 3883 fermenti
1206 3794 1289 3904 jura
1316 3797 1555 3883 &formam
1584 3825 1648 3880 ca-

220 3911 397 4028 pessens,
419 3914 652 3998 corruerem
672 3909 898 4026 improbum
913 3914 1027 3997 novis
1049 3909 1347 3996 adventanthut
1369 3908 1440 3994 sub
1465 3907 1663 3993 ciborum*

221 4028 386 4110 nomine
409 4027 580 4108 materiis
604 4025 827 4138 imprimere
861 4022 1011 4139 poliet3
1036 4020 1167 4137 postei
1197 4025 1296 4108 verb
1330 4023 1381 4107 de
1404 4017 1648 4116 meliorandi

223 4143 411 4224 coitione
421 4135 679 4250 cogitandum
690 4140 742 4222 est
754 4161 876 4221 :tunc
891 4137 941 4222 ad
959 4139 1091 4222 causas
1109 4133 1248 4248 quibua
1264 4132 1329 4217 illa
1344 4158 1488 4327 peccat
1498 4199 1512 4242 ,
1526 4160 1650 4219 atten-

223 4251 398 4336 dendum
417 4253 480 4334 est.
508 4247 683 4334 Nullum.
702 4253 755 4334 est
781 4249 1116 4336 medicamentum
1136 4248 1247 4356 quod
1268 4249 1340 4330 titu
1360 4276 1386 4329 o
1422 4250 1650 4334 coitionem

222 4366 450 4479 adaugeatis
464 4362 634 4478 gaudere
649 4391 731 4446 non
745 4358 872 4477 pollit.
884 4366 1006 4448 Nunc
1014 4359 1131 4444 acida
1147 4357 1303 4443 laudem
1318 4363 1421 4444 hanc
1436 4359 1506 4445 sibi
1524 4360 1651 4446 vindi-

224 4505 340 4583 cant,
366 4505 473 4560 nunc
500 4505 657 4585 amara,
678 4501 784 4559 nunc
813 4473 1005 4560 volatilia.
1029 4473 1145 4578 Ima,
1170 4469 1266 4557 licet
1292 4476 1381 4568 rarb
1394 4535 1409 4581 ,
1436 4473 1516 4589 ipsa
1542 4473 1652 4587 spiri-

225 4589 360 4683 tuosa,
380 4589 627 4699 autumaris,
651 4613 718 4674 aut
733 4591 955 4673 aromaticis
968 4584 1119 4672 imbuta
1134 4583 1186 4668 ali
1214 4586 1370 4693 uendit,
1390 4585 1483 4671 ditm
1501 4591 1652 4670 cobbio·

229 4731 321 4788 nem
342 4704 598 4789 instauravere
608 4767 622 4810 ,
645 4705 820 4788 curantia
843 4697 1112 4817 eruptionibus
1140 4613 1252 4783 utiila
1274 4698 1385 4783 fuere
1396 4760 1410 4806 ,
1440 4699 1545 4782 unde
1568 4698 1652 4812 pes·
1687 4699 1691 4706 '

229 4819 325 4902 simo
341 4815 510 4902 consilio
533 4814 617 4900 aliis
643 4815 778 4908 oblata
795 4814 944 4901 malurn
967 4811 1214 4934 pejoravlre5
1237 4837 1281 4897 ut
1301 4809 1432 4897 nullut
1454 4812 1507 4896 eit
1521 4809 1654 4896 Medi-

229 4935 391 5060 eus'qui
408 4957 493 5018 non
510 4929 674 5019 uiderit«-
791 4980 835 4992 ..
1237 4969 1243 4982 ·
1314 5035 1359 5120 R
1392 5033 1416 5056 ..

36 5040 46 5205 l
1389 5064 1416 5145 ¹¹

42 5442 52 5505 i

44 5522 52 5575 l

42 5632 54 5881 l
