4188 5916
472 433 560 530 374'
915 403 1037 496 D'Ess
1071 405 1148 496 “M
1167 406 1218 496 ’.Ο
1248 405 1457 496 ΚΕΗ

473 561 637 694 virilig'o'
655 567 836 664 ulcerosa
859 577 927 661 vix
951 569 1208 684 observetur,
1236 569 1345 694 lepre
1361 576 1461 659 verb
1479 545 1639 690 pessima
1659 571 1780 661 scierit
1799 558 1934 660 ulc‘es.

476 695 575 804 rosa.
600 694 693 778 Nec
714 691 822 776 certe
843 721 926 802 quae
951 692 1054 806 apud
1075 721 1149 777 nos
1170 692 1271 776 adeb
1293 691 1462 804 increvit
1486 688 1585 773 olim
1610 691 1696 806 post
1716 687 1920 775 bellorum

476 813 680 896 sacrorum
698 810 890 921 impetum
911 802 1018 1000 lepra
1029 869 1042 911 ‚
1065 813 1107 890 er
1126 804 1177 890 ad
1191 802 1302 912 cujus
1321 801 1618 917 presidium-rot
1632 804 1796 888 condita
1807 801 1921 888 suere

477 923 731 1026 nosocomia,
742 916 841 1001 nihil
852 916 930 1001 aliu
969 917 1127 1004 testibus
1140 917 1315 1002 Medicis
1325 913 1772 1030 Gallo-provincialibus
1790 913 1921 1002 saecufi

476 1039 628 1124 decimi
644 1034 773 1145 quinti
794 1031 949 1115 &sexti
970 1034 1228 1144 (Gordono‚
1253 1027 1538 1143 Concoregio,
1555 1039 1667 1135 dcc.)
1683 1032 1797 1116 fuisse
1815 1029 1924 1116 vide·

475 1178 566 1258 tur,
592 1173 729 1264 preter
745 1143 993 1259 vitiliginem.
1616 1153 1624 1160 '
1905 1214 1910 1224 .

537 1267 688 1349 Verbm
718 1263 759 1343 sr‘
778 1263 1015 1374 temporaria
1045 1266 1088 1342 dt
1117 1260 1223 1370 quast
1272 1263 1418 1343 recaria
1445 1263 1485 1344 in
1511 1258 1617 1344 sacri
1644 1256 1788 1344 tellure
1809 1254 1922 1344 habi·

478 1382 580 1466 tatio
607 1401 671 1460 tot
690 1373 868 1490 leprosos
890 1371 1076 1457 extulerit
1089 1434 1103 1479 ‚
1129 1399 1174 1458 ut
1195 1398 1236 1457 te
1310 1371 1479 1458 Matheo
1502 1373 1608 1458 Paris
1635 1399 1771 1458 arooo
1796 1373 1923 1458 noso·

480 1494 616 1580 comia
638 1492 684 1573 iis
706 1487 949 1601 excipiendis
975 1490 1149 1570 extruda
1170 1487 1339 1592 fuerin'r,
1364 1495 1405 1572 dt
1428 1493 1589 1572 nomina
1611 1485 1680 1570 illa
1701 1485 1861 1572 lodrerie
1887 1487 1924 1571 dr

483 1602 704 1718 Mepellerie
718 1602 819 1685 atleb
836 1601 980 1686 fuerint
996 1601 1105 1684 hisce
1121 1597 1366 1716 temporibus
1382 1605 1634 1707 communia,
1651 1597 1769 1711 quale
1784 1598 1925 1686 debuit

482 1719 751 1804 esse-instantis
770 1714 874 1798 illius
900 1713 1029 1800 morbi
1053 1713 1272 1828 periculum
1297 1715 1338 1795 in
1355 1713 1500 1800 incolis
1514 1777 1527 1822 ,
1554 1710 1737 1828 &longi
1752 1713 1924 1800 climatis

483 1832 718 1945 intemperie
745 1832 924 1934 vexatis,
959 1831 986 1911 st
1019 1827 1228 1944 presertim
1256 1827 1386 1913 sacros
1415 1830 1537 1914 visibs
1563 1853 1681 1938 atque
1712 1823 1924 1945 prescripti

479 1945 627 2030 aneo
655 1945 855 2056 regiminis
882 1945 977 2026 ritus
1003 1942 1311 2058 praeterviderinr
1337 1969 1455 2054 atque
1489 1939 1737 2056 neglexerint
1769 1940 1793 2031 J
1825 1941 1926 2027 daeir

486 2059 682 2170 Quamvis
697 2059 802 2141 enim
820 2056 979 2170 physica
994 2054 1222 2144 malenobis
1236 2053 1525 2180 cognitamali,
1544 2052 1607 2138 cu'
1636 2059 1739 2140 svix
1753 2058 1795 2139 vi
1826 2057 1926 2140 'mus

485 2171 696 2282 reliquias,
731 2194 867 2252 natura
900 2197 985 2254 rem
1019 2168 1135 2286 plene
1176 2200 1259 2254 non
1295 2171 1480 2277 indicet,
1512 2197 1585 2286 pro
1616 2167 1720 2254 abile
1748 2171 1804 2254 est
1833 2173 1927 2256 huic

396 2335 400 2341 ·
485 2283 631 2371 morbo
666 2282 926 2400 producendo
959 2283 1062 2396 apud
1098 2281 1317 2368 Palaestinos
1351 2283 1520 2368 multum
1551 2282 1761 2368 contulisse
1796 2283 1927 2370 edulio

485 2401 597 2485 erassi
622 2402 761 2502 succi,
788 2395 945 2506 qualern
974 2401 1120 2514 prestat
1144 2397 1246 2514 apud
1281 2396 1396 2511 ipsos,
1419 2396 1531 2481 suilla
1560 2426 1653 2481 caro
1665 2460 1680 2504 ‚
1707 2397 1812 2483 adeb
1839 2401 1926 2516 ipsu

487 2543 557 2630 per
582 2515 714 2629 legem
737 2509 953 2595 interdida.
988 2514 1101 2623 Quas
1126 2515 1223 2596 verb
1242 2507 1292 2632 ab
1314 2524 1404 2595 aere
1426 2514 1595 2596 mutuari
1616 2511 1773 2626 possent
1793 2513 1927 2598 causas

485 2629 610 2722 Judaei
626 2632 695 2714 vix
710 2627 884 2711 divinare
901 2627 1125 2739 possumus,
1151 2633 1243 2710 cnm
1262 2637 1352 2732 aer,
1370 2655 1479 2738 aquae
1489 2685 1504 2732 ,
1523 2624 1688 2737 locique
1706 2651 1817 2711 terrae
1836 2657 1929 2742 pro-

487 2743 627 2852 missa,
650 2769 693 2827 ut
713 2744 864 2851 optima
884 2739 1030 2826 fuerint
1049 2738 1134 2848 jure
1156 2741 1388 2847 decantata,
1412 2739 1520 2855 lepra
1542 2739 1680 2823 contri
1699 2741 1786 2854 ipss
1803 2740 1932 2827 fixerit

487 2863 542 2945 ita
558 2855 756 2942 familiaris
774 2881 819 2937 ut
837 2856 1070 2939 investes&
1090 2859 1130 2938 in
1176 2857 1314 2938 arietes
1330 2853 1545 2937 domorum
1561 2851 1844 2961 decumberet,
1858 2853 1930 2941 vel

487 2968 698 3081 antequim
721 2995 847 3050 certas
870 2968 1016 3053 domos
1035 2973 1075 3052 in
1092 2885 1290 3054 Palaeslinit
1304 2965 1542 3081 posuiffent3
1558 2965 1703 3082 quippe
1719 2964 1930 3054 leviticum

487 3086 576 3201 ipsis
596 3081 821 3198 praeseripsrt
838 3079 977 3166 Moses
987 3145 1002 3187 ‚
1023 3081 1151 3166 adhbc
1227 3111 1244 3164 r
1264 3077 1667 3166 deserta'errantibus.

544 3195 651 3280 Illud
668 3194 973 3388 ergbpraecipue
988 3195 1138 3311 lepram
1199 3191 1616 3278 ebraeorumbcaeteris
1627 3191 1783 3280 morbis
1798 3195 1929 3281 diffin-

489 3313 575 3428 guit
588 3308 696 3419 quod
720 3339 774 3390 nu
792 3304 861 3388 libi
882 3317 924 3392 dt
945 3311 986 3392 in
1007 3307 1123 3394 nullis
1144 3305 1228 3391 aliis
1250 3307 1567 3393 observatoribus
1586 3337 1759 3418 unquam
1778 3311 1931 3396 mentio

487 3426 607 3510 fuerit
618 3417 757 3528 injecta
768 3418 884 3534 leprae
899 3421 1094 3506 &domos
1112 3431 1151 3507 dt
1162 3423 1283 3507 vestes
1295 3421 1528 3527 invadentis,
1542 3421 1638 3505 teste
1649 3420 1715 3507 Cl.
1727 3423 1927 3530 Ricardo‚

488 3536 615 3623 Mead
637 3533 799 3645 aliisque
819 3534 993 3620 Medicis
1015 3539 1084 3648 qui
1107 3536 1157 3620 de
1179 3535 1293 3620 sacris
1313 3538 1459 3618 latricis
1484 3534 1751 3648 scripserunt3
1778 3537 1931 3620 nihilo-

488 3654 618 3736 minbs
634 3675 765 3731 tamen
782 3647 832 3731 de
858 3645 964 3762 lepti
988 3649 1231 3757 domorum,
1256 3675 1465 3760 antequam
1485 3649 1631 3732 domos
1650 3651 1932 3756 extruxilsent‚

487 3764 596 3850 sacer
616 3761 690 3846 scri
718 3789 782 3845 tor
802 3759 990 3870 loquitur.
1011 3763 1128 3848 Unde
1149 3791 1231 3845 non
1253 3762 1331 3846 sme
1347 3766 1500 3845 ratione
1514 3759 1773 3847 concluditur
1788 3767 1934 3878 pestem

488 3877 598 3962 illam
629 3875 651 3960 it
716 3904 767 3961 eo
779 3877 830 3955 ‘in
851 3874 1044 3988 populum
1065 3877 1177 3960 suum
1201 3876 1410 3959 immissam
1433 3872 1666 3990 fingularem
1693 3875 1934 3961 delifforum

490 4020 650 4106 poenam
670 3986 875 4072 inclusisse.

550 4105 594 4186 Si
620 4131 754 4190 tamen
789 4101 915 4186 audax
948 4101 1108 4216 physice
1146 4099 1298 4212 aliquid
1330 4105 1372 4186 in
1407 4105 1467 4188 his
1501 4105 1691 4211 auderet,
1722 4103 1935 4216 causasque

491 4217 622 4298 rimari
638 4216 791 4304 licitum
808 4216 933 4322 soret,
949 4217 988 4298 in
1005 4213 1079 4300 hic
1092 4217 1254 4301 vestium
1271 4223 1312 4300 ὃ(
1328 4216 1542 4300 domorum
1556 4216 1664 4333 lepris
1676 4219 1937 4302 confirmatio

493 4335 533 4410 bt
548 4326 773 4442 explanatio
786 4334 1024 4414 inveniretur
1037 4327 1652 4446 hypotheseosiClV'onLinns
1662 4339 1712 4438 (o)
1726 4333 1937 4446 proposita:

490 4446 535 4521 dt
551 4468 801 4558 propugnata
819 4443 991 4557 pendere
1004 4439 1152 4557 lepram
1172 4442 1194 4527 i
1209 4441 1399 4528 morsibus
1413 4446 1552 4550 Acari,
1575 4445 1642 4529 seu
1657 4445 1794 4529 insessi
1811 4443 1941 4550 cujus·

492 4551 585 4635 dam
608 4555 717 4661 quod
741 4561 832 4638 clun
855 4559 896 4637 in
919 4555 989 4638 ori
1014 4555 1205 4640 maritimi
1220 4557 1400 4642 Bothniae
1421 4557 1626 4642 orientalis
1650 4565 1692 4640 δι
1718 4557 1939 4642 Finlandit

491 4690 610 4772 atque
644 4667 836 4858 praecipue
868 4665 1044 4751 Borealis
1077 4668 1282 4752 Oelandiae
1298 4732 1312 4776 ‚
1341 4669 1675 4784 Gothlandiaeque
1703 4669 1942 4785 regionibus

490 4779 704 4890 reperiatur
719 4839 732 4880 ,
776 4807 907 4888 epram
923 4808 1084 4889 quoque
1099 4780 1155 4863 ibi
1169 4783 1324 4895 grassari
1340 4782 1607 4870 observationi
1622 4783 1943 4872 consentaneum

531 4909 592 4992 (a)
618 4907 802 4970 amonius
818 4909 907 4970 Acad.
928 4930 999 4974 tom.
1018 4931 1056 4988 7,
1077 4934 1140 4997 pag.
1154 4934 1194 4986 94
1210 4925 1236 4976 er
1251 4917 1307 5002 seq.
