4226 5916
558 390 1157 548 'eortnnrs.
1548 485 1716 571 μγ,

193 605 378 720 ‘occlusas
395 611 683 737 perspirationis
699 623 781 712 vias
804 622 1008 710 affeuabat
1019 686 1033 729 ,
1060 615 1318 734 eryfipelatoh
1341 611 1402 702 illi
1424 613 1633 733 phlegmo«

197 761 267 817 nes
298 737 457 820 trahunt
482 737 689 847 originem.
722 737 838 822 Unde
858 735 1006 849 vulgo,
1038 734 1131 818 dum
1158 734 1405 838 excitantur,
1437 731 1632 819 habentur

197 871 271 958 pro
299 851 421 954 varis,
448 872 513 930 aut
535 846 687 932 levibus
713 848 870 963 pustulis
899 849 1007 934 sensu
1035 851 1102 930 vix
1130 845 1312 929 notandis
1341 846 1632 948 inc'ommod05

197 959 308 1067 quod
329 963 383 1043 ita
405 985 537 1044 tamen
553 959 674 1044 velim
695 961 888 1075 intelligi,
913 988 957 1044 ut
979 959 1029 1044 de
1052 963 1098 1044 iis
1123 957 1401 1042 tantummodo
1422 954 1633 1068 loquamur

198 1075 265 1181 qui
285 1072 365 1155 sme
387 1071 496 1156 febre
517 1073 657 1187 praevil
670 1138 682 1178 ,
705 1101 773 1160 aut
795 1072 939 1158 morbo
965 1070 1074 1177 cujus
1100 1073 1226 1155 ctistm
1251 1073 1516 1175 constituunt,
1543 1071 1632 1154 nas·

123 1193 130 1206 ’
198 1208 349 1268 cantur.
376 1185 481 1268 Mox
506 1187 619 1268 unitis
639 1187 743 1292 diei,
770 1213 837 1270 aut
859 1189 984 1270 noeis
1010 1187 1133 1298 spatio
1153 1183 1399 1288 increscunt,
1423 1181 1518 1295 sae-pe
1541 1213 1633 1296 pru-

198 1296 275 1378 ritu
298 1281 590 1412 p‘raevio„saepe
613 1296 754 1385 leviter
774 1305 924 1383 tantiam
947 1298 995 1380 ad
1014 1300 1161 1381 tadum
1183 1294 1377 1380 dolentes.
1407 1294 1523 1378 Brevi
1549 1292 1634 1376 lan-

199 1409 399 1496 cinantem
427 1437 544 1522 atque
570 1415 821 1524 pundotium
850 1411 1033 1495 dolorem
1064 1407 1133 1492 fibi
1161 1409 1354 1492 adstscunt
1380 1409 1463 1488 :in
1493 1433 1634 1491 centro

198 1518 293 1603 mali
307 1520 427 1606 dolor
442 1521 674 1638 pulsatotius
693 1525 876 1630 sentitur,
898 1523 994 1607 dum
1007 1520 1155 1606 interei
1171 1519 1285 1605 limbi
1300 1549 1520 1630 eorumque
1538 1523 1635 1620 vici*

198 1636 262 1716 nia
288 1639 466 1748 pruriunt
485 1640 720 1720 immaniter.
746 1633 914 1720 Limbus
937 1633 1171 1751 plerumque
1200 1634 1316 1719 roseo
1344 1632 1484 1718 colore
1505 1637 1604 1716 nitet
1617 1677 1637 1740 ,·

198 1743 411 1856 aliquando
421 1774 554 1833 tamen
563 1753 645 1855 vix,
659 1752 727 1832 nist
737 1753 777 1832 in
792 1775 953 1854 centro,
969 1775 1103 1832 tumor
1117 1745 1250 1853 rubet,
1263 1746 1383 1830 febris
1396 1746 1636 1856 quandoque

200 1862 392 1944 excitatur
403 1923 417 1967 ,
438 1887 572 1946 tumor
594 1860 644 1944 ad
665 1867 810 1946 tactum
836 1865 1031 1967 renitens,
1053 1861 1171 1944 durus
1189 1857 1394 1946 extollitur
1410 1857 1511 1942 ultra
1533 1861 1636 1942 cutis

200 1970 479 2086 superficiem,
509 1977 632 2084 fitque
652 1973 811 2059 demum
834 1953 1048 2058 &'doloris
1070 1972 1254 2078 cellario,
1284 1971 1417 2084 &sup
1447 1975 1636 2058 urationis

201 2111 374 2170 exortus.
395 2085 495 2170 Haec
517 2089 558 2170 in
581 2089 777 2202 principio
803 2084 933 2170 morbi
955 2078 1184 2170 'communia
1204 2118 1217 2186 3
1242 2084 1309 2168 sed
1333 2001 1541 2196 enaldente
1557 2083 1637 2191 jam

200 2226 296 2311 pure
325 2202 558 2283 exoriuntur
585 2197 779 2285 notabiles
809 2201 1047 2286 differentiae.
1077 2199 1125 2281 In
1148 2195 1369 2313 phygethlo
1393 2201 1499 2282 enim
1523 2203 1637 2281 minae

203 2313 383 2424 ingentes
406 2345 419 2412 3
452 2311 569 2396 ardor
595 2316 837 2421 vehemens,
869 2310 988 2395 dolor
1017 2310 1193 2394 lacerans
1223 2318 1266 2394 dt
1298 2337 1507 2423 pungens,
1536 2338 1637 2424 apex

201 2422 353 2506 summe
380 2421 522 2506 rubens
550 2424 787 2535 duritiesque
816 2428 934 2539 partis
962 2426 1145 2506 immanis
1172 2423 1241 2538 sup
1270 2428 1492 2507 orationem
1517 2451 1638 2507 enor-

200 2562 311 2618 mem
330 2534 554 2619 viderentur
573 2536 838 2650 portendete;
857 2537 1027 2621 sed‘haec
1043 2537 1177 2619 omnia
1192 2566 1290 2642 una,
1312 2561 1377 2618 aut
1394 2533 1513 2620 alteria
1532 2539 1638 2646 puris

203 2644 357 2761 guttulrl
384 2674 614 2761 erumpente
645 2650 791 2734 cellant
804 2713 819 2756 ,
852 2675 1077 2734 remanente
1108 2651 1149 2730 in
1183 2674 1292 2762 parte
1322 2645 1456 2731 affeetu
1487 2645 1638 2731 summit

204 2760 369 2864 duritie,
393 2759 461 2844 sed
485 2760 649 2846 mucosis
669 2760 737 2846 ille
760 2770 802 2846 dt
828 2792 913 2872 quae
934 2759 1076 2845 lentius
1104 2790 1186 2844 non
1213 2758 1421 2845 resolvitur
1446 2760 1638 2872 quidem,

203 2871 271 2956 sed
290 2876 331 2956 in
346 2871 566 2959 lemas'abit
587 2874 797 2981 cmstosas,
818 2900 886 2958 aut
905 2872 1156 2958 furfuraceas.

258 2984 305 3068 ld
335 2991 454 3070 etiarn
479 2986 699 3102 phygethlo
727 2991 931 3104 proprium
953 2990 1006 3070 est
1030 3012 1074 3070 ut
1097 2988 1185 3093 rari>
1209 2984 1339 3070 solum
1370 2987 1542 3092 emicet,
1571 2981 1640 3070 sed

205 3125 288 3182 uno
310 3095 499 3184 destruelo
524 3105 721 3185 exoriatur
743 3099 909 3186 alterum
916 3161 931 3207 ,
954 3126 1020 3183 aut
1039 3099 1121 3184 duo
1141 3098 1284 3200 stmul;
1310 3101 1393 3183 imi)
1415 3096 1547 3216 plures
1569 3127 1640 3214 per

204 3209 357 3294 menses
380 3213 496 3297 scena
524 3217 773 3325 protrahitur.
804 3215 927 3298 Nunc
952 3216 993 3297 in
1015 3216 1140 3322 hanc,
1162 3215 1329 3298 nuncin
1353 3210 1464 3295 illam
1488 3240 1640 3327 partem

206 3321 377 3409 defertur
385 3388 399 3431 ,
415 3329 576 3440 inguina
593 3336 634 3412 ὃ(
650 3325 729 3410 alas
748 3325 962 3442 praecipue,
979 3327 1064 3410 imo
1081 3334 1122 3411 &
1138 3329 1284 3410 faciem
1303 3355 1516 3440 occupans.
1532 3324 1641 3434 Phy-

205 3434 332 3549 gethli
346 3434 476 3522 ultimi
492 3436 596 3523 illius
618 3439 767 3555 species
790 3438 961 3525 maxime
980 3438 1140 3552 vulgata
1158 3439 1208 3522 ad
1227 3436 1410 3522 mulieres
1428 3439 1642 3552 praeprimis

205 3551 375 3661 pertinet
382 3551 551 3661 ,easque
561 3580 769 3668 puerperas
776 3548 1003 3662 ,habetque
1017 3550 1164 3660 aliquid
1173 3547 1641 3687 mtqofiorlaeteimnde

204 3688 366 3774 propter
379 3665 555 3750 humoris
571 3667 739 3750 inertem
750 3691 924 3749 naturam
937 3668 1065 3745 minirs
1076 3660 1409 3770 inflammationis,
1426 3687 1492 3745 aut
1504 3659 1643 3744 faltem*
1708 3717 1711 3728 ·

204 3777 337 3859 minias
364 3777 576 3891 perfedam
607 3776 892 3890 phlegmonem
923 3775 1075 3859 inducit
1095 3806 1107 3875 3
1130 3782 1179 3857 8(-
1197 3807 1317 3859 unam
1342 3805 1392 3860 ex
1418 3803 1470 3859 eo
1496 3799 1642 3888 genere

207 3887 416 3974 mulierem
439 3890 520 3974 vidi
544 3920 627 4001 quae
651 3894 808 3974 tentatis
832 3888 1026 3972 incassum
1051 3887 1235 3973 omnibus
1258 3891 1298 3971 in
1320 3887 1361 3970 id
1387 3890 1485 3997 aptis
1512 3911 1642 3968 reme-

204 4001 280 4092 diis
306 4001 436 4114 plures
456 4031 527 4114 per
550 4031 675 4087 annos
694 3999 909 4119 phygethla
929 4031 1037 4084 nunc
1063 4005 1168 4111 hirc,
1198 4031 1304 4086 nunc
1329 3997 1426 4080 illuc
1454 4023 1640 4112 experta,

207 4113 318 4198 desiit
332 4115 490 4200 tandem
503 4112 639 4200 hmilia
658 4118 736 4231 pati
744 4177 759 4222 ,
775 4111 883 4199 nulli
894 4119 1037 4229 pariter
1052 4114 1102 4199 de
1112 4118 1264 4198 ratione
1273 4174 1289 4218 ,
1305 4137 1350 4198 ut
1368 4137 1506 4194 exorta
1519 4136 1648 4196 erant.¹

205 4225 343 4340 Vulgo
400 4227 636 4342 hygethlum
668 4233 796 4312 minus
823 4226 1013 4312 volumen
1046 4249 1218 4338 occupat
1247 4251 1364 4333 quam
1398 4227 1543 4337 phyma
1574 4249 1643 4306 aut

206 4257 466 4450 furunculus,
489 4340 557 4427 sed
577 4345 619 4427 in
638 4367 729 4426 cure
749 4339 969 4454 imprellam
993 4339 1175 4422 duritiem
1197 4336 1326 4451 longo
1344 4346 1524 4454 tempore
1544 4334 1644 4448 saepe

205 4451 404 4564 relinquit.

264 4565 437 4677 Phyma,
455 4567 483 4648 st
503 4568 672 4679 antiquis
685 4561 927 4650 credendum
940 4565 1006 4669 stt,
1023 4561 1071 4646 ad
1084 4589 1228 4676 pueros
1240 4557 1432 4674 praecipue
1452 4562 1644 4670 pertinet3

206 4677 417 4766 rotundius
434 4687 475 4764 et
490 4677 642 4794 planius
657 4684 710 4767 est
717 4743 734 4787 ,
749 4681 800 4763 eb
814 4676 923 4790 quhd
936 4680 1131 4760 minorem
1146 4674 1464 4758 inflammationis
1478 4672 1644 4786 gradum

209 4792 346 4876 secum
368 4792 547 4878 advehar.
575 4793 744 4877 Tardius
771 4792 838 4876 sua
861 4790 1035 4876 decurrit
1062 4815 1266 4904 tempora,
1293 4786 1473 4897 adeoque
1500 4784 1644 4980 suppu-

204 4908 405 4994 rationem
431 4904 585 4994 inducit
609 4906 915 5023 perfodiorcm,
947 4900 1152 5016 minisque
1178 4928 1341 5007 actem,
1376 4925 1454 4990 nec
1490 4927 1561 4984 cau
1581 4921 1645 4982 am

1330 5011 1448 5126 θα
