4250 5898
479 431 567 514 ,522
710 373 715 382 '
926 393 1036 486 nu
1097 389 1463 482 Monurs

480 563 607 678 ,quam
638 558 758 648 molis
787 554 1138 670 prolongationem
1172 553 1377 662 obtineat,
1408 547 1590 666 exempla
1621 571 1755 634 tamen
1775 546 1928 634 'dantur

488 677 722 778 clavorum,
735 671 801 758 seu
817 667 1012 754 callorum
1028 667 1196 756 multum
1213 669 1535 783 prominentium.
1557 661 1718 774 Horum
1734 663 1774 746 in
1785 689 1929 745 centro

488 789 586 905 sape
603 790 671 872 stat
685 783 803 889 massa
817 785 974 895 prorsus
989 783 1220 895 inorganica
1235 778 1341 866 circi
1359 808 1476 892 quam
1492 800 1635 860 caeterae
1649 771 1927 879 cumulantur,

488 927 666 1012 tuncque
683 894 821 1008 quidni
837 893 1040 982 excrescat
1056 895 1291 1006 immensum
1305 895 1347 978 in
1359 889 1552 978 volumen
1571 883 1696 972 calluc
1716 891 1730 968 ἰ
1753 885 1798 972 Si
1813 915 1928 970 com-

412 1076 415 1084 ,
489 1015 633 1132 preffio
658 1014 698 1094 in
718 1009 859 1094 uicinis
882 1035 930 1092 au
959 1033 1092 1114 catur,
1111 1010 1151 1090 in
1172 1007 1281 1120 parte
1301 1003 1382 1112 jam
1398 997 1623 1116 compressi
1640 997 1772 1084 cesset.
1802 996 1928 1084 Certe

484 1129 641 1214 summa
653 1121 731 1208 effe
745 1118 864 1204 debet
879 1037 1098 1206 inrlolentia
1110 1121 1152 1204 in
1167 1117 1319 1208 calloso
1334 1143 1518 1232 corpore.
1541 1114 1694 1200 Verum
1712 1108 1928 1221 aliquandi>

486 1249 535 1333 ,ot
549 1267 633 1352 quo
652 1261 832 1346 tempore
849 1233 1057 1348 prasertim
1075 1235 1317 1348 tempestates
1335 1233 1590 1316 immutantur
1598 1287 1613 1331 ,
1635 1250 1702 1310 aur
1719 1225 1929 1309 varietates

484 1356 532 1439 in
556 1349 699 1434 cidem
724 1348 950 1461 tempestate
978 1345 1136 1430 summae
1166 1371 1388 1458 exurgunt,
1417 1338 1555 1428 dolere
1579 1335 1726 1422 debent
1736 1398 1751 1443 ,
1774 1339 1858 1420 irnb
1885 1343 1928 1420 br

489 1463 541 1550 ab
561 1464 647 1578 ipso
669 1457 822 1545 doloris
840 1483 1056 1572 augmento
1074 1461 1363 1542 incrementum
1382 1453 1531 1542 debent
1550 1450 1714 1536 sumere.
1743 1447 1820 1534 Illa
1838 1477 1929 1532 cor·

492 1608 570 1662 nua
581 1579 608 1658 sr
619 1603 672 1659 eo
690 1573 854 1656 nomine
868 1569 1144 1656 increscentiat
1155 1566 1299 1656 ssmiles
1315 1569 1465 1654 donare
1478 1567 1617 1670 decet,
1636 1559 1792 1646 nullum
1808 1558 1929 1646 dolo.-

492 1719 578 1774 renr
597 1691 638 1772 in
660 1681 918 1770 rescindendo
939 1681 988 1768 ad
1013 1681 1137 1794 usque
1158 1681 1279 1768 basun
1299 1684 1528 1785 concitant,
1546 1677 1631 1760 imo
1650 1673 1805 1760 nullum
1822 1671 1931 1758 aliud

493 1799 563 1886 srbi
590 1797 823 1912 remedium
838 1793 1084 1910 expostulant
1108 1821 1246 1910 preter
1271 1793 1411 1880 balnea
1435 1801 1477 1878 &r
1506 1786 1779 1902 cataplasmata
1798 1784 1929 1870 emol-

493 1913 630 1997 lientia
655 1909 914 1994 indesinenter
936 1912 1035 2020 parri
1056 1910 1250 2023 apposita,
1276 1933 1445 2018 tamque
1465 1907 1520 1988 ira
1546 1903 1725 1986 foventia
1748 1925 1794 1984 ut
1820 1925 1929 1984 extra

490 2026 638 2110 seratur
659 2021 754 2104 basrs
776 2019 890 2125 calli,
917 2017 1043 2104 soluti
1064 2021 1368 2134 compreslione.
1393 2015 1510 2104 Unde
1530 2014 1640 2100 certe
1653 2015 1835 2098 omnium
1852 2015 1927 2094 ho-

493 2161 634 2220 rumce
658 2161 854 2217 cornuum
878 2130 1026 2245 species
1049 2135 1131 2217 haec
1157 2135 1288 2218 minue
1313 2131 1576 2216 difformitatis
1599 2128 1712 2212 affert
1740 2133 1783 2210 δι
1803 2129 1930 2210 minus

493 2247 546 2334 ad
564 2244 872 2332 exscindendum
888 2242 1069 2357 periculi.

551 2359 688 2443 Tertia
715 2359 813 2442 verb
843 2356 993 2472 species
1019 2355 1070 2465 ab
1097 2355 1241 2444 offibus
1269 2355 1553 2472 utplurimum
1579 2349 1781 2466 profesta,
1808 2351 1927 2435 cutim

496 2475 634 2570 seusun
653 2468 891 2575 distendens,
911 2497 1079 2580 eamque
1093 2471 1230 2554 senfim
1247 2469 1433 2574 dilatans,
1449 2467 1611 2550 tandem
1622 2468 1675 2548 ita
1692 2467 1929 2580 perrumpit,

498 2583 548 2670 ut'
570 2589 612 2668 in
637 2585 678 2668 se
702 2584 848 2666 reflexa
872 2590 913 2666 δι
937 2581 987 2664 acl
1013 2587 1210 2696 margines
1231 2585 1348 2697 tophi
1374 2580 1552 2666 videatur
1578 2579 1687 2688 quast
1707 2577 1930 2665 tumesath,

499 2698 548 2782 Id
569 2694 779 2808 aliquando
796 2724 879 2777 non
900 2723 989 2778 raro
1003 2694 1190 2810 exemplo
1208 2696 1354 2780 accidit
1371 2693 1420 2778 ad
1435 2689 1624 2776 articulos
1639 2693 1930 2774 arthriricorum

458 2859 466 2876 ι
500 2811 633 2922 longis
656 2807 866 2910 arthritidip
884 2805 1093 2892 doloribus
1113 2809 1419 2913 consessorum,
1441 2809 1495 2888 ita
1515 2831 1559 2888 ut
1580 2805 1659 2887 toti
1676 2807 1930 2913 intorquean-

500 2949 567 3006 tur
582 2921 746 3005 illorum
770 2916 951 3026 articuli,
977 2947 1051 3004 nec
1069 2921 1189 3054 'digiti
1214 2949 1315 3031 quoa
1341 2923 1519 3032 chiragra
1547 2916 1730 3002 contudit
1758 2915 1927 3000 formam

501 3037 748 3148 pristinorum
770 3031 986 3226 digitorum
1007 3059 1222 3139 retineant,
1245 3034 1316 3118 sed
1338 3036 1414 3118 toti
1429 3035 1523 3114 hinc
1537 3028 1630 3112 inde
1644 3026 1928 3144 protuberent,

502 3156 546 3231 st
570 3145 659 3228 calx
683 3142 752 3228 illa
777 3172 803 3226 o
835 3171 882 3227 ea
903 3146 984 3228 srne
1002 3144 1145 3231 dolore
1166 3147 1379 3258 aliquandb
1401 3141 1542 3257 magni
1564 3140 1680 3255 copis
1700 3171 1751 3226 ex
1772 3145 1821 3226 iis
1840 3143 1929 3226 edu-

500 3282 644 3364 catur,
672 3257 897 3340 remanente
925 3254 1024 3340 loco
1047 3289 1179 3344 vacuo
1206 3287 1325 3370 quem
1352 3257 1464 3344 breul
1489 3253 1628 3340 eadem
1652 3254 1790 3370 explet
1813 3282 1931 3340 mate-

501 3373 591 3454 ries.
618 3366 776 3452 Similes
794 3367 1025 3453 inconditos
1051 3379 1092 3454 ot
1113 3373 1359 3460 inordinatos
1377 3374 1556 3486 tophos,
1578 3373 1784 3457 materiem
1805 3367 1929 3454 calca-

502 3508 610 3568 ream
634 3479 788 3565 summa
815 3479 967 3566 doloris
996 3481 1188 3570 violentias
1219 3485 1444 3570 emittentes
1473 3481 1572 3596 saepe
1598 3482 1675 3566 suis
1703 3480 1752 3566 ab
1774 3479 1929 3566 ollibus

491 3592 734 3682 ‚extuberare
751 3597 940 3678 mirantur
952 3594 1131 3709 srpbilid'e
1140 3603 1262 3682 vereri
1266 3597 1484 3794 prasertim
1498 3596 1755 3709 languentem
1772 3603 1816 3680 ἃ
1833 3595 1933 3678 scro-
2096 3671 2097 3700 Ξ

491 3705 690 3820 pheleia,
713 3731 779 3790 aut
793 3734 962 3792 venerea
979 3709 1253 3822 utplurimum

490 3846 613 3906 caret
625 3883 640 3927 ,
666 3823 720 3903 ita
735 3844 794 3903 .ut
819 3817 1030 3929 aliquando
1058 3823 1416 3936 crystallisationem
1441 3819 1670 3906 annrlerttnr
1694 3823 1810 3934 tophi
1820 3884 1837 3928 ,
1860 3819 1933 3903 ali-

491 3933 665 4044 mandb
684 3931 708 4014 s
727 3933 809 4015 inas
819 3993 834 4038 ,
857 3933 994 4043 quidni
1011 3942 1054 4018 br
1071 3944 1250 4021 cornua?
1271 3969 1354 4050 quae
1376 3939 1622 4040 srcontorta,
1645 3935 1806 4017 arietina
1828 3933 1937 4018 vide·

502 4043 672 4152 buntur,
691 3962 725 4128 ii
741 4045 886 4128 diretta
911 4053 952 4130 ὅ(
975 4047 1157 4154 nodosa,
1181 4056 1332 4136 taurina
1353 4051 1548 4152 ditentur,
1576 4049 1863 4160 imaginationis
1887 4049 1931 4130 vi

504 4155 717 4266 aliquandb
742 4185 861 4242 veros
885 4155 1091 4272 supplente
1115 4162 1302 4248 desectus.
1334 4161 1455 4248 Certe
1483 4161 1608 4274 spinas
1634 4162 1677 4242 in
1703 4157 1843 4242 offibuu
1873 4157 1932 4244 stc

506 4269 613 4354 nasci
640 4278 681 4352 bt
702 4269 794 4355 inde
813 4297 946 4354 cutem
967 4272 1162 4360 terebrare
1180 4304 1265 4358 non
1289 4276 1394 4360 adei>
1415 4303 1571 4370 rarum3
1591 4303 1676 4383 quae
1700 4273 1730 4360 fi
1753 4269 1866 4384 spinae
1887 4275 1930 4354 in

489 4387 659 4468 cuc&
677 4384 845 4466 intextu
862 4382 1040 4470 cellulari
1053 4387 1277 4496 nascantur,
1298 4389 1434 4501 quidni
1447 4385 1634 4490 reserant,
1657 4412 1748 4468 raro
1769 4391 1811 4467 ὰ
1831 4383 1933 4498 apud

410 4515 412 4524 '
505 4491 662 4624 AngIOs
688 4493 836 4580 celebri
857 4497 1069 4614 exemplo,
1091 4504 1271 4613 hystricis
1286 4505 1480 4588 Africanz
1496 4499 1667 4582 formam
1679 4557 1698 4602 ,
1717 4521 1767 4580 ut
1788 4499 1832 4578 in
1857 4495 1930 4580 illo

488 4633 608 4800 rutilii.
621 4634 788 4805 lentur
801 4725 908 4806 enim
928 4722 1043 4838 spina
1060 4725 1136 4809 illae
1150 4728 1319 4814 mobiles
1338 4727 1415 4812 effe
1423 4787 1437 4832 ,
1449 4753 1526 4815 ,aut
1545 4631 1762 4828 *aiirbieffie
1775 4640 1930 4806 mulu-

443 4931 448 4938 Ι
504 4827 578 4942 ln,
594 4855 662 4942 aur
676 4827 1185 4940 tummsmuncuni
1198 4846 1299 4948 cutio
1313 4871 1397 4944 non
1410 4837 1606 4951 inaudtu,
1623 4863 1698 4922 nec
1712 4832 1934 4952 incogniti.

1282 3715 1372 3828 pina
1384 3709 1572 3815 ventosa,
1586 3709 1701 3794 ‘hisce
1716 3707 1833 3792 malie
1850 3737 1932 3792 non
2096 3784 2097 3817 ,

646 4633 739 4690 uem
769 4605 839 4692 sub
872 4617 1036 4704 nomine
1058 4613 1351 4728 porcufrnemirn
1379 4614 1498 4699 diaria
1524 4615 1589 4696 An
1617 4609 1696 4692 lica
1721 4607 1849 4692 deseri
1876 4610 1934 4694 se·
2095 4603 2096 4630 ³
