4246 5900
503 409 569 518 eo'
732 416 826 509 DE
876 393 1177 510 Monnrs
1230 393 1653 507 CUTANElS.

506 586 667 672 humori
696 582 893 692 sebaceo,
915 580 982 667 seu
1004 579 1133 696 po'tiirs
1149 581 1384 696 ,saponaceo
1421 608 1554 670 cutem
1581 581 1744 668 alluenti
1772 575 1922 668 formas

499 701 743 815 imprimunt.
820 729 822 732 ·

588 810 774 894 Praetere'a
791 808 888 890 verb
904 803 986 888 aliis
1002 808 1042 890 in
1063 805 1165 892 locis
1190 807 1290 890 cutis
1314 802 1457 890 offibus
1481 806 1651 922 apprelsa
1673 807 1835 892 distendi
1849 807 1920 890 vix

507 920 587 1006 sese
606 926 770 1037 patitur,
793 917 970 1022 asceta,
990 919 1289 1032 pratermodism
1313 921 1482 1002 retractis
1504 917 1930 1025 vulne,ris.uas1s,hiat.¹

507 1033 609 1142 Quae
645 1031 890 1143 quantumvis
913 1030 963 1112 ad
985 1042 1146 1114 'onmem
1173 1028 1280 1140 aque
1304 1053 1438 1113 cutem
1462 1035 1652 1142 pertineat
1672 1035 1920 1146 proprietaS,
1984 1113 1989 1122 ,

506 1173 590 1229 non
607 1143 802 1256 aqualiter
827 1170 894 1254 per
921 1169 1083 1223 omnem
1106 1167 1238 1226 cutem
1264 1139 1517 1246 diffunditur,
1545 1169 1621 1225 nec
1649 1145 1756 1252 aque
1781 1170 1918 1227 exten-

505 1255 582 1340 filis
613 1260 665 1340 cst
684 1253 847 1371 pedibus
874 1281 919 1334 ac
945 1250 1121 1335 manibus
1149 1250 1319 1366 apprclla
1341 1253 1471 1354 ostis,
1508 1249 1625 1361 quiam
1663 1253 1731 1337 illa
1761 1256 1921 1339 crafftor

504 1368 633 1452 multo
658 1367 706 1452 ad
728 1366 941 1480 aspedum,
967 1363 1034 1446 sed
1055 1362 1172 1446 facile
1192 1393 1260 1478 per
1289 1361 1410 1473 ipsam
1435 1363 1542 1444 suam
1566 1368 1832 1450 extensronem
1855 1391 1918 1449 te-

504 1481 659 1572 nuanda
673 1477 910 1585 ,evidenter
938 1472 1126 1558 cellulosa
1178 1505 1234 1556 uae
1262 1499 1394 1556 totum
1420 1472 1617 1558 abdomen
1643 1480 1916 1580 circumvestit.

503 1593 656 1676 Sensim
679 1589 878 1674 crescente
905 1585 1133 1672 dilatatione
1152 1505 1224 1669 illa
1249 1586 1400 1688 mitum,
1417 1589 1469 1668 est
1493 1593 1678 1697 quantiam
1703 1588 1919 1700 aliquandb

502 1707 543 1787 in
565 1699 791 1786 mulieribus
816 1700 983 1812 gravidis
1012 1699 1266 1814 protendatur
1292 1693 1401 1780 mole
1429 1700 1663 1782 immensum
1687 1699 1915 1807 abdomen,

501 1819 556 1898 ita
582 1843 626 1898 ut
658 1841 766 1898 extet
797 1809 1038 1923 aqualiculus
1070 1815 1224 1926 pinguis
1248 1809 1433 1925 protenso
1455 1809 1691 1924 sesquipede.
1723 1814 1771 1895 In
1791 1814 1831 1896 se
1853 1839 1917 1898 ta-

502 1957 595 2010 men
616 1925 716 2010 redit
740 1923 808 2008 ille
835 1927 972 2008 exabio
993 1926 1120 2038 parths
1151 1921 1312 2007 labore:
1336 1921 1447 2032 quod
1469 1919 1755 2032 nunquam'nisr
1780 1926 1822 2007 in
1834 1925 1922 2010 cel*

501 2037 616 2122 lulari
650 2065 743 2122 cute
777 2039 915 2151 perfici
939 2037 1148 2150 potuisset,
1179 2043 1219 2120 &
1250 2035 1277 2116 ss
1308 2033 1465 2145 quandb
1494 2039 1684 2148 rumpitur
1710 2038 1841 2142 cutis,
1869 2065 1916 2122 ut

499 2148 716 2261 loquuntur
737 2147 941 2252 mulieres,
956 2145 1054 2229 nihil
1073 2147 1177 2232 aliud
1198 2151 1248 2231 est
1263 2174 1308 2229 ea
1321 2149 1420 2229 cutis
1433 2171 1614 2259 ruptura,
1629 2173 1674 2232 ut
1697 2149 1765 2261 ipss
1789 2148 1916 2233 oculo

530 2289 635 2370 ater,
652 2289 787 2376 prater
812 2265 1022 2344 immanem
1044 2257 1275 2344 cellularum
1297 2257 1576 2346 dilatationem.
1604 2257 1913 2345 Extensrlitatem

500 2291 602 2458 banc
624 2377 723 2457 cutis
751 2377 793 2457 in
812 2399 971 2455 mortuo
1005 2375 1119 2456 corio
1147 2371 1260 2455 multi
1295 2369 1493 2484 prosecuti
1516 2368 1604 2454 sunt
1626 2375 1830 2478 audores,
1862 2373 1912 2456 ad

500 2485 726 2600 exemplum
747 2482 803 2568 ill.
832 2483 983 2590 Hales,
1018 2493 1059 2568 dc
1087 2482 1145 2567 ill.
1166 2480 1540 2569 Muffchembroeck
1564 2512 1735 2593 quorum
1759 2487 1914 2600 experi-

500 2624 632 2683 menta
655 2601 697 2682 in
719 2624 812 2682 cute
836 2594 1040 2680 demortui
1054 2599 1203 2710 parabla
1220 2594 1318 2680 nihil
1332 2595 1380 2680 ad
1395 2624 1468 2677 nos
1484 2599 1659 2679 attinent.

463 2783 466 2786 .
582 2711 647 2795 Ad
681 2708 962 2824 epidermidem
1022 2713 1123 2792 otihs
1154 2707 1270 2811 quim
1302 2707 1352 2790 ad
1384 2710 1485 2792 cutis
1510 2710 1716 2818 uarietates
1743 2711 1913 2823 pertinet

498 2819 651 2928 callus,
680 2824 747 2932 qui
781 2819 828 2904 ab
852 2849 968 2934 appre
999 2851 1030 2904 rs
1065 2828 1107 2904 ὃ(
1139 2821 1208 2902 fibi
1234 2823 1407 2902 invicem
1439 2817 1718 2903 adherentibus
1754 2819 1910 2906 laminis

497 2933 769 3036 succrescens,
785 2931 880 3062 saepb
902 2936 943 3014 in
964 2931 1004 3014 se
1025 2929 1171 3014 callum
1192 2931 1390 3016 duriorem
1416 2931 1519 3038 quast
1539 2929 1754 3016 centralem
1777 2937 1910 3018 conti-

497 3071 578 3127 net.
601 3042 676 3127 Ille
703 3067 813 3126 natus
838 3041 929 3125 ande
952 3042 1135 3149 videtur,
1157 3044 1265 3154 qubd
1287 3069 1446 3126 externa
1468 3043 1580 3126 causa
1593 3071 1742 3158 partem
1756 3041 1912 3153 unam,

500 3157 589 3239 dein
622 3185 707 3270 pars
732 3151 800 3238 illa
828 3158 1000 3238 vicinam
1020 3156 1298 3269 compresserit.
1321 3159 1377 3238 At
1403 3151 1525 3238 callus
1546 3158 1588 3236 in
1620 3159 1713 3238 statu
1743 3157 1909 3244 naturali

496 3266 626 3351 nullus
652 3271 775 3351 cutim
796 3265 1033 3352 dehonestat.
1061 3269 1152 3352 Nec
1179 3271 1276 3382 ergo
1295 3272 1397 3351 inter
1421 3270 1521 3352 cutis
1547 3270 1749 3354 varietates
1773 3299 1909 3356 nume-

493 3381 637 3464 randus
647 3382 725 3486 est,
741 3377 836 3462 licet
850 3377 897 3462 ab
910 3383 1061 3464 afflone
1075 3377 1282 3464 necessarii
1293 3405 1470 3575 repetens
1487 3381 1699 3493 originem,
1716 3379 1812 3465 nulli
1826 3383 1908 3468 sere

496 3495 719 3599 hominum,
735 3493 817 3574 imo
834 3519 906 3574 nec
927 3493 1178 3574 foeminarum
1191 3492 1310 3590 defit3
1356 3515 1547 3602 enturque
1557 3495 1725 3578 artifices
1735 3556 1749 3599 ,
1766 3493 1909 3604 quibus

496 3603 596 3687 volae
617 3633 802 3687 manuum
823 3632 949 3686 cornu
974 3602 1113 3686 duritie
1130 3606 1311 3708 vincant,
1334 3601 1466 3713 quales
1489 3605 1575 3688 sunt
1591 3602 1650 3687 illi
1673 3609 1738 3716 qui
1760 3609 1907 3690 ancho-

495 3720 546 3800 ris
572 3716 760 3800 cudendis
788 3743 947 3830 operam
962 3716 1188 3800 indelellam
1213 3741 1385 3799 navant:
1413 3718 1460 3798 iis
1482 3715 1831 3802 testeBoerhaavio
1851 3719 1907 3802 fa-

493 3827 645 3912 miliare
677 3830 729 3910 est
751 3830 872 3939 ignita
895 3829 986 3911 ferri
1011 3828 1122 3910 frusta
1147 3827 1325 3912 manibus
1350 3827 1695 3940 comprehendere.
1729 3827 1917 3914 Combu-'

495 3945 589 4023 ritur
617 3968 742 4024 cornu
769 3938 892 4046 illud,
919 3939 1072 4022 fumum
1096 3947 1138 4023 bc
1172 3940 1358 4022 foetorem
1385 3937 1566 4046 exhalat,
1591 3935 1750 4022 laminas
1772 3965 1906 4028 tamea

496 4050 586 4134 calli
614 4052 742 4140 sensus
768 4083 850 4134 non
878 4077 1065 4166 penetrat.

568 4163 745 4248 Dembm
775 4169 816 4247 in
849 4162 1080 4247 morborum
1119 4187 1376 4248 cutaneorum
1418 4158 1571 4244 historia
1594 4157 1692 4244 illud
1722 4191 1804 4246 non
1830 4166 1908 4250 erit

492 4273 630 4358 inutile
668 4277 900 4382 annotasse,
948 4301 1080 4360 cutem
1118 4277 1328 4358 humanam
1357 4302 1427 4392 per
1456 4298 1586 4356 totum
1619 4302 1760 4388 corpus
1787 4304 1907 4384 aqua·

491 4385 579 4469 litet
610 4385 822 4490 diffusam,
860 4387 969 4502 polle
1003 4414 1133 4471 tamen
1171 4395 1212 4470 ὃ(
1253 4387 1395 4470 debere
1434 4386 1473 4466 in
1510 4386 1604 4470 duas
1638 4409 1762 4499 partes
1786 4417 1907 4497 aqua·

491 4496 548 4582 les
584 4497 808 4610 dispertiri,
847 4527 1009 4607 quarum
1037 4529 1116 4582 una
1152 4497 1288 4585 laevam
1317 4524 1489 4610 occupet
1517 4503 1698 4612 corporis
1724 4525 1904 4612 partem,

491 4607 612 4694 altera
643 4608 830 4694 dextram.
866 4609 1099 4722 Totumque
1133 4641 1276 4726 corpus
1309 4641 1666 4724 quantumcumque
1694 4637 1801 4725 patet
1815 4681 1828 4722 ,
1860 4619 1903 4700 in

490 4723 584 4808 duas
626 4720 741 4806 hasce
784 4747 910 4834 partes
954 4725 1006 4807 est
1045 4723 1211 4820 diuisum
1243 4787 1258 4832 ,
1304 4724 1408 4839 plica
1456 4721 1622 4834 quddam
1676 4729 1900 4816 convallem

490 4861 694 4946 utramque
711 4821 936 4948 efficiente,
953 4865 1002 4924 ac
1021 4835 1162 4928 deinde
1179 4833 1227 4921 ab
1250 4835 1326 4930 hic
1345 4839 1448 4950 quast
1469 4835 1572 4938 linei
1589 4863 1739 4956 partem
1757 4867 1901 4928 utrana-
