4188 5916
491 421 577 514 aid
930 424 973 513 D
1001 424 1038 516 E
1098 421 1150 515 Μ
1164 415 1223 512 '0
1251 421 1355 516 RB
1384 427 1407 514 1
1434 423 1465 513 S

451 629 458 638 ·
493 589 534 674 T
537 615 697 676 umores
726 616 825 708 ergo
851 587 910 676 illi
939 619 1078 678 omnes
1106 590 1222 679 lasiei
1251 593 1372 678 acida
1406 589 1568 788 pristina
1599 583 1747 677 indolit
1777 588 1926 707 aliquid

491 701 595 787 intus
613 707 804 810 retinent,
827 705 1065 818 crassamque
1081 704 1290 790 omninbli
1318 709 1407 790 uori
1437 735 1481 790 us
1496 704 1700 788 diathesrm
1718 706 1924 818 inducunt.

490 815 591 901 Inde
606 821 725 901 etiam
743 815 891 900 malum
906 816 1029 903 semel
1049 820 1269 933 depositum
1289 737 1583 903 diuturnitatem
1602 818 1665 901 adi
1693 819 1763 903 isci
1783 818 1922 930 debet,

489 934 582 1014 ciam
600 930 698 1015 nihil
708 930 808 1014 adeb
819 930 1191 1020 sermentiindolem
1206 936 1385 1037 retineat,
1399 931 1580 1040 adebque
1595 849 1731 1015 crasim
1742 934 1921 1019 vitiosam

489 1042 680 1130 facillime
707 1048 749 1126 in
775 1048 906 1129 vicina
920 1045 1149 1190 dispergat,
1175 1071 1292 1154 atque
1322 1047 1607 1129 communicet.
1643 1046 1736 1129 Nec
1762 1045 1920 1155 quidem

411 1235 416 1244 .
490 1158 715 1272 negandum
741 1161 793 1244 est
823 1157 933 1274 posse
957 1159 1006 1242 ab
1037 1162 1112 1242 hac
1144 1155 1283 1241 indole
1307 1158 1348 1238 in
1373 1155 1574 1272 pessrmam
1603 1155 1831 1268 dyscrasram
1858 1158 1920 1245 lac

488 1272 589 1356 verti
613 1277 655 1353 ὃ(
679 1269 830 1355 summe
854 1271 1145 1385 putredinosam
1167 1301 1180 1371 3
1203 1269 1271 1354 sed
1296 1268 1448 1382 semper
1471 1267 1576 1353 illius
1599 1270 1762 1353 exordia
1787 1299 1920 1386 putre-

488 1381 588 1468 dinis
615 1383 665 1468 ab
688 1384 890 1468 aciditate·
913 1383 1194 1487 desumuntur,
1224 1385 1279 1466 ita
1307 1407 1352 1464 ut
1382 1379 1613 1465 mulieribus
1642 1411 1725 1492 quae
1757 1381 1870 1467 malis
1896 1385 1932 1474 i.

485 1493 586 1581 labie
603 1496 863 1612 pendentibus
882 1493 1064 1580 laborant
1082 1497 1178 1611 sape
1196 1493 1333 1578 dentes
1349 1494 1564 1579 exeduntur
1579 1493 1819 1602 miserrime,
1841 1498 1919 1582 ossa

486 1609 748 1714 mollescant,
771 1636 890 1721 atque
904 1609 1218 1726 disrumpantur,
1243 1615 1287 1690 bt
1306 1633 1414 1690 creta
1433 1605 1539 1690 ossea
1558 1633 1629 1721 per
1649 1611 1776 1692 urinas
1792 1635 1918 1695 exeat.

364 1735 366 1740 ’
484 1723 586 1810 Haec
608 1753 706 1838 ergo
732 1727 849 1807 unica
876 1721 990 1807 causa
1016 1723 1196 1804 omnium
1224 1718 1458 1803 morborum
1484 1717 1699 1804 laileorum
1722 1724 1790 1830 qui
1814 1721 1918 1833 lym-

456 1838 604 1950 ·pham
628 1841 770 1921 vitiant
797 1840 916 1921 etiam
942 1866 1016 1951 pro
1042 1836 1144 1918 cutis
1174 1835 1278 1917 vitiis
1303 1831 1546 1916 admittenda
1572 1835 1654 1942 esi,
1686 1840 1728 1916 ὃ(
1754 1832 1804 1918 ad
1829 1860 1916 1924 eam

483 1953 613 2033 omnis
632 1949 835 2063 dirigenda
853 1953 905 2033 est
926 1951 1092 2032 curatio.
1586 1981 1592 1993 ·

540 2060 708 2146 Curatio
736 2065 855 2176 igitur
874 2089 919 2146 ut
940 2090 1024 2146 non
1048 2059 1188 2146 eadem
1211 2061 1264 2142 est
1283 2077 1405 2168 'atque
1427 2084 1658 2142 ceterorum
1683 2057 1914 2144 morborum

483 2198 774 2280 cutaneorum,
803 2179 857 2260 ita
884 2203 962 2258 una
990 2181 1032 2257 ὃ(
1061 2171 1200 2258 eadem
1228 2169 1306 2254 esse
1335 2168 1455 2254 debet
1481 2176 1523 2254 in
1555 2169 1738 2256 omnibus
1767 2173 1914 2260 morbla

483 2290 658 2372 cutaneis
677 2287 823 2372 laeteis.
851 2287 979 2371 Causa
1002 2284 1147 2401 quippe
1169 2286 1288 2367 unica
1311 2285 1364 2366 est
1386 2291 1427 2366 bc
1450 2285 1557 2368 varia
1582 2287 1727 2400 accipit
1744 2284 1914 2402 sympto-

480 2424 586 2482 mata
607 2399 655 2482 ab
677 2399 884 2514 ipsi-cutis
907 2403 1096 2484 struuurae
1118 2397 1348 2481 diversrtate.

536 2511 666 2595 Porrb
689 2540 776 2596 tota
794 2513 862 2597 illa
882 2515 1032 2598 constat
1054 2515 1096 2594 in
1119 2509 1301 2624 legitimo
1322 2511 1603 2624 aperientium,
1631 2512 1912 2596 attenuantium

479 2647 599 2734 atque
616 2624 926 2738 saponaceorum
941 2627 1035 2733 usu,
1054 2625 1134 2707 sem
1163 2620 1392 2737 erpraesenti
1405 2622 1683 2707 recordatione
1696 2621 1842 2705 malum
1861 2621 1910 2708 ab

478 2735 592 2821 acidi
612 2736 679 2822 lue
697 2741 894 2854 pendere:
914 2738 978 2822 lac
997 2741 1103 2822 enim
1159 2738 1231 2820 'ter
1245 2738 1447 2850 corrumpi
1463 2764 1546 2819 non
1560 2737 1697 2849 potest.
1716 2735 1910 2846 Adeoque

477 2851 581 2932 inter
602 2849 818 2966 usurpanda
843 2853 1133 2957 medicamina,
1158 2876 1204 2932 ea
1228 2847 1379 2960 semper
1400 2847 1636 2960 praeferenda
1652 2849 1738 2930 sunt
1758 2877 1839 2958 quae
1850 2849 1909 2952 „ars

477 2957 684 3045 alcalinam
709 2964 888 3048 indolem
910 2991 1101 3076 vergunt,
1124 2961 1361 3076 possuntque
1381 2959 1494 3043 stmul
1516 2959 1673 3044 acidum
1697 2961 1907 3056 edomare:

477 3071 573 3180 quid
597 3078 703 3157 enim
724 3081 739 3157 i
764 3077 947 3191 Turgent
975 3075 1180 3160 acescente
1211 3069 1337 3155 laeieo
1365 3074 1534 3156 humore
1565 3101 1704 3158 omnes
1734 3072 1909 3160 salivalee

475 3181 669 3298 glandula
683 3249 697 3292 ,
723 3192 807 3270 tiam
822 3217 877 3273 ea
892 3221 975 3302 quat
989 3184 1254 3273 ventriculum
1269 3184 1449 3291 alluunt,
1471 3191 1553 3268 turn
1569 3184 1638 3269 illa
1652 3185 1779 3272 moles
1795 3188 1907 3301 glan-

475 3294 613 3380 dulosa
626 3329 708 3408 qua·
722 3307 1017 3415 pancreaticum
1035 3301 1245 3383 humorem
1257 3297 1407 3403 fundit,
1423 3301 1533 3382 itaut
1549 3327 1688 3382 omnes
1704 3301 1905 3408 humores,

473 3409 642 3525 excepti
664 3412 795 3520 utini,
818 3419 1052 3500 carasierem
1077 3414 1186 3495 hunc
1208 3409 1378 3493 sensrbus
1399 3410 1590 3517 fundant,
1608 3411 1776 3497 virescat
1793 3411 1903 3521 bilia,

474 3529 516 3606 ὅ(
539 3518 561 3605 i
588 3522 667 3610 bile
686 3527 872 3614 eumdem
892 3531 1088 3641 accipiant
1106 3523 1288 3609 colorem
1312 3523 1439 3606 foeces
1462 3521 1611 3608 alvinae.
1634 3523 1788 3635 Chylus
1806 3554 1902 3640 ergo

470 3635 646 3748 undique
662 3668 782 3724 acore
797 3641 1063 3756 perfunditur,
1085 3665 1205 3749 quem
1216 3632 1325 3720 brevi
1337 3635 1419 3750 ipse
1431 3636 1693 3748 undequaque
1708 3636 1902 3725 dilsundit.

470 3747 589 3833 Unde
608 3750 677 3832 nist
703 3755 786 3837 haec
811 3752 968 3839 indoles
992 3755 1211 3866 corrigatur
1233 3751 1527 3833 &immutetur
1553 3753 1726 3864 penitius,
1754 3751 1776 3832 l
1801 3779 1902 3862 quo-

473 3889 645 3975 cumque
673 3870 853 3980 cotporis
883 3870 1030 3981 puniio
1059 3893 1189 3948 novus
1216 3860 1345 3946 fomes
1377 3861 1509 3946 eidem
1539 3860 1647 3947 malo
1679 3863 1899 3950 innascitur.

470 3971 644 4062 Proinde
664 3976 850 4064 omnibus
870 3977 1017 4065 viribus
1038 3973 1292 4060 annitendum
1306 3976 1359 4059 est
1378 3999 1423 4058 ut
1439 3976 1573 4081 diaeta,
1593 3974 1897 4084 medicamenta,

468 4090 713 4276 {nomnium
734 4119 866 4188 rerum
887 4121 972 4185 non
990 4087 1225 4174 naturalium
1247 4084 1337 4173 usus
1357 4088 1400 4170 in
1422 4089 1608 4176 eumdem
1629 4088 1794 4206 scopum
1814 4088 1900 4176 col·

486 4223 630 4283 meent.

526 4309 633 4394 Cum
654 4319 751 4406 verb
773 4318 863 4403 laeti
884 4323 1005 4405 inusta
1026 4317 1134 4404 labes
1154 4312 1351 4402 defessum
1371 4315 1515 4398 virium
1529 4268 1557 4424 ,l
1570 4324 1612 4402 bt
1632 4317 1810 4401 inertiam
1829 4343 1900 4399 na-

469 4444 562 4506 tura
582 4423 734 4541 semper
753 4429 972 4545 supponat,
995 4432 1136 4517 summi
1154 4432 1207 4516 est
1222 4430 1416 4514 momenti
1436 4455 1577 4512 natura
1595 4426 1716 4514 robur
1730 4425 1896 4535 addere,

425 4611 428 4618 ,
467 4531 668 4647 ipsamque
683 4545 880 4628 atiuosam
896 4547 1079 4654 efficere,
1098 4572 1143 4631 ut
1166 4544 1340 4660 repetitis
1360 4540 1543 4625 vasorum
1566 4540 1706 4626 iuibus
1729 4539 1897 4654 coagula

464 4669 616 4731 renuet.
643 4651 754 4766 Ergo
776 4654 866 4740 ante
884 4662 1018 4742 omnia
1036 4658 1233 4744 vincenda
1249 4657 1302 4740 est
1318 4651 1559 4738 mulierculis
1579 4656 1710 4740 innata
1730 4653 1896 4760 desidia,

465 4765 510 4842 dt
531 4764 710 4852 exercitii
729 4766 946 4856 suadendos
968 4771 1058 4857 usus
1081 4769 1203 4883 usque
1225 4767 1275 4853 ad
1297 4764 1458 4852 sudores
1481 4774 1524 4852 &c
1548 4767 1894 4881 defatigationem:

465 4869 654 4962 exuberat
669 4879 860 4966 nocivum
875 4881 1113 5002 superfluum
1127 4880 1237 4996 quod
1249 4877 1492 4968 vincendum
1504 4881 1559 4966 est
1574 4877 1713 4966 labore
1729 4886 1772 4966 dt
1788 4875 1897 4970 curi.
