4292 5904
104 553 109 566 ’
234 577 418 674 morum,
432 591 515 652 non
529 563 868 658 fermentatorum.
882 571 998 658 Undb
1010 577 1087 679 air,
1104 575 1229 657 fluxio
1244 571 1285 656 in
1298 599 1437 660 eorum
1451 575 1570 691 pedes
1590 486 1677 668 des

236 677 402 780 cendit3
436 682 519 762 imb
554 707 717 767 annotat
751 684 854 780 idem
890 684 1148 792 observator,
1186 683 1324 768 nullibi
1357 687 1450 770 alibi
1484 689 1673 782 locorum

234 811 384 872 tantam
419 795 576 906 reperiri
604 798 763 909 copiam
793 799 1054 881 sarconratum
1080 805 1122 881 ὅ(
1151 795 1383 882 sarcoceles.
1414 799 1671 890 Credendum

235 898 398 1009 quidem
423 904 615 1020 Prospero
642 907 814 1022 Alpino,
841 907 1135 1020 diligentissrmo
1163 938 1292 994 rerum
1321 908 1552 996 naturalium
1572 918 1671 1002 scru-

237 1017 389 1118 tatori,
420 1021 594 1124 quamvis
631 1022 855 1104 Avicennas
884 1021 1000 1106 aliam
1033 1019 1149 1106 nobis
1182 1027 1339 1138 prorsus
1372 1019 1672 1135 elephantiasros

238 1123 416 1209 Arabicae
440 1127 574 1212 idaeam
598 1129 856 1246 suppeditet·

294 1235 359 1318 Est
371 1242 491 1345 enim,
504 1243 531 1322 sr
545 1244 817 1356 Auicenna(o)
832 1241 1088 1351 credendum,
1106 1244 1374 1360 elephantiasrs
1388 1247 1489 1330 inter
1506 1245 1671 1336 morbos

239 1350 439 1434 varicosos
454 1354 739 1464 recensendus,
757 1367 799 1442 &
818 1385 925 1443 totus
941 1356 1136 1443 varicibus
1155 1359 1317 1442 constat.
1337 1357 1504 1444 Scilicet
1525 1359 1672 1444 melan-

240 1459 404 1546 cholico
437 1465 596 1550 humori
625 1471 666 1550 in
695 1499 808 1553 crura
831 1471 1009 1585 deposito
1034 1471 1203 1580 vasaque
1229 1469 1463 1554 infarciente
1487 1471 1677 1558 adscribit

240 1569 559 1696 elephantiasrnr,
587 1581 717 1690 aitque
734 1609 852 1666 venas
872 1587 993 1668 cruris
1014 1591 1057 1667 bt
1076 1584 1239 1668 femoris
1256 1582 1449 1666 incrassari
1464 1585 1607 1666 mirum
1629 1587 1673 1670 in

238 1685 440 1794 modum,
470 1717 683 1802 earumque
714 1695 987 1780 incrassatione
1016 1694 1208 1780 volumen
1240 1697 1363 1778 cruris
1398 1721 1516 1806 atque
1549 1695 1673 1809 pedes

239 1799 541 1910 pratetntodirm
577 1808 753 1918 augeri3
798 1809 921 1917 litque
956 1805 1147 1892 volumen
1191 1804 1290 1890 illud
1368 1805 1456 1890 uale
1505 1806 1673 1892 Proser

240 1909 409 2024 Alpinus
421 1913 469 2016 (b)
486 1913 733 2024 observavit,
758 1925 798 2001 bt
814 1946 864 2003 ex
880 1917 1036 2034 proprii
1052 1918 1326 2002 observatione
1341 1836 1551 2030 descripsrt.
1617 1947 1673 2004 on

241 2025 412 2106 nostrum
438 2028 491 2109 est
518 2027 620 2111 inter
649 2034 826 2116 austores
857 2031 955 2114 tanti
985 2031 1169 2142 ponderis
1200 2029 1311 2112 litem
1341 2031 1444 2112 hanc
1474 2029 1674 2116 dirimere.
1727 2106 1732 2114 .

240 2134 325 2219 Sed
351 2136 458 2220 certe
482 2137 593 2250 plura
617 2140 734 2247 sunt,
760 2173 844 2226 non
868 2141 1028 2252 quidem
1053 2145 1095 2224 in
1119 2141 1273 2224 summo
1299 2140 1445 2250 gradu,
1473 2141 1575 2254 apud
1597 2172 1674 2227 nos

240 2244 344 2329 mala
372 2279 454 2356 quae
484 2249 649 2332 similem
673 2255 848 2338 nocendi
873 2255 1043 2336 formam
1072 2255 1113 2330 in
1143 2246 1319 2331 cruribus
1357 2275 1474 2356 atque
1506 2252 1674 2364 pedibus

239 2357 486 2460 exhibeant,
519 2361 625 2440 unde
660 2361 797 2442 saltem
834 2359 1020 2472 exemplo
1059 2359 1227 2442 addutto
1264 2358 1448 2441 hariolari
1485 2363 1673 2472 possamus

240 2467 345 2552 resle
363 2467 411 2550 ab
430 2465 579 2581 Alpino
596 2465 846 2557 observatum
857 2472 934 2556 effe
947 2469 1130 2554 morbum
1144 2535 1158 2577 ,
1174 2474 1263 2581 qui,
1280 2469 1375 2554 licet
1389 2473 1587 2556 varicosus
1602 2477 1672 2582 srt,

239 2607 286 2664 ut
311 2577 442 2662 voluit
466 2582 689 2666 Avicennas
703 2645 718 2690 ,
744 2589 893 2668 vari‘ces
921 2610 1053 2686 ¹tamen
1081 2581 1266 2692 tanquim
1289 2580 1489 2691 sequelam
1515 2583 1673 2696 morbi,

239 2689 523 2778 &latentioris
547 2695 667 2776 causa
693 2697 876 2781 effessum
901 2697 1087 2782 ostendat.

297 2804 346 2886 In
368 2807 608 2918 pauperioris
627 2803 739 2891 sortis
755 2807 1006 2913 hominibus,
1027 2812 1067 2890 in
1085 2803 1163 2890 illis
1182 2803 1387 2920 prasertim
1411 2833 1511 2916 quos
1536 2803 1675 2921 legunt

240 2916 455 3002 reverenda
478 2919 680 3002 necessrtas
702 2917 836 3031 aliquo
858 2947 1039 3035 tempore
1061 2923 1102 3001 in
1122 2914 1343 3008 carceribus
1363 2916 1522 3023 claufis,
1543 2918 1675 3030 squal‹

238 3027 361 3134 lidis,
387 3029 459 3112 srtu
483 3029 735 3117 humentibus
760 3031 1001 3138 conclusos,
1029 3032 1109 3136 fine
1132 3028 1217 3112 ullo
1238 3033 1457 3135 exercitio,
1484 3032 1563 3114 stne
1586 3031 1675 3116 lec-

239 3140 331 3246 tulo
358 3145 540 3226 coercuit
569 3172 686 3254 atque
717 3144 912 3230 conclusrt
941 3141 1065 3228 simile
1093 3142 1188 3254 quid
1213 3139 1452 3226 observatur.
1484 3142 1594 3256 Saepe
1625 3148 1678 3228 iic

240 3255 428 3338 inflantur
442 3255 656 3339 admodlrm
671 3257 790 3372 pedes
806 3265 847 3342 δι
863 3287 987 3342 crura.
1008 3257 1104 3341 Sine
1118 3253 1203 3338 ullo
1219 3254 1445 3340 evidenti&
1461 3253 1509 3336 ad
1527 3259 1676 3342 tastum

242 3365 404 3452 cedenti
430 3366 628 3452 otdemate
656 3373 757 3453 cutis
785 3369 931 3483 pedum
958 3366 1147 3452 morbose
1170 3365 1384 3471 crassescit,
1405 3371 1488 3450 tiam
1511 3365 1564 3448 ob
1587 3366 1676 3451 san*

239 3481 373 3593 guinis
404 3482 609 3672 stapnantis
641 3479 866 3590 lentorem,
895 3488 980 3566 tum
1008 3479 1063 3563 ob
1089 3476 1172 3585 ejus
1194 3477 1386 3588 regressis
1412 3480 1455 3557 in
1485 3480 1573 3561 otio
1599 3476 1676 3562 illo

239 3585 423 3676 violento
471 3591 741 3696 ifficultatem‚
762 3592 914 3675 cellulae
930 3590 1010 3694 ejus
1028 3591 1181 3672 extimat
1204 3589 1386 3671 inflantur
1411 3593 1453 3670 ὅ(
1475 3615 1517 3672 re
1544 3587 1675 3674 lentur

242 3729 369 3785 muco
391 3701 542 3804 crasso,
563 3701 771 3786 indivulso.
796 3700 910 3786 Cutis
934 3701 1116 3786 universa
1140 3697 1342 3783 substantia
1362 3701 1405 3781 in
1425 3619 1575 3786 areolas
1595 3701 1678 3821 dis-i

240 3815 457 3926 tinguitur,
475 3813 597 3924 fitque
609 3813 848 3898 tumentibus
859 3811 1036 3898 cruribus
1050 3812 1260 3897 incedendi
1276 3810 1424 3894 summa
1438 3811 1649 3898 difficultas
1655 3858 1677 3921 ,·

244 3956 366 4038 quam
378 3924 519 4032 facile,
537 3955 612 4010 nec
625 3928 704 4012 srne
719 3931 872 4012 ratione
879 3990 895 4035 ,
912 3953 984 4040 pro
999 3921 1220 4009 scorbutici
1232 3921 1425 4007 habueris.
1439 3923 1548 4007 Tirm
1561 3929 1676 4031 verb,

244 4067 382 4142 crura,
396 4038 604 4153 prasertim
623 4037 728 4126 circi
748 4039 959 4124 malleolos
981 4047 1020 4122 dr
1045 4037 1249 4153 supernam
1268 4035 1376 4150 pedis
1401 4035 1646 4148 superficiem
1657 4083 1678 4142 ,·
1782 4049 1786 4055 ’

242 4150 364 4266 plexu
380 4153 487 4234 tenui
499 4179 685 4236 venarum
698 4155 972 4267 nigricantium
985 4154 1210 4264 pinguntur,
1250 4180 1306 4230 ua
1320 4146 1369 4229 ad
1379 4148 1601 4230 seinvicem
1614 4179 1683 4262 ap.

242 4263 377 4380 pressat
386 4324 398 4368 ‚
410 4263 571 4348 macula
582 4265 717 4352 idaeam
730 4265 919 4350 exhibent
927 4267 985 4372 ,·s1
999 4262 1139 4346 leviori
1153 4180 1276 4344 oculo
1291 4258 1678 4374 spettentur‚s1ulte'

244 4379 327 4478 riirs
339 4379 508 4460 examini
523 4375 796 4486 subjiciantur,
811 4375 1025 4461 nihilaliud
1036 4374 1122 4456 sunt
1133 4371 1249 4483 qu‘anr
1264 4370 1414 4456 venulae
1425 4370 1524 4454 adeo
1536 4375 1676 4456 vicina

243 4514 294 4572 ut
320 4487 401 4572 sese
432 4493 666 4604 contingant
705 4498 746 4575 ὅ(
784 4487 945 4606 plexum
972 4489 1193 4570 efforment.
1228 4485 1273 4568 Si
1305 4483 1452 4568 aditum
1480 4483 1677 4596 sanguinis
1739 4485 1745 4490 ’

244 4599 344 4686 forti
369 4599 534 4714 ligaturi
557 4604 607 4686 ad
634 4602 828 4719 poplitem
851 4595 1123 4717 suppresseris,
1153 4595 1369 4712 pallescunt
1393 4591 1505 4703 illa,
1524 4604 1566 4680 dt
1593 4594 1677 4678 sere

288 4767 342 4836 (α)
362 4760 498 4830 Adcenn.
515 4757 569 4824 stn-
588 4786 639 4835 rr,
658 4769 736 4832 tract,
753 4787 784 4841 r,
798 4785 858 4854 cap.
875 4773 920 4826 16.
1382 4841 1387 4854 .

292 4839 345 4926 (b)
367 4841 439 4906 Hist.
451 4842 519 4906 Nar.
531 4841 662 4929 AEgypri,
673 4850 722 4917 lib.
743 4867 755 4910 r
765 4893 775 4926 ,
792 4869 853 4932 cap.
870 4865 914 4920 ¹9·
932 4845 980 4910 Dc
994 4842 1131 4908 Medicis&
1147 4841 1355 4926 AEgyptiorum
1370 4840 1407 4900 hb
1431 4859 1461 4915 r,
1478 4859 1540 4920 cap.
1557 4843 1602 4898 ιθ.

1332 4919 1485 5037 Pars
