4226 5916
495 408 581 508 484
830 359 836 370 ’
946 369 1485 486 demoniis

501 561 634 647 donec
653 589 733 643 uno
743 621 757 666 ,
778 585 844 644 aut
858 559 983 644 altero
998 559 1184 676 phymate
1197 557 1467 648 succrescente
1484 567 1526 646 ὅ(
1544 560 1649 672 quasi
1664 557 1938 697 superposito,

501 673 707 759 solvuntur
730 676 886 779 omnia,
905 674 1016 758 velut
1034 675 1144 758 nodo
1162 674 1295 760 soluto
1311 737 1325 780 ‚
1344 702 1520 785 tuncque
1543 677 1672 760 fluunt
1691 705 1810 762 urrnae
1830 680 1938 788 quali

500 816 571 904 per
586 784 798 892 diluviem,
814 811 880 868 aut
895 783 1003 869 alvus
1019 791 1208 902 erumpit,
1224 796 1420 919 &aqueas
1436 787 1694 900 mucosasque
1707 793 1938 903 eruptiones

375 899 383 904 ’
499 930 584 982 non
603 901 681 982 line
697 895 932 983 torminibus
947 899 1098 999 reddit;
1113 896 1212 983 lenis
1234 902 1528 1013 omniaexcipit
1544 899 1686 1006 sudor,
1703 900 1937 1012 sanaturque

487 1015 602 1096 cutis
618 1040 699 1093 non
716 1012 795 1094 sine
811 1009 1034 1095 lichenibus
1053 1020 1094 1095 ὅ(
1111 1015 1274 1127 pruritu.
1299 1012 1401 1123 Quae
1418 1016 1552 1095 omnia
1566 1011 1667 1096 intra
1681 1015 1822 1125 viginti
1839 1043 1936 1123 qua-

498 1151 590 1209 tuor
613 1125 728 1206 horas
747 1128 901 1237 penitiis
919 1122 1186 1209 absolvuntur.
1206 1127 1298 1207 Nec
1317 1151 1449 1208 tamen
1463 1123 1703 1231 immunibus
1721 1124 1935 1234 aliquando

493 1235 521 1318 ὲ
545 1236 735 1318 constanti
757 1233 846 1320 labe
873 1235 1057 1319 omnibus
1087 1235 1260 1321 articulis
1282 1241 1348 1347 qui
1376 1236 1551 1320 sedatum
1580 1240 1621 1320 in
1645 1236 1729 1320 aliis
1761 1236 1935 1350 partibus

484 1346 684 1432 'dolorem
707 1352 937 1463 excipiunt,
960 1357 1003 1434 &
1022 1375 1217 1434 tumentes
1235 1347 1405 1463 longum
1429 1378 1498 1462 per
1518 1375 1673 1464 tempus
1698 1351 1933 1432 memoriam

486 1458 591 1543 'mali
619 1487 824 1545 renovant.

484 1617 487 1622 ·
554 1572 703 1657 Verum
726 1570 795 1656 ubi
810 1571 957 1656 malum
979 1576 1214 1659 chronicum
1230 1574 1271 1656 in
1286 1601 1440 1658 morem
1460 1598 1577 1682 atque
1596 1569 1734 1655 senfim
1756 1568 1931 1678 invadit,

496 1713 581 1770 non
604 1685 743 1769 eadem
768 1680 931 1800 prosunt
957 1685 1148 1791 subsidia,
1180 1687 1249 1768 nisi
1274 1687 1475 1798 principiis
1501 1683 1691 1768 obstiteris
1715 1713 1728 1781 3
1759 1681 1870 1792 quod
1890 1687 1930 1768 itt

488 1796 606 1881 'malo
639 1801 706 1880 vix
732 1798 989 1912 percipiendo
1012 1827 1095 1880 non
1123 1798 1224 1880 adeb
1254 1796 1372 1882 facile
1397 1801 1463 1881 est.
1487 1797 1595 1878 Nam
1615 1793 1724 1878 aucta
1744 1794 1929 1908 paulatim

485 1909 599 1994 'cutis
626 1909 818 2017 crassitie,
845 1915 936 1992 cuni
962 1908 1108 2023 pluries
1132 1908 1331 1992 solvantur
1354 1905 1512 1992 vincula
1538 1937 1620 2016 quae
1647 1906 1929 2020 epidermidem

498 2025 582 2104 cuti
601 2023 761 2103 nesiunt
772 2082 788 2127 ‚
814 2021 1057 2132 furfuresque
1081 2021 1174 2106 inde
1195 2025 1236 2103 in
1258 2049 1428 2135 corpote
1449 2019 1682 2124 nascantur,
1709 2019 1789 2104 sese
1808 2017 1927 2104 liche-

482 2131 617 2215 nosos
635 2157 753 2241 atque
771 2134 996 2246 herpeticos
1015 2159 1153 2246 putant
1175 2135 1381 2239 homines,
1409 2131 1515 2215 unde
1537 2129 1927 2229 sensimpbtunditur

496 2245 619 2327 tesius
636 2306 649 2347 ‚
668 2271 742 2327 nec
765 2242 815 2328 de
829 2244 936 2329 malo
951 2246 1185 2350 advertitur,
1205 2247 1273 2327 nisi
1292 2242 1368 2350 jam
1387 2244 1471 2328 fere
1489 2239 1783 2328 immedicabile
1801 2243 1926 2328 evase·

480 2358 559 2445 tit.
595 2355 677 2438 Hic
705 2359 825 2468 igitur
850 2360 921 2441 arti
953 2361 1087 2441 omnia
1115 2357 1198 2440 sere
1229 2357 1451 2471 peragenda
1478 2358 1579 2440 sunt.
1609 2357 1761 2440 Veriim
1785 2358 1925 2440 meritb

483 2468 686 2552 notavere
701 2467 843 2552 Paulus
864 2475 913 2573 (a)
935 2477 976 2554 ὃ(
989 2472 1193 2553 Attuarius
1208 2469 1290 2552 fere
1304 2470 1456 2580 semper
1474 2469 1680 2553 crassitiem
1698 2465 1808 2550 illam
1829 2465 1924 2552 solvi

495 2606 566 2692 per
592 2578 727 2664 ulcera
754 2582 978 2688 achorosa,
1010 2612 1094 2692 quae
1120 2585 1162 2666 iii
1186 2583 1351 2666 crassitie
1377 2583 1514 2664 sensim
1542 2575 1698 2664 industri
1721 2581 1923 2664 numerosa

479 2691 572 2776 ‘elle
601 2690 748 2776 debent
771 2701 813 2776 bt
836 2692 953 2826 plene
979 2694 1253 2808 suppurantia,
1275 2698 1368 2777 ciim
1400 2721 1519 2777 omne
1553 2693 1760 2806 negotium
1789 2693 1831 2773 in
1859 2691 1923 2775 illa

480 2803 733 2917 impendeat.
760 2808 816 2888 At
837 2836 878 2888 in
902 2804 1032 2890 subito
1048 2805 1179 2912 malo,
1206 2831 1297 2890 cute
1319 2833 1387 2920 per
1413 2803 1664 2889 erethismum
1689 2803 1921 2910 addensari,

495 2913 683 3030 crispati,
702 2923 743 3002 ὃ(
766 2919 871 3027 quasi
897 2917 1113 3024 convulsi,
1135 2916 1201 3003 vel
1222 2922 1362 3002 unicus
1382 2943 1516 3000 tumor
1535 2943 1743 3030 erumpens
1767 2915 1922 3000 vincula

493 3027 623 3134 laxat,
653 3029 900 3139 cessanteque
927 3031 1137 3114 erethismo
1171 3031 1215 3112 fit
1236 3029 1407 3145 plenaria
1427 3028 1557 3114 morbi
1580 3029 1728 3114 sanatio
1749 3056 1820 3144 per
1838 3026 1921 3111 sub·

491 3167 701 3227 ventaneas
726 3141 996 3256 perspirationi
1022 3145 1290 3227 vacuationes.

423 3339 427 3352 ‚
549 3251 632 3336 Sed
654 3256 746 3334 clim
768 3253 1028 3366 symptomata
1053 3255 1336 3340 &accidentia
1359 3255 1490 3339 morbi
1512 3254 1652 3340 eadem
1675 3253 1748 3338 sint
1760 3312 1776 3359 ,
1803 3251 1919 3336 cause

489 3369 641 3478 impetu
668 3369 818 3448 tantiim
845 3365 1055 3466 differunt3
1078 3366 1304 3451 universalis
1336 3374 1436 3454 cutis
1467 3366 1692 3452 addensatio
1727 3365 1808 3448 sine
1837 3363 1917 3446 ullo

475 3475 572 3560 'alio
599 3475 745 3558 morbo
765 3479 958 3562 rarissima.
987 3481 1043 3562 At
1063 3480 1269 3563 crassitiem
1298 3483 1398 3564 cutis
1418 3485 1460 3563 in
1480 3484 1582 3564 hanc
1597 3477 1758 3563 illamve
1800 3503 1917 3560 artem

490 3587 730 3673 decumbere
751 3619 833 3672 non
850 3591 951 3674 adeo
966 3619 1093 3674 rarum
1113 3594 1192 3690 est3
1212 3600 1254 3676 bt
1278 3592 1325 3676 ad
1344 3591 1565 3676 faciliorem
1584 3586 1714 3674 morbi
1727 3507 1917 3672 diliicida-

475 3705 673 3807 ·tionem,
705 3699 843 3787 licebit
869 3705 1066 3786 chronicae
1094 3731 1212 3814 atque
1239 3731 1360 3788 acutae
1390 3706 1568 3788 crassitiei
1597 3706 1639 3786 iii
1667 3728 1759 3785 cute
1790 3700 1918 3788 causas

474 3814 603 3900 'fimul
627 3841 676 3899 ex
705 3814 876 3920 endere,
905 3821 998 3897 clini
1018 3817 1161 3900 modus
1185 3847 1207 3899 a
1235 3816 1326 3902 endi
1345 3817 1452 3902 idem
1473 3818 1518 3900 lit
1531 3873 1547 3921 ,ι
1572 3812 1725 3899 sublato
1747 3816 1789 3896 in
1805 3816 1919 3897 chro-

473 3931 587 4008 nicis
614 3956 659 4008 ca
677 3925 761 4010 ibus
789 3927 1028 4032 erethismo,
1054 3936 1096 4010 δε
1118 3956 1163 4011 ut
1182 3848 1394 4043 pfurimiim
1417 3959 1494 4013 una
1514 3926 1563 4013 ab
1588 3926 1708 4012 altera
1726 3925 1915 4040 pendeat,

486 4037 541 4120 ita
567 4064 611 4121 ut
636 4065 757 4121 acutae
782 4038 969 4122 succedat
996 4040 1200 4124 chronica.

545 4147 691 4234 Cutem
712 4151 918 4263 prasertim
930 4154 972 4235 in
991 4148 1168 4236 cruribus
1189 4159 1230 4234 ὅ(
1250 4153 1299 4234 ad
1315 4177 1417 4236 artus
1435 4153 1638 4237 inferiores
1654 4147 1785 4233 subiti)
1803 4147 1916 4232 indu-

443 4299 450 4310 ·
486 4261 561 4341 rari
587 4288 668 4341 non
687 4291 815 4344 rarum
836 4267 909 4370 esi,
925 4266 1009 4348 imo
1023 4265 1134 4347 initia
1152 4266 1264 4348 siceae
1278 4293 1489 4389 gangraenae
1504 4263 1526 4348 ὲ
1542 4261 1655 4348 simili
1668 4263 1918 4347 induratione

472 4375 527 4452 dn
550 4367 713 4453 brachio
741 4403 826 4458 orta
849 4377 961 4482 vidi,
986 4375 1092 4461 unde
1116 4403 1202 4462 tota
1229 4379 1341 4482 huius
1370 4379 1472 4460 artsis
1504 4381 1606 4460 cutis
1632 4377 1733 4458 aruit
1786 4377 1917 4458 rotsiis

485 4489 528 4566 bt
559 4481 731 4598 collapsa
750 4487 881 4600 posted
910 4489 1059 4572 foedam
1087 4493 1342 4595 cicatricem,
1364 4497 1406 4572 ὃ(
1433 4489 1596 4573 brachio
1625 4403 1918 4572 insensilitatem

483 4590 658 4702 reliquit.
674 4597 716 4678 N
719 4625 773 4680 on
788 4599 888 4685 adeo
902 4601 1031 4688 subito
1049 4603 1220 4722 impetu,
1236 4601 1304 4726 sed
1317 4627 1447 4688 tamen
1458 4599 1693 4691 morborum
1705 4625 1919 4686 acutorum

526 4788 582 4862 (a)
604 4782 665 4846 Lib.
686 4805 716 4856 i,
733 4807 790 4868 cap.
809 4812 861 4853 aa.

519 4865 580 4949 sb)
600 4863 661 4928 Lib¹
681 4886 714 4945 3,
729 4885 790 4952 cap·
807 4889 857 4936 ιι.
