4188 5916
474 357 632 510 ari'
917 397 1025 486 DE
1095 391 1461 482 morinis

475 563 667 647 humores
690 561 923 678 peliumdari
945 559 1200 648 neceliarium
1218 553 1427 667 ell‚'undb
1449 559 1492 639 dt
1516 549 1663 640 exoriri
1683 552 1915 642 scorbutuni

478 682 521 760 δι
539 676 645 761 nasci
653 677 825 762 ‘tandem
838 704 1085 792 gangrenam
1101 669 1437 760 immedicabilem
1450 666 1698 779 consequens
1713 673 1779 756 eil.
1801 669 1915 756 Hinc

476 787 576 902 sape
590 788 679 874 ante
692 790 734 874 su
763 783 1382 908 pliciumindislumincateetati,
1399 785 1518 868 etiam
1533 779 1694 868 {ineilltl
1708 811 1914 870 carcerum

479 900 676 986 notissimi
686 821 797 996 feste
804 967 819 1012 ,
836 902 981 988 morbo
994 929 1184 1019 percunt3
1198 903 1274 985 hos
1286 900 1384 983 aeris
1396 893 1559 981 liberior
1570 893 1660 982 usus
1672 905 1716 984 bt
1729 897 1916 983 alimenta

474 1013 630 1100 saniora
646 1015 864 1102 servassent.

536 1130 684 1213 Veriiin
705 1132 848 1214 siinter
862 1127 1107 1244 periculosos
1122 1125 1287 1212 morbos
1298 1121 1358 1208 illi
1372 1120 1565 1209 recenftri
1582 1151 1667 1208 non
1680 1121 1830 1209 debent
1844 1125 1910 1236 qui

474 1237 559 1326 levi
581 1238 702 1358 operti
724 1242 927 1350 sanantur,
949 1243 991 1326 id
1007 1270 1147 1327 verum
1165 1238 1358 1356 praecipui
1377 1240 1430 1321 est
1449 1236 1501 1321 de
1520 1233 1716 1352 vitiligine
1739 1238 1912 1324 necdiim

474 1351 703 1438 inveterati.
729 1355 838 1438 Nam
855 1357 924 1440 etsi
940 1353 1084 1439 Paulus
1105 1349 1341 1470 corporibus
1363 1349 1436 1434 rite
1457 1352 1630 1464 purgatis
1651 1351 1788 1464 topica
1807 1377 1913 1467 aptet

473 1464 749 1582 adstringentia
768 1466 882 1552 simul
902 1477 943 1554 bi
966 1470 1234 1573 cathaetetica,
1261 1467 1360 1548 mihi
1388 1492 1439 1548 ex
1459 1463 1634 1579 ipsorum
1659 1466 1911 1575 antiquorum

472 1577 730 1694 dogmatibus
757 1581 903 1667 deduci
932 1581 1043 1698 polle
1069 1581 1225 1666 videtur
1237 1637 1253 1688 ,
1279 1581 1492 1662 maximam
1519 1577 1734 1662 curationis
1788 1605 1912 1664 artem

475 1693 518 1774 in
543 1691 698 1778 salutati
722 1697 846 1779 visilis
868 1703 911 1780 bc
937 1695 1034 1780 aeris
1059 1696 1279 1779 mutatione
1305 1691 1522 1775 consistere.
1550 1607 1799 1804 Applicanda
1823 1691 1912 1777 sunt
2009 1776 2013 1784 ,

398 1801 401 1810 ’
473 1801 675 1891 ulceribus
704 1807 905 1924 emplastra
931 1823 1015 1919 qu'ae
1046 1805 1262 1895 cohibeant
1289 1827 1544 1916 coquantque
1572 1805 1776 1888 materiem
1808 1806 1911 1892 intlis

475 1919 713 2026 haerentem,
739 1920 833 2004 dbm
854 1919 1002 2006 interea
1027 1946 1226 2005 mutantur
1245 1922 1287 2000 in
1309 1914 1450 2002 melius
1471 1919 1660 2001 humores
1682 1943 1750 2030 per
1770 1916 1912 2003 saluta-

474 2058 560 2116 rein
576 2031 728 2116 diaetam
748 2063 832 2146 quae
850 2062 901 2118 ex
923 2031 1106 2119 tenuibus
1131 2031 1351 2137 alimentis,
1369 2055 1414 2113 ut
1438 2027 1533 2144 potl
1554 2026 1702 2114 viribus
1722 2028 1912 2116 delicien-

472 2141 603 2250 tibus,
626 2148 802 2231 constare
821 2145 963 2254 debet,
983 2147 1132 2257 eosque
1151 2145 1316 2260 seligere
1336 2141 1526 2227 debemus
1548 2170 1598 2226 ex
1623 2139 1724 2226 cibis
1743 2148 1813 2256 qui
1832 2176 1912 2230 ma·

473 2255 582 2340 xima
610 2259 806 2372 putredini
834 2259 1109 2368 adversantur,
1134 2257 1230 2344 licet
1255 2259 1457 2342 concoslu
1476 2254 1657 2339 facillimi
1676 2255 1749 2339 lint
1776 2291 1785 2340 :
1814 2258 1920 2345 tales

473 2367 648 2484 prabent
686 2371 795 2456 olera
833 2372 1096 2481 mollissima,
1129 2369 1329 2480 junionim
1367 2367 1594 2454 animalium
1625 2396 1763 2455 carnes
1794 2399 1910 2458 aceto
2026 2401 2031 2406 ·

473 2483 668 2592 condita,
685 2485 831 2572 frusius
848 2489 989 2620 hpraei,
1008 2490 1117 2602 panis
1135 2483 1238 2571 bene
1255 2483 1530 2590 fermentatus,
1547 2484 1731 2568 cerevisia
1746 2511 1885 2571 recens
1894 2550 1909 2594 ‚

472 2597 610 2680 vinum
645 2595 759 2711 oligo
787 2602 946 2684 horum.
985 2597 1141 2684 Interel
1175 2595 1354 2706 juscula,
1383 2621 1614 2711 apozemata
1640 2623 1691 2680 ex
1720 2596 1910 2686 similibus

472 2707 616 2824 plantis
629 2631 833 2820 confetla,
851 2707 1004 2829 ptisana
1018 2709 1180 2797 acidula
1193 2707 1509 2826 praescribuntur,
1525 2709 1687 2794 condita
1699 2735 1749 2794 ex
1762 2709 1910 2821 melle,

472 2821 687 2932 saccharo,
709 2823 897 2911 lruslibus
919 2827 1059 2909 horreis
1078 2829 1117 2908 in
1137 2823 1251 2909 usum
1270 2848 1489 2930 vocantur,
1519 2831 1560 2908 br
1577 2821 1719 2906 morbo
1734 2828 1912 2936 graviori

470 2961 652 3049 aptantur
658 2936 812 3131 planta
833 2936 1145 3022 andscorbuticae
1161 2967 1245 3134 tpuae
1264 2962 1406 3021 tonum
1423 2932 1530 3019 fibris
1546 2960 1664 3047 atque
1682 2937 1910 3023 ventriculo

470 3046 641 3156 addunt,
674 3048 905 3162 irnulquevi
918 3048 1074 3138 volatili
1088 3051 1174 3136 adu
1193 3053 1312 3134 timos
1326 3046 1494 3164 lympha
1509 3051 1677 3134 recellus
1692 3075 1908 3164 penetrant.

349 3191 352 3196 ·
385 3221 388 3227 ι
470 3158 700 3271 Aliquando
718 3189 852 3250 tamen
869 3169 1015 3250 tonicis
1036 3168 1154 3250 etiam
1175 3158 1438 3280 aperientibus
1460 3159 1577 3246 locus
1596 3165 1649 3250 ell
1660 3225 1675 3270 ,
1698 3162 1766 3247 sed
1785 3161 1909 3250 levio-

469 3269 579 3358 ribus
589 3335 604 3381 ,
627 3301 679 3359 ne
699 3275 867 3363 fortiora
890 3305 961 3395 per
988 3276 1028 3364 se
1045 3281 1242 3393 corruptis
1257 3273 1479 3388 liquoribus
1500 3277 1700 3359 flammam
1718 3274 1906 3363 subdant:

468 3384 563 3473 talia
589 3387 677 3472 sunt
700 3390 852 3484 radices
873 3421 922 3476 an
952 3391 1083 3500 elica,
1104 3394 1385 3508 imperatoria,
1413 3391 1516 3503 apii,
1533 3387 1742 3496 soeniculi,
1792 3392 1908 3506 impi-

468 3499 605 3610 nellae,
625 3501 864 3613 sraxinellae,
889 3424 987 3589 solia
1003 3505 1198 3612 fumaria,
1218 3501 1421 3610 scabiosa,
1442 3501 1711 3616 chamaedryos
1721 3566 1735 3608 ‚
1755 3419 1905 3612 divis,

469 3621 513 3700 ἀ
525 3612 694 3698 aliorum
711 3617 895 3702 similium
904 3647 955 3705 vc
983 3621 1173 3704 etantlum
1187 3644 1270 3728 quae
1282 3618 1397 3701 inerti
1410 3641 1553 3699 natura
1571 3623 1613 3700 ὁ(
1629 3618 1735 3728 quafi
1750 3621 1907 3756 prostra-

468 3753 516 3812 tae
538 3727 715 3814 stimulos
738 3730 898 3816 addunt.
969 3763 1024 3817 aec
1049 3729 1174 3846 vulgb
1195 3731 1407 3815 sufficiunt.
1435 3730 1660 3814 Invetetato
1679 3758 1778 3817 vero
1796 3729 1904 3814 malo

465 3841 639 3926 fortiora·
680 3841 951 3928 raescribuntur
966 3871 1017 3929 ex
1039 3845 1185 3930 eodem
1210 3852 1356 3960 genere
1373 3839 1514 3954 quibus
1539 3845 1580 3926 in
1601 3841 1752 3928 sumini
1777 3871 1906 3958 putre·

454 3955 560 4040 ,dine
585 3870 744 4073 posunt
767 3957 858 4042 addi
883 3960 1055 4042 exteriiis
1079 3957 1255 4044 lotiones
1281 3985 1332 4041 ex
1363 3954 1776 4043 corticePeruviano.
1810 3956 1903 4064 Eius

464 4071 562 4156 verb
587 4069 677 4154 usus
705 4071 871 4154 interior
898 4074 1033 4154 omnia
1057 4069 1132 4156 alia
1155 4068 1270 4178 hujus
1296 4074 1450 4186 generis
1478 4067 1706 4184 antiseptica
1731 4071 1906 4156 medica·

463 4206 597 4265 menta
620 4181 832 4295 praecellit,
859 4182 986 4268 modb
1009 4183 1148 4270 sensim
1176 4191 1219 4267 dt
1242 4187 1417 4298 repetitis
1443 4179 1599 4270 dosibus
1621 4187 1677 4267 ita
1699 4186 1801 4268 intra
1819 4183 1905 4268 san-

462 4293 625 4427 guinem
646 4296 879 4405 insinuetur,
897 4323 943 4383 ut
956 4294 1065 4383 nulli
1080 4321 1190 4414 parte
1204 4298 1310 4380 hotae
1325 4325 1377 4384 eo
1395 4297 1550 4412 sanguis
1565 4322 1696 4382 eareat
1716 4305 1759 4381 dt
1784 4327 1904 4382 cruor

460 4403 545 4521 ipse
562 4402 675 4513 hujus
694 4410 900 4516 tinsluram
919 4413 1139 4496 contrahat.
1169 4409 1292 4496 Certe
1310 4415 1376 4495 hlc
1421 4412 1498 4495 este
1516 4406 1627 4525 pejus
1647 4437 1783 4525 ageret
1802 4437 1904 4496 mer-

461 4522 613 4627 curius,
632 4521 701 4605 etsi
723 4523 841 4606 etiam
862 4523 1056 4633 adessent,
1083 4524 1252 4611 uthisce
1267 4524 1361 4610 viris
1395 4521 1570 4608 similiare
1593 4525 1647 4609 eli
1658 4584 1673 4630 ,
1703 4524 1811 4640 signa
1835 4523 1903 4611 vel

459 4631 632 4716 maxime
649 4633 801 4718 ferocia
814 4633 889 4722 luis
903 4665 1080 4724 venereae
1100 4671 1112 4742 3
1135 4643 1227 4724 clim
1243 4635 1396 4723 nullum
1411 4637 1527 4752 poffit
1545 4636 1744 4746 innocue,
1766 4635 1902 4726 velex

457 4743 657 4832 leviffimis
684 4749 974 4836 attenuastibus
996 4753 1098 4835 intra
1124 4751 1352 4866 sanguinem
1375 4752 1564 4859 immitti,
1592 4755 1635 4836 in
1660 4779 1743 4863 quo
1765 4753 1902 4838 omnia

450 4861 498 4950 ln
512 4855 648 4948 tabum
666 4857 873 4976 diffluunt,
889 4871 931 4950 ot
944 4891 1033 4980 pars
1049 4862 1219 4982 lympha
1238 4861 1397 4954 mucida
1412 4863 1691 4983 decomposito
1707 4862 1898 4983 sanguine
