4186 5908
631 431 1181 530 curnusrs
1540 475 1623 560 25

184 591 415 709 nullamque
442 596 514 684 nili
543 599 565 684 l
597 599 905 716 symptomatum
936 599 1186 690 vehementis
1212 601 1391 690 nascatur
1402 665 1418 712 ‚
1452 601 1624 698 distinxit

183 711 286 795 inter
294 737 510 822 utramque
529 738 672 798 naturae
691 713 964 802 diverfitatem.
981 719 1039 800 At
1055 743 1195 802 omnes
1211 716 1355 804 scabiei
1373 720 1427 803 src
1445 719 1622 810 dicendae

180 819 207 905 s
226 827 334 909 ecies
355 827 399 908 in
416 825 458 908 id
479 825 754 935 consentiunt,
776 853 822 913 ur
840 830 942 914 eutis
959 830 1126 914 universr
1141 833 1457 944 corporis,'exce
1504 830 1521 864 Λ
1543 833 1621 920 for·

179 853 249 1020 sab
276 938 405 1044 facie,
433 968 552 1048 quam
582 941 671 1024 rarb
692 937 842 1026 scabies
871 942 1054 1056 attingit,
1081 942 1129 1026 as
1148 946 1223 1028 eris
1245 940 1397 1060 papulis
1420 975 1442 1028 a
1496 944 1617 1033 bafim

180 1047 404 1158 durissimis,
422 1051 471 1134 ad
480 1049 633 1166 apicem
642 1115 657 1159 ‚
672 1053 857 1140 srvitrum
870 1054 1077 1176 prasertim
1089 972 1311 1141 adhibueris
1325 1059 1619 1174 opticum2pel·

178 1157 326 1246 lucidis
348 1165 519 1249 vitietur.
548 1165 658 1248 Tum
675 1166 778 1252 adest
798 1170 966 1282 pruritus
991 1171 1164 1252 enormis
1186 1166 1446 1286 &scalpendi
1467 1172 1616 1278 desude-

179 1276 283 1358 rium
303 1277 498 1383 immane,
516 1278 604 1361 serb
648 1279 830 1364 resertim
848 1281 1095 1386 redivivum,
1119 1307 1194 1366 nec
1211 1305 1345 1366 tamen
1364 1285 1531 1368 omninb
1545 1314 1615 1400 per

178 1385 289 1471 diem
309 1389 478 1496 cessans,
498 1307 874 1503 recrudescensque,
893 1394 1118 1505 quotiesad
1139 1393 1278 1476 focum
1295 1394 1527 1504 affidemus,
1548 1426 1615 1485 aut

178 1497 433 1613 quicumque¹
457 1504 507 1588 de
533 1500 649 1588 caussa
675 1529 808 1590 motus
831 1505 1028 1620 sanguinis
1054 1508 1249 1591 incitatur.
1279 1505 1442 1592 Scabies
1471 1511 1614 1620 quae'vis

179 1612 328 1698 eodem
352 1615 545 1700 modoad
563 1614 727 1703 salutem
746 1618 908 1724 finitur,
940 1615 1120 1704 resolutis
1139 1615 1313 1723 scilicet,
1334 1643 1380 1704 ur
1403 1617 1540 1704 saltem
1564 1623 1616 1708 ad

179 1723 348 1809 oculum
366 1755 547 1843 apparet,
564 1728 715 1844 papulis
735 1727 838 1834 illis,
854 1728 1076 1840 leviorique
1093 1735 1248 1814 mnulm
1264 1730 1516 1845 epidermidis
1530 1734 1614 1818 des·

178 1843 497 1950 quammatione,
521 1871 604 1954 quae
629 1845 696 1926 vix
715 1840 841 1924 furfur
864 1840 1034 1952 aliquod.
1048 1843 1234 1927 ostendat.

237 1950 395 2036 Omnes
419 1954 564 2039 scabiei
585 1953 735 2068 species
759 1955 857 2038 mihi
881 1952 1018 2040 saltem
1036 1957 1215 2072 'cognite
1237 1979 1357 2038 conta
1385 1954 1582 2044 losa-sunt
1594 2021 1611 2068 ,

174 2071 223 2150 δι
247 2059 296 2146 ab
325 2067 490 2153 homine
515 2071 558 2151 in
583 2070 789 2151 hominem
813 2070 960 2168 attaiiu
1012 2071 1200 2175 rosimo,
1227 1986 1472 2175 concubitu,
1493 2099 1613 2156 com·-

177 2179 372 2263 munione
406 2183 569 2264 vestium
605 2181 902 2264 contrahuntur.
997 2183 1064 2264 inc
1097 2183 1139 2264 in
1172 2183 1325 2292 magnis
1366 2181 1612 2277 nosocomiis

178 2293 383 2402 quotquot
417 2291 475 2398 ibi
509 2293 561 2378 ad
594 2292 846 2406 Chirurgiam
880 2291 1132 2378 ediscendam
1158 2321 1210 2408 ap
1238 2290 1394 2400 ellunt,
1438 2293 1612 2380 scabiem

178 2407 553 2522 contrahunt,.quae
576 2409 671 2504 clam
698 2408 739 2488 in
766 2401 875 2488 nulli
905 2402 1056 2490 interni
1079 2321 1338 2532 disposilione'
1355 2405 1517 2492 fundate
1541 2411 1610 2516 srt,

178 2511 281 2601 levis
299 2519 353 2600 est
371 2543 416 2601 ut
433 2515 646 2633 plurimum
673 2523 716 2603 dt
740 2514 859 2601 facile
885 2515 1038 2604 eluitur.
1056 2517 1163 2604 used
1192 2516 1288 2636 sepe
1315 2517 1464 2604 miseris
1488 2549 1612 2636 agro⁴

178 2626 351 2716 cantibus
373 2633 505 2718 evenit
527 2635 596 2744 qui
609 2634 704 2830 t{ost
726 2660 890 2747 pravum
899 2663 987 2832 g?
1011 2631 1145 2746 inopis
1163 2634 1311 2716 vidum
1338 2629 1387 2716 ad
1404 2626 1487 2718 hec
1534 2635 1611 2716 'au-

179 2745 302 2858 periei
333 2743 545 2832 diversoria
581 2775 607 2832 o

676 2742 785 2830 leves
822 2747 899 2831 affe
964 2743 1239 2849 saccedunt,
1278 2745 1325 2826 ut
1359 2742 1452 2828 inde
1508 2747 1612 2830 anati

174 2855 343 3081 ffiem
374 2842 565 2966 sedeant,
595 2858 663 2944 sed
690 2859 913 2945 immaniter
946 2865 989 2944 bt
1060 2884 1147 2940 ures
1164 2882 1251 2998 'le‘
1280 2881 1403 2938 annos
1432 2852 1613 2942 scabiosa

281 2995 331 3054 na
354 2970 452 3085 ergo
482 2979 524 3054 δι
550 2970 619 3080 vul
648 2973 749 3056 atior
775 2970 920 3058 scabiei
943 2969 980 3056 d'
1015 2972 1163 3054 erentia
1189 2999 1212 3052 a
1237 2995 1408 3083 corpore
1432 2971 1474 3052 in
1498 2967 1612 3078 quod

177 3079 321 3166 incidit
351 3085 561 3198 repetenda
594 3002 675 3170 ed.¹
699 3087 807 3168 Nam
835 3086 875 3169 li'
891 3087 976 3168 hec
1010 3085 1051 3166 iu
1079 3085 1223 3198 corpus
1255 3079 1356 3164 bene
1388 3082 1540 3202 pallum¹
1568 3085 1612 3167 dt
1731 3123 1733 3128 ἱ

178 3191 314 3277 sanum
334 3195 506 3302 incidat,
529 3196 628 3283 levis
647 3199 721 3302 est,
746 3205 787 3280 δι
801 3201 888 3280 tiam
901 3197 1112 3312 prognosr‚
1137 3205 1220 3279 tum
1235 3195 1442 3279 curatione
1455 3188 1504 3275 ab
1524 3191 1612 3276 aliis

179 3305 459 3424 distinguenda.
484 3309 531 3392 Si
555 3308 788 3394 humoribus
806 3309 952 3394 effoetis
971 3317 1015 3394 δι
1035 3310 1197 3423 corpori
1217 3307 1468 3417 cacoclrymo
1492 3307 1611 3410 acc'e-

179 3417 244 3503 dat
258 3427 277 3526 ,'
303 3424 462 3532 gravior
493 3423 546 3507 est
574 3430 618 3507 ὅ(
641 3425 767 3536 magis
795 3419 965 3507 rebellis.
999 3417 1188 3518 Preterel
1214 3417 1297 3504 aliae
1326 3444 1465 3502 omnes
1486 3419 1612 3540 etiarn

179 3530 325 3618 scabiei
355 3534 477 3618 causa
504 3535 662 3649 possunt
689 3539 832 3650 pariter
862 3534 929 3619 vel
952 3531 1124 3619 leviores
1148 3531 1251 3638 elle,
1280 3527 1348 3617 vel
1379 3532 1611 3646 graviores,

180 3671 250 3728 cor
280 3647 343 3728 ori
370 3649 529 3730 infirmo
550 3647 769 3756 accedere,
790 3644 856 3732 vel
875 3645 983 3730 sano.
1008 3645 1091 3736 Sed
1112 3639 1262 3731 nullam
1281 3641 1399 3732 aliam
1416 3639 1536 3728 video
1560 3639 1609 3725 ab

179 3675 349 3872 ipsismet
371 3761 492 3844 causas
513 3759 623 3874 posse
645 3759 782 3844 haberi
805 3759 1077 3844 differentiam.
1324 3879 1326 3886 Ι
1367 3865 1377 3884 ι
1504 3821 1520 3890 .'
1589 3819 1604 3834 „

214 3867 309 3954 Alia
320 3898 417 3984 ergo
434 3871 503 3956 srrn
532 3869 648 3956 licior
662 3875 715 3958 esi
726 3877 768 3956 dt
782 3867 910 3958 levior
919 3933 934 3980 ‚
950 3869 1026 3958 alia
1038 3871 1137 3959 verb
1149 3867 1274 3958 ferina
1279 3930 1294 3977 ,
1309 3893 1355 3953 ut
1365 3897 1443 3975 ram
1458 3863 1613 3982 prrdern

180 3987 384 4068 annotavit
404 3983 442 4070 G
528 4015 558 4070 s.
585 3986 695 4068 Nam
710 3981 977 4072 'essentialibus
995 3981 1322 4104 symptomatibus
1345 3984 1446 4065 inter
1463 3979 1611 4067 sesnon

180 4093 377 4182 differunt.
398 4094 497 4182 Alia
510 4093 655 4183 scabiei
668 4095 813 4214 speciei
832 4095 928 4184 basra
947 4097 1205 4215 pustudarum‚
1226 4091 1325 4179 licet
1340 4101 1388 4176 'ut
1403 4094 1446 4177 in
1462 4095 1613 4183 caeterie

180 4207 273 4294 dura
295 4209 343 4292 srt
359 4217 404 4294 ἃ
422 4210 576 4325 aspera,
600 4208 726 4296 rubeo
740 4210 957 4323 vividoque
977 4210 1120 4296 colore
1137 4209 1247 4293 distin
1302 4207 1380 4288 itur
1398 4234 1411 4306 ;
1435 4203 1549 4290 unde.
1560 4201 1610 4304 ab

178 4317 403 4408 sudoribus
427 4322 636 4438 sanguinea
657 4323 761 4409 dien
778 4324 883 4430 fuit,
908 4325 1015 4434 quast
1034 4319 1226 4436 penderet
1291 4315 1479 4431 sanguine
1503 4318 1611 4419 acris

178 4432 297 4518 aliarn
322 4431 545 4520 rubor'non
567 4438 803 4542 comitatur,
830 4442 874 4519 δι
899 4431 1038 4520 contri
1063 4430 1265 4517 albescens
1284 4431 1337 4515 est
1357 4427 1506 4544 pustula
1524 4428 1612 4514 sca·

179 4542 330 4647 biosa3
364 4547 471 4634 unde
503 4543 757 4661 pituitosam,
787 4549 867 4630 srve
888 4543 1171 4661 lymphaticum
1192 4543 1387 4630 dixerunt.
1426 4541 1472 4626 si
1493 4539 1611 4630 color

179 4657 481 4748 intervallorum
513 4663 614 4750 inter
643 4689 692 4775 pa
719 4657 803 4744 ulas
830 4659 873 4742 in
905 4683 998 4745 cute
1030 4661 1158 4744 minius
1190 4654 1354 4742 floridus
1383 4655 1457 4764 srt,
1490 4660 1532 4739 ὃ(
1561 4652 1612 4738 ad

179 4769 403 4969 Ballidum,
437 4771 640 4881 luridum,
676 4689 875 4862 slivumve
909 4770 1093 4860 colorem
1125 4797 1196 4857 ver
1279 4829 1294 4878 ,
1333 4793 1431 4854 tunc
1462 4763 1611 4856 scabies

209 4881 322 4976 lliosa
350 4910 443 4976 erat.
472 4885 697 4976 Immanites
720 4887 887 5010 pruritlu
909 4883 1167 5018 anabibariam
1206 4877 1443 5082 rgmfigabati
1578 4891 1581 4904 ¹
1668 4895 1673 4904 ·
