4226 5916
509 382 518 390 ’
651 439 1141 530 curtum.
1540 473 1623 554 475

72 691 77 700 ,
246 593 393 684 Forsan
419 603 501 685 hec
528 609 570 688 dt
596 605 710 688 nimis
736 603 937 720 implicata
961 611 1007 690 dt
1034 599 1483 718 complexa'mctho‘dut
1510 608 1623 691 vide·

190 701 305 794 bitur.
345 713 427 798 Sed
464 719 700 800 oeconomia
742 716 918 804 animalis
948 721 1096 802 variam
1129 719 1284 802 rimanti
1313 721 1354 800 in
1381 721 1496 803 variis
1524 718 1622 804 mali

189 819 313 908 stadiis
340 824 528 910 diathesrn
554 828 684 912 forsan
711 828 840 916 multi)
863 830 1038 938 securior
1052 850 1176 940 atque
1195 833 1318 914 tutior
1339 829 1536 916 videbitur
1557 857 1621 917 tot

187 929 271 1018 aliis
319 939 519 1025 raedicatis.
543 941 678 1026 Modo
696 968 828 1027 tamen
850 973 933 1026 non
953 940 1282 1056 compendiosum
1301 947 1424 1058 magis
1442 944 1621 1030 videatur
1656 969 1657 974 ‘

188 967 365 1136 nobilem
392 1053 496 1166 apud
514 1053 670 1166 Anglos
693 1059 804 1139 omni
821 1082 1001 1170 tempore
1019 1052 1267 1169 salsaeparilltc
1286 1055 1459 1146 decoiiae
1480 1059 1531 1142 ad
1551 1089 1620 1141 un·

187 1162 267 1244 cias
286 1160 324 1269 iij
339 1167 378 1246 in
395 1173 502 1275 aq'uae
515 1165 624 1252 libris
640 1167 789 1253 duabus
804 1169 1017 1254 admovere
1030 1168 1235 1282 ptisanam,
1249 1194 1332 1274 aut,
1347 1196 1392 1252 ut
1404 1173 1446 1252 in
1459 1168 1621 1284 leprosae

184 1263 222 1356 J.
237 1273 426 1362 Brisbane
442 1285 502 1383 (a)
515 1342 529 1385 ‚
553 1283 746 1366 corticem
762 1281 1037 1366 Peruvianum.
1053 1279 1173 1364 Circi
1189 1310 1273 1391 quae
1288 1280 1330 1364 id
1343 1280 1479 1366 saltem
1492 1313 1621 1368 anno-

185 1387 376 1495 tandum,
397 1393 632 1476 methodum
651 1397 777 1500 hanc,
799 1419 844 1480 ut
863 1393 1089 1508 &longum
1108 1395 1190 1478 vini
1214 1395 1460 1478 antimonia'ti
1481 1395 1619 1503 mmet,

183 1495 226 1579 in
247 1499 442 1612 aliquibus
469 1503 617 1591 casrbus
641 1537 725 1592 non
745 1509 824 1592 stne
840 1511 993 1594 ratione
1013 1506 1359 1614 commendatum,
1377 1507 1562 1592 *omnibvs
1577 1512 1619 1592 in

182 1611 334 1698 casibus
355 1646 555 1728 nunquam
574 1619 684 1733 poll'e
702 1644 945 1736 competere.
972 1622 1063 1704 Into
1087 1627 1128 1702 ἃ
1150 1615 1246 1702 licet
1267 1617 1434 1734 pulchre
1452 1623 1620 1704 instituta

181 1722 303 1808 suerit
317 1730 527 1814 methodus
545 1759 615 1845 pet
629 1736 780 1817 interna
794 1735 963 1846 praesrdia
974 1734 1192 1838 curatoria,
1210 1731 1414 1816 fatendum
1429 1735 1481 1816 est
1498 1735 1620 1848 ipsam

181 1837 265 1934 stne
280 1843 507 1954 topicorum
522 1841 777 1929 evellentium
794 1854 836 1931 δι
851 1845 1137 1960 detergentium
1153 1842 1325 1951 auxili0‚
1345 1843 1453 1929 nulli
1467 1851 1620 1930 ratione

179 1948 273 2033 sore
296 1954 554 2067 profuturam.
584 1955 732 2042 Tantas
759 1963 801 2042 &
830 1985 912 2042 tam
942 1961 1085 2042 inertes
1120 1957 1271 2040 radices
1298 1955 1434 2062 injecit
1458 1963 1500 2041 iu
1526 1983 1619 2044 cute

120 2093 124 2102 ¹
181 2067 323 2177 capitis
348 2095 546 2152 venenum
567 2070 785 2177 tineosum,
807 2095 852 2155 ut
878 2073 995 2154 etiam
1013 2073 1081 2155 vix
1104 2067 1284 2182 possibile
1309 2071 1354 2153 fit
1376 2067 1525 2154 malurn
1549 2097 1620 2184 per

178 2179 319 2288 topica
347 2210 504 2286 curare,
532 2183 611 2269 stne
637 2181 723 2266 ullo
754 2183 820 2268 vel
852 2184 968 2297 ipfids
999 2184 1100 2266 cutis
1130 2179 1348 2295 dispendio.
1384 2182 1451 2266 Ad
1477 2211 1619 2267 eorum

177 2287 304 2400 igitur
330 2293 442 2374 usum
470 2325 576 2378 nunc
601 2298 727 2378 nostra
749 2294 830 2379 sese
857 2299 977 2379 vertit
999 2295 1178 2400 curatio,
1206 2293 1384 2377 notando
1407 2298 1517 2404 quod
1536 2323 1620 2379 non

176 2403 252 2482 nisr
274 2398 351 2504 jam
373 2433 584 2516 praeparato
606 2435 675 2520 per
690 2405 910 2519 prodiciam
933 2406 1169 2491 methodum
1186 2404 1400 2520 sanguine,
1420 2433 1467 2490 ea
1481 2408 1628 2492 admo-⁸

174 2513 312 2596 venda
339 2514 422 2596 srnt.

237 2623 469 2710 Duriffimas
489 2628 650 2738 quidem
671 2632 812 2714 crustas
833 2656 951 2740 atque
974 2628 1077 2745 pilos
1101 2633 1168 2738 qui
1186 2630 1289 2739 quali
1309 2628 1435 2713 fulcra
1461 2631 1622 2714 exeunti

173 2740 359 2822 materiei
391 2737 562 2852 prebent
587 2741 792 2826 forficibus
819 2743 1021 2849 avellere,
1052 2767 1171 2851 atque
1196 2744 1236 2824 in
1260 2739 1344 2858 ipsi
1368 2745 1521 2856 origine
1546 2743 1622 2828 res·

175 2847 366 2957 cindere‚
384 2853 436 2934 ita
453 2877 497 2936 ut
514 2853 629 2968 plaga
644 2858 750 3000 quast
765 2855 990 2964 universalis
1006 2857 1125 2969 capiti
1139 2853 1326 2938 inferatur
1334 2918 1350 2963 ‚
1369 2854 1622 2968 sanguinem-

175 2989 263 3071 que
284 2966 386 3048 cutis
409 2961 476 3049 illa
494 2967 758 3082 undequaque
777 2968 918 3076 stillet,
938 2967 1101 3052 suadent
1121 2995 1261 3052 omnes
1282 2997 1380 3051 mox
1401 2971 1510 3051 citati
1529 2995 1622 3052 auc—

172 3100 290 3160 tores
312 3107 330 3176 ;v
351 3105 427 3162 nec
457 3075 664 3184 ejulatibus
695 3109 909 3196 puerorum
938 3081 1216 3186 commoveri,
1242 3108 1308 3165 aut
1337 3082 1424 3196 ipsrs
1459 3101 1621 3195 parcere

153 3183 343 3296 jubent,
366 3191 555 3300 siquidem
576 3197 706 3278 crustae
727 3193 802 3277 illae
823 3197 1112 3278 munimentum
1133 3191 1314 3278 adversus
1336 3197 1470 3277 omnia
1494 3193 1621 3277 medi·
1683 3211 1686 3223 “

174 3327 365 3383 camenta
395 3303 596 3416 probent,
624 3337 708 3417 quae
742 3333 945 3420 penetrare
976 3305 1046 3392 illa
1078 3333 1315 3418 nequeunt;
1343 3305 1524 3418 adeoque
1551 3307 1621 3389 nist

171 3411 320 3496 avulsrs
344 3411 421 3500 illis
444 3416 552 3500 nulla
576 3419 762 3534 speranda
785 3419 1013 3506 medicatio.

234 3526 507 3612 Veruntamen
529 3529 732 3628 Turnerua
755 3533 815 3638 (b)
836 3527 1157 3648 applicari'jubet
1177 3527 1424 3643 emplastrum
1450 3529 1501 3616 de
1528 3533 1619 3644 pice

169 3635 292 3746 quod
307 3639 481 3724 hesterni
498 3642 562 3725 die
581 3644 819 3757 applicatum
841 3649 922 3753 quo
938 3645 1078 3726 fortius
1093 3644 1301 3747 inhaereat,
1322 3639 1466 3755 magni
1477 3645 1516 3726 vi
1534 3667 1616 3726 uno

171 3753 261 3832 iciu
292 3735 499 3859 avellitur,
527 3757 581 3837 ita
610 3784 656 3838 ut
689 3763 732 3839 ὅ(
758 3759 898 3862 crustas
928 3763 971 3839 dt
1001 3753 1283 3868 epidermidem
1315 3753 1428 3837 stmul
1454 3753 1617 3840 auferat.

172 3863 321 3971 Quam
341 3863 501 3974 quidem
524 3861 750 3952 itTurnero
773 3867 1091 3951 commendatam
1109 3869 1267 3980 praxim
1288 3865 1410 3950 hodie
1425 3865 1529 4060 apud
1543 3893 1618 3951 not

171 3977 383 4059 instituunt
407 3976 597 4090 religiosae
622 3980 798 4090 quadam
826 3978 1066 4065 mulierculae
1092 3979 1140 4090 ad
1166 4007 1261 4089 quaa
1285 3976 1370 4060 fere
1392 3977 1436 4060 so
1454 4007 1495 4061 as
1522 4003 1617 4064 cura

172 4087 296 4178 tinere
326 4087 538 4173 infeliciter
566 4091 754 4177 devoluta
786 4095 850 4178 est.
888 4093 1107 4179 Infeliciter
1141 4093 1300 4200 inquam
1314 4152 1328 4194 ,
1358 4096 1451 4174 ciam
1478 4114 1528 4174 ex
1554 4093 1617 4176 hit

174 4230 271 4308 quae
293 4199 392 4284 dieta
414 4202 501 4286 sunt
512 4265 527 4309 ‚
544 4203 631 4288 satis
649 4231 806 4320 pateat,
827 4235 910 4310 non
930 4201 1262 4293 contemnendam
1284 4198 1405 4286 latete
1426 4199 1496 4286 sub
1511 4202 1616 4288 tincd

172 4309 380 4396 malorum
398 4314 629 4428 prosapiam.
652 4321 785 4428 Atque
803 4319 830 4399 sr
852 4321 977 4402 statim
995 4316 1044 4400 ab
1066 4312 1140 4400 hle
1164 4315 1396 4428 operatione
1414 4341 1459 4399 ut
1483 4313 1615 4400 facere

171 4421 315 4508 solent
334 4423 433 4532 illae,
459 4427 537 4511 fine
560 4427 647 4512 ullo
661 4432 817 4513 interno
834 4425 1078 4513 adminiculo
1093 4425 1144 4510 ad
1158 4427 1615 4544 repercutientiaimpru·

173 4536 323 4620 denter
345 4538 607 4649 transeamus,
631 4567 819 4656 poterunt
841 4537 945 4626 mala
968 4539 1136 4657 plurima
1159 4535 1352 4654 pullulare
1375 4543 1417 4624 in
1439 4543 1613 4625 thoracis

215 4727 279 4804 (u)
302 4725 419 4788 Observ.
437 4737 464 4789 δι
482 4729 609 4815 inquiries
625 4732 682 4794 loc.
697 4735 747 4794 eir.

211 4815 233 4898 Ι(
245 4807 278 4881 b)
301 4807 352 4867 On
369 4809 528 4871 Curaneous
545 4811 675 4876 Disordes
692 4831 761 4895 part.
782 4833 813 4887 2,
832 4830 896 4896 cap.
916 4833 942 4877 r.

1265 4891 1426 5000 Ooofi
