4250 5898
673 431 1159 532 corruere
1562 455 1647 556 aa

558 639 1268 738 aarrtunusru

344 853 413 940 De
436 842 481 939 V
480 856 557 940 an's
563 918 578 964 ,
604 859 803 960 Veniatia,
832 859 1059 945 Tumoribus
1068 855 1201 972 ficosts
1226 857 1263 942 e
1288 850 1522 944 Senoniae

364 1033 1080 1155 ananonnuuus
1151 1063 1474 1155 amatus.

799 1245 1029 1358 DeVort's.
1111 1338 1117 1355 y,
1205 1279 1213 1296 ·
1364 1239 1367 1244 Δ

256 1433 353 1519 Vari
380 1439 487 1549 parvi
512 1435 601 1523 sunt
626 1435 777 1522 &duri
806 1461 981 1524 tumores
1011 1429 1298 1524 inssuniverfam
1326 1435 1486 1548 quidem
1514 1437 1638 1526 cutim

195 1551 346 1662 pariter
382 1549 613 1659 nascentes,
648 1545 715 1634 sed
751 1549 1000 1635 deformitate
1031 1553 1240 1669 prasertim·
1269 1547 1397 1636 vulnti
1432 1559 1473 1634 dt
1503 1551 1639 1638 format

200 1658 414 1744 mulierum
444 1663 581 1747 infenii
616 1669 693 1768 (o).
726 1663 1022 1776 AEgritudinem
1054 1669 1121 1750 vix
1153 1667 1393 1748 constituunt
1422 1661 1512 1768 illi,
1545 1669 1639 1748 clam

200 1763 321 1887 polin
340 1776 466 1858 homo
487 1784 580 1860 c'um
602 1779 649 1858 iis
672 1773 775 1859 reete
795 1773 949 1881 valere,
969 1784 1010 1860 dt
1032 1776 1253 1860 fundiiones
1276 1771 1463 1886 quassibet
1484 1777 1641 1860 fortiter

200 1913 403 1971 exercere.
442 1889 532 1970 Into
556 1886 655 1970 nulli
683 1886 771 1969 sunt
795 1887 877 1971 fere
908 1891 1009 1971 inter
1034 1892 1239 1994 homines,
1269 1886 1339 1971 sub
1367 1885 1494 1970 formd
1519 1883 1640 1974 etianl

199 1995 490 2122 pulcherrimi,
510 2003 577 2110 qui
599 2003 692 2084 hinc
716 1997 807 2084 inde
825 1999 892 2082 ins
911 1999 1018 2084 ersos
1033 2028 1172 2104 varos,
1197 1998 1263 2083 seu
1280 2029 1410 2084 naevos
1427 2003 1640 2113 reprehen-

200 2111 356 2196 dendos
382 2143 462 2196 non
491 2112 671 2197 habeant.
698 2110 788 2194 Imo
810 2029 924 2196 mulli
945 2111 1032 2196 sunt
1055 2113 1232 2195 auctores
1256 2115 1323 2224 qui
1352 2109 1443 2194 illos
1468 2141 1541 2226 pro
1571 2135 1640 2196 ro-

201 2223 312 2309 boris
331 2225 441 2340 ligno
465 2224 697 2333 habuerint,
715 2227 818 2309 inter
840 2253 941 2334 quos
962 2219 1223 2308 numerandus
1243 2225 1296 2306 est
1315 2225 1640 2336 ingeniosissimus

199 2330 390 2420 Medicus
426 2337 575 2420 Cafftus
606 2337 668 2440 (b)
702 2335 977 2450 iutroopdista,
1013 2337 1082 2445 qui
1114 2337 1251 2445 quaerit
1279 2337 1455 2419 curvari
1483 2337 1639 2444 inipso

199 2452 323 2532 aetatis
345 2449 444 2530 flore
464 2452 683 2562 vigoreque
703 2447 935 2554 nascantur,
988 2471 1149 2556 utatque
1168 2447 1209 2530 id
1228 2446 1320 2530 inde
1341 2445 1513 2560 pendere
1529 2447 1640 2558 quod

198 2557 416 2674 plurimum
436 2557 666 2643 alimentum
689 2557 866 2668 illudque
887 2477 989 2646 benl
1005 2561 1256 2642 'concoctum
1277 2559 1325 2642 ad
1347 2557 1505 2642 ultimas
1521 2559 1640 2645 hasce

197 2695 332 2790 partes
351 2673 550 2776 confluat,
572 2669 707 2782 ibique
733 2669 966 2786 coaguletur
988 2689 1104 2782 atque
1126 2669 1368 2754 concrescat.

204 2888 208 2896 μ
261 2785 392 2868 Graeci
409 2789 588 2870 audiores
605 2813 740 2869 varum
758 2790 824 2888 (c)
848 2783 945 2872 dano
965 2782 1032 2866 seu
1052 2781 1146 2868 i'oiu
1163 2787 1436 2889 nominarunt,
1453 2783 1640 2898 idemque

207 2921 275 2982 ‘er
299 2900 382 2980 haec
409 2895 489 2984 duo
514 2894 712 2984 vocabula
730 2893 816 2980 vult
836 2893 1006 3008 intelligi
1034 2895 1185 2979 Aetius.
1211 2895 1306 2980 Vati
1334 2923 1482 2981 nomen
1506 2921 1640 2983 torum

199 2929 370 3094 latinum
396 3012 472 3117 est,
494 3039 569 3095 nec
588 3011 638 3094 de
654 3011 754 3093 'varis
775 3006 857 3093 ulla
878 3011 1029 3092 mentio
1040 3005 1195 3092 videtur
1207 3004 1437 3116 injicienda„
1457 3011 1525 3091 nili
1545 3015 1640 3094 ciam

199 3118 446 3238 multiplices
467 3122 566 3208 sunt.
590 3123 701 3208 Hine
718 3121 780 3206 M.
796 3120 954 3206 Tullius
972 3121 1020 3206 de
1040 3121 1097 3232 Q.
1115 3118 1288 3204 Servilio
1304 3120 1479 3206 Isaurico
1495 3117 1640 3226 jocose

197 3237 325 3344 dicit:
351 3233 545 3319 Miramur
565 3266 635 3320 cur
652 3231 840 3319 Servilius
859 3261 968 3350 pater
982 3259 1094 3341 tuus,
1113 3235 1240 3316 homo
1258 3235 1579 3318 constantilsrmua
1598 3261 1639 3336 te

198 3345 322 3434 nobis
347 3374 428 3431 tam
447 3351 599 3432 varium
621 3346 833 3458 reliquerit.
1351 3437 1355 3444 ,
1608 3439 1616 3456 ,

196 3463 202 3472 ’
260 3454 355 3544 Vati
373 3457 439 3544 alii
458 3459 480 3544 d
499 3465 700 3546 nativitate
719 3465 843 3545 cutim
859 3457 1123 3562 dedecorant,
1146 3455 1211 3541 alii
1226 3459 1340 3540 variis
1355 3455 1395 3539 in
1409 3459 1496 3542 vitat
1511 3461 1641 3573 perio-

197 3563 266 3657 'dis
289 3565 563 3680 innascuntur,
583 3571 775 3688 precipue
795 3575 892 3656 vero
909 3569 1015 3668 circa
1031 3567 1276 3683 pubertatem
1297 3602 1305 3650 :
1332 3567 1397 3651 alii
1412 3569 1538 3682 figuti
1555 3601 1640 3654 rnu-

198 3711 356 3793 tantur,
372 3683 438 3769 alii
452 3691 571 3770 etiarn
587 3689 879 3800 extinguuntur.
896 3687 1080 3794 Quarum
1098 3685 1278 3766 omnium
1294 3679 1637 3790 observationum,
1677 3767 1686 3782 ,
1803 3679 1807 3690 ’

201 3795 339 3881 nullus
364 3800 415 3880 est
436 3795 543 3881 circa
568 3802 837 3914 phoenomena
861 3800 949 3879 vitae
970 3817 1137 3880 attentus
1165 3798 1233 3908 qui
1258 3824 1342 3877 non
1364 3794 1480 3908 poisat
1502 3803 1640 3878 exem·

202 3907 273 4026 pla
321 3909 484 3994 roferre.
1203 4003 1208 4010 ¹
1244 3929 1246 3934 '
1493 3963 1496 3973 ·
1626 3979 1629 3986 .

265 3941 441 4106 (lonnati
460 4017 586 4136 vulgi>
606 4021 655 4105 ad
676 4017 799 4134 usque
815 4023 904 4104 vitae
921 4024 1133 4105 terminum
1152 4019 1421 4136 perseverant,
1443 4019 1512 4100 nili
1530 4011 1641 4129 quod

205 4139 470 4248 corrugantur
481 4198 495 4244 ,
530 4143 572 4218 ὅ(
594 4133 817 4220 flacidiorea
845 4135 953 4218 fiant.
979 4135 1121 4218 Multis
1139 4133 1330 4242 variisque
1349 4129 1486 4214 formis
1508 4130 1641 4215 dillin-

204 4274 404 4362 guuntur:
420 4247 544 4362 vulgo
561 4250 734 4332 minores
747 4246 949 4330 rotunduli
964 4247 1068 4352 sunt,
1082 4243 1292 4354 aliquando
1306 4239 1641 4354 agglomerantur,

205 4364 436 4478 prominent
450 4357 661 4472 aliquandi)
672 4356 952 4472 pyramidales‚
972 4356 1184 4467 aliquando
1199 4357 1313 4439 ramis
1330 4357 1424 4437 hinc
1441 4351 1532 4438 inde
1549 4387 1642 4470 pro-

207 4471 458 4578 tenduntur,
492 4471 635 4586 quibus
662 4475 705 4555 in
733 4471 848 4571 variis
882 4471 1053 4583 figuris,
1081 4471 1205 4554 uarias
1237 4463 1464 4566 animalium
1494 4467 1641 4563 formae

212 4711 216 4724 .
251 4665 305 4735 lt)
325 4660 405 4726 Paul.
428 4659 522 4745 AEgin.
544 4663 591 4726 lla
608 4683 639 4744 3.
660 4681 720 4745 cap.
740 4659 930 4735 esconia&
946 4660 995 4724 llll
1017 4677 1136 4746 4,t·ap.
1159 4681 1211 4724 ar.
1227 4659 1348 4732 meta,
1367 4673 1429 4723 tert.
1447 4661 1640 4737 merulfi

209 4761 416 4899 l'filliam
432 4819 527 4915 raon.
547 4825 634 4904 prout.
655 4846 700 4903 33.

247 4911 300 4982 (t)
320 4903 746 4987 multabitflssrqhaenutt
767 4919 827 4969 eam
847 4901 989 4968 Gonnus.
1088 4958 1093 4972 .
1183 4979 1187 4986 ,

1307 4954 1456 5098 'Yuii
1546 4967 1549 4972 ’
