<?xml version="1.0" encoding="UTF-8"?>
<!DOCTYPE html PUBLIC "-//W3C//DTD XHTML 1.0 Transitional//EN"
    "http://www.w3.org/TR/xhtml1/DTD/xhtml1-transitional.dtd">
<html xmlns="http://www.w3.org/1999/xhtml" xml:lang="en" lang="en">
 <head>
  <title>
</title>
<meta http-equiv="Content-Type" content="text/html;charset=utf-8" />
  <meta name='ocr-system' content='tesseract 3.04.00' />
  <meta name='ocr-capabilities' content='ocr_page ocr_carea ocr_par ocr_line ocrx_word'/>
</head>
<body>
  <div class='ocr_page' id='page_1' title='image "./tractatusdemorb00cavegoog_0369.png"; bbox 0 0 4188 5916; ppageno 0'>
   <div class='ocr_carea' id='block_1_1' title="bbox 503 427 1492 543">
    <p class='ocr_par' dir='ltr' id='par_1_1' title="bbox 503 427 1492 543">
     <span class='ocr_line' id='line_1_1' title="bbox 503 427 1492 543; baseline -0.005 -21"><span class='ocrx_word' id='word_1_1' title='bbox 503 445 586 543; x_wconf 74' lang='lat'>34⁶</span> <span class='ocrx_word' id='word_1_2' title='bbox 953 427 1061 518; x_wconf 83' lang='lat' dir='ltr'>on</span> <span class='ocrx_word' id='word_1_3' title='bbox 1129 427 1492 522; x_wconf 78' lang='lat' dir='ltr'>nonnis</span> 
     </span>
    </p>
   </div>
   <div class='ocr_carea' id='block_1_2' title="bbox 412 585 1940 4318">
    <p class='ocr_par' dir='ltr' id='par_1_2' title="bbox 412 585 1940 1838">
     <span class='ocr_line' id='line_1_2' title="bbox 412 585 1940 711; baseline -0.007 -29"><span class='ocrx_word' id='word_1_4' title='bbox 412 655 416 664; x_wconf 87' lang='lat'><em>-</em></span> <span class='ocrx_word' id='word_1_5' title='bbox 507 594 692 682; x_wconf 91' lang='lat' dir='ltr'>omnibus</span> <span class='ocrx_word' id='word_1_6' title='bbox 719 594 880 711; x_wconf 86' lang='lat' dir='ltr'>possunt</span> <span class='ocrx_word' id='word_1_7' title='bbox 906 596 993 679; x_wconf 82' lang='lat' dir='ltr'>turb</span> <span class='ocrx_word' id='word_1_8' title='bbox 1022 585 1396 692; x_wconf 82' lang='lat' dir='ltr'>inflammationibus</span> <span class='ocrx_word' id='word_1_9' title='bbox 1419 589 1609 679; x_wconf 82' lang='lat' dir='ltr'>adhiberi.</span> <span class='ocrx_word' id='word_1_10' title='bbox 1640 587 1775 701; x_wconf 22' lang='lat' dir='ltr'>,Qubd</span> <span class='ocrx_word' id='word_1_11' title='bbox 1800 588 1827 671; x_wconf 90' lang='lat' dir='ltr'>si</span> <span class='ocrx_word' id='word_1_12' title='bbox 1854 589 1940 699; x_wconf 83' lang='lat' dir='ltr'>quis</span> 
     </span>
     <span class='ocr_line' id='line_1_3' title="bbox 414 701 1939 823; baseline -0.006 -29"><span class='ocrx_word' id='word_1_13' title='bbox 414 759 422 774; x_wconf 90' lang='lat'><strong>·</strong></span> <span class='ocrx_word' id='word_1_14' title='bbox 505 711 624 796; x_wconf 90' lang='lat' dir='ltr'>titulo</span> <span class='ocrx_word' id='word_1_15' title='bbox 645 709 796 816; x_wconf 87' lang='lat' dir='ltr'>morbi,</span> <span class='ocrx_word' id='word_1_16' title='bbox 823 705 910 812; x_wconf 65' lang='lat' dir='ltr'>ejus</span> <span class='ocrx_word' id='word_1_17' title='bbox 932 736 980 792; x_wconf 88' lang='lat' dir='ltr'>ue</span> <span class='ocrx_word' id='word_1_18' title='bbox 1004 711 1166 807; x_wconf 83' lang='lat' dir='ltr'>nomine</span> <span class='ocrx_word' id='word_1_19' title='bbox 1192 709 1402 823; x_wconf 87' lang='lat' dir='ltr'>deceptus,</span> <span class='ocrx_word' id='word_1_20' title='bbox 1424 710 1528 790; x_wconf 88' lang='lat' dir='ltr'>acria</span> <span class='ocrx_word' id='word_1_21' title='bbox 1552 701 1812 808; x_wconf 91' lang='lat' dir='ltr'>resolventia,</span> <span class='ocrx_word' id='word_1_22' title='bbox 1836 706 1939 786; x_wconf 89' lang='lat' dir='ltr'>toni-</span> 
     </span>
     <span class='ocr_line' id='line_1_4' title="bbox 497 739 1938 936; baseline -0.007 -28"><span class='ocrx_word' id='word_1_23' title='bbox 497 853 634 936; x_wconf 87' lang='lat' dir='ltr'>caque</span> <span class='ocrx_word' id='word_1_24' title='bbox 654 824 874 908; x_wconf 90' lang='lat' dir='ltr'>admoverit</span> <span class='ocrx_word' id='word_1_25' title='bbox 881 739 1023 926; x_wconf 75' lang='lat' dir='ltr'>,brevi</span> <span class='ocrx_word' id='word_1_26' title='bbox 1047 822 1086 905; x_wconf 92' lang='lat' dir='ltr'>se</span> <span class='ocrx_word' id='word_1_27' title='bbox 1104 826 1246 908; x_wconf 88' lang='lat' dir='ltr'>erroris</span> <span class='ocrx_word' id='word_1_28' title='bbox 1266 849 1377 905; x_wconf 89' lang='lat' dir='ltr'>reum</span> <span class='ocrx_word' id='word_1_29' title='bbox 1397 817 1604 924; x_wconf 87' lang='lat' dir='ltr'>fatebitur,</span> <span class='ocrx_word' id='word_1_30' title='bbox 1625 816 1852 901; x_wconf 87' lang='lat' dir='ltr'>admonitus</span> <span class='ocrx_word' id='word_1_31' title='bbox 1869 843 1938 929; x_wconf 92' lang='lat' dir='ltr'>pet</span> 
     </span>
     <span class='ocr_line' id='line_1_5' title="bbox 505 929 1937 1048; baseline -0.007 -28"><span class='ocrx_word' id='word_1_32' title='bbox 505 943 697 1021; x_wconf 85' lang='lat' dir='ltr'>immanes</span> <span class='ocrx_word' id='word_1_33' title='bbox 717 937 938 1048; x_wconf 79' lang='lat' dir='ltr'>agrotantis</span> <span class='ocrx_word' id='word_1_34' title='bbox 958 933 1141 1042; x_wconf 81' lang='lat' dir='ltr'>ejulatus,</span> <span class='ocrx_word' id='word_1_35' title='bbox 1163 962 1359 1018; x_wconf 89' lang='lat' dir='ltr'>tumorem</span> <span class='ocrx_word' id='word_1_36' title='bbox 1382 936 1520 1048; x_wconf 87' lang='lat' dir='ltr'>partis,</span> <span class='ocrx_word' id='word_1_37' title='bbox 1540 929 1809 1039; x_wconf 85' lang='lat' dir='ltr'>ruboremque</span> <span class='ocrx_word' id='word_1_38' title='bbox 1825 930 1937 1011; x_wconf 87' lang='lat' dir='ltr'>flam-</span> 
     </span>
     <span class='ocr_line' id='line_1_6' title="bbox 506 1041 1936 1158; baseline -0.005 -26"><span class='ocrx_word' id='word_1_39' title='bbox 506 1079 669 1152; x_wconf 90' lang='lat' dir='ltr'>meum,</span> <span class='ocrx_word' id='word_1_40' title='bbox 688 1053 759 1158; x_wconf 88' lang='lat' dir='ltr'>qui</span> <span class='ocrx_word' id='word_1_41' title='bbox 780 1077 861 1130; x_wconf 91' lang='lat' dir='ltr'>non</span> <span class='ocrx_word' id='word_1_42' title='bbox 877 1049 956 1129; x_wconf 90' lang='lat' dir='ltr'>sine</span> <span class='ocrx_word' id='word_1_43' title='bbox 976 1046 1106 1152; x_wconf 86' lang='lat' dir='ltr'>febre,</span> <span class='ocrx_word' id='word_1_44' title='bbox 1132 1075 1206 1131; x_wconf 91' lang='lat' dir='ltr'>nec</span> <span class='ocrx_word' id='word_1_45' title='bbox 1224 1048 1302 1132; x_wconf 87' lang='lat' dir='ltr'>sine</span> <span class='ocrx_word' id='word_1_46' title='bbox 1320 1047 1544 1131; x_wconf 87' lang='lat' dir='ltr'>discrimine</span> <span class='ocrx_word' id='word_1_47' title='bbox 1564 1044 1795 1129; x_wconf 87' lang='lat' dir='ltr'>diffunditur</span> <span class='ocrx_word' id='word_1_48' title='bbox 1810 1041 1936 1125; x_wconf 89' lang='lat' dir='ltr'>unde-</span> 
     </span>
     <span class='ocr_line' id='line_1_7' title="bbox 506 1157 1938 1274; baseline -0.005 -30"><span class='ocrx_word' id='word_1_49' title='bbox 506 1161 673 1272; x_wconf 67' lang='lat' dir='ltr'>quaque</span> <span class='ocrx_word' id='word_1_50' title='bbox 696 1160 809 1269; x_wconf 84' lang='lat' dir='ltr'>Quid</span> <span class='ocrx_word' id='word_1_51' title='bbox 831 1160 1004 1244; x_wconf 88' lang='lat' dir='ltr'>sutorum</span> <span class='ocrx_word' id='word_1_52' title='bbox 1024 1161 1218 1274; x_wconf 88' lang='lat' dir='ltr'>speramus</span> <span class='ocrx_word' id='word_1_53' title='bbox 1241 1163 1270 1242; x_wconf 92' lang='lat' dir='ltr'>si</span> <span class='ocrx_word' id='word_1_54' title='bbox 1292 1159 1564 1273; x_wconf 87' lang='lat' dir='ltr'>adstringentia</span> <span class='ocrx_word' id='word_1_55' title='bbox 1582 1157 1792 1242; x_wconf 81' lang='lat' dir='ltr'>temerarii&gt;</span> <span class='ocrx_word' id='word_1_56' title='bbox 1813 1183 1938 1270; x_wconf 88' lang='lat' dir='ltr'>appo-</span> 
     </span>
     <span class='ocr_line' id='line_1_8' title="bbox 505 1266 1937 1386; baseline -0.006 -27"><span class='ocrx_word' id='word_1_57' title='bbox 505 1301 645 1359; x_wconf 83' lang='lat' dir='ltr'>nantur</span> <span class='ocrx_word' id='word_1_58' title='bbox 665 1279 678 1354; x_wconf 77' lang='lat' dir='ltr'>l</span> <span class='ocrx_word' id='word_1_59' title='bbox 700 1273 794 1356; x_wconf 89' lang='lat' dir='ltr'>Vidi</span> <span class='ocrx_word' id='word_1_60' title='bbox 808 1271 892 1357; x_wconf 65' lang='lat' dir='ltr'>sols</span> <span class='ocrx_word' id='word_1_61' title='bbox 906 1271 1005 1385; x_wconf 70' lang='lat' dir='ltr'>aqui</span> <span class='ocrx_word' id='word_1_62' title='bbox 1019 1270 1367 1386; x_wconf 86' lang='lat' dir='ltr'>vegeto-minerali</span> <span class='ocrx_word' id='word_1_63' title='bbox 1385 1299 1515 1356; x_wconf 90' lang='lat' dir='ltr'>totum</span> <span class='ocrx_word' id='word_1_64' title='bbox 1533 1295 1686 1354; x_wconf 86' lang='lat' dir='ltr'>textum</span> <span class='ocrx_word' id='word_1_65' title='bbox 1706 1266 1937 1354; x_wconf 88' lang='lat' dir='ltr'>cellularem</span> 
     </span>
     <span class='ocr_line' id='line_1_9' title="bbox 416 1378 1936 1500; baseline -0.005 -30"><span class='ocrx_word' id='word_1_66' title='bbox 416 1479 419 1486; x_wconf 88' lang='lat'>.</span> <span class='ocrx_word' id='word_1_67' title='bbox 503 1390 547 1470; x_wconf 84' lang='lat' dir='ltr'>in</span> <span class='ocrx_word' id='word_1_68' title='bbox 564 1383 710 1470; x_wconf 64' lang='lat' dir='ltr'>vicinis</span> <span class='ocrx_word' id='word_1_69' title='bbox 730 1388 1040 1471; x_wconf 87' lang='lat' dir='ltr'>inflammatione</span> <span class='ocrx_word' id='word_1_70' title='bbox 1065 1389 1238 1500; x_wconf 91' lang='lat' dir='ltr'>corripi,</span> <span class='ocrx_word' id='word_1_71' title='bbox 1265 1383 1471 1470; x_wconf 91' lang='lat' dir='ltr'>doloribus</span> <span class='ocrx_word' id='word_1_72' title='bbox 1492 1381 1568 1489; x_wconf 79' lang='lat' dir='ltr'>jaim</span> <span class='ocrx_word' id='word_1_73' title='bbox 1596 1382 1711 1467; x_wconf 60' lang='lat' dir='ltr'>acutis</span> <span class='ocrx_word' id='word_1_74' title='bbox 1733 1378 1936 1465; x_wconf 81' lang='lat' dir='ltr'>lancinan-</span> 
     </span>
     <span class='ocr_line' id='line_1_10' title="bbox 504 1495 1935 1614; baseline -0.006 -30"><span class='ocrx_word' id='word_1_75' title='bbox 504 1498 610 1584; x_wconf 85' lang='lat' dir='ltr'>tibus</span> <span class='ocrx_word' id='word_1_76' title='bbox 632 1498 722 1583; x_wconf 88' lang='lat' dir='ltr'>addi</span> <span class='ocrx_word' id='word_1_77' title='bbox 742 1498 979 1614; x_wconf 86' lang='lat' dir='ltr'>pulsationes</span> <span class='ocrx_word' id='word_1_78' title='bbox 1002 1496 1151 1583; x_wconf 89' lang='lat' dir='ltr'>validas</span> <span class='ocrx_word' id='word_1_79' title='bbox 1170 1497 1392 1610; x_wconf 87' lang='lat' dir='ltr'>fortesque,</span> <span class='ocrx_word' id='word_1_80' title='bbox 1414 1497 1599 1608; x_wconf 85' lang='lat' dir='ltr'>nascique</span> <span class='ocrx_word' id='word_1_81' title='bbox 1611 1495 1685 1610; x_wconf 87' lang='lat' dir='ltr'>sup</span> <span class='ocrx_word' id='word_1_82' title='bbox 1712 1497 1935 1580; x_wconf 83' lang='lat' dir='ltr'>orationem</span> 
     </span>
     <span class='ocr_line' id='line_1_11' title="bbox 505 1605 1936 1722; baseline -0.003 -27"><span class='ocrx_word' id='word_1_83' title='bbox 505 1643 590 1722; x_wconf 87' lang='lat' dir='ltr'>quae</span> <span class='ocrx_word' id='word_1_84' title='bbox 611 1613 737 1697; x_wconf 91' lang='lat' dir='ltr'>crudo</span> <span class='ocrx_word' id='word_1_85' title='bbox 754 1611 861 1697; x_wconf 86' lang='lat' dir='ltr'>malo</span> <span class='ocrx_word' id='word_1_86' title='bbox 878 1614 1025 1704; x_wconf 86' lang='lat' dir='ltr'>nedum</span> <span class='ocrx_word' id='word_1_87' title='bbox 1038 1612 1260 1698; x_wconf 84' lang='lat' dir='ltr'>mederetur</span> <span class='ocrx_word' id='word_1_88' title='bbox 1270 1663 1284 1719; x_wconf 93' lang='lat'>,-</span> <span class='ocrx_word' id='word_1_89' title='bbox 1304 1614 1342 1696; x_wconf 89' lang='lat' dir='ltr'>ei</span> <span class='ocrx_word' id='word_1_90' title='bbox 1357 1607 1610 1696; x_wconf 70' lang='lat' dir='ltr'>contrivires</span> <span class='ocrx_word' id='word_1_91' title='bbox 1629 1607 1669 1693; x_wconf 92' lang='lat' dir='ltr'>su</span> <span class='ocrx_word' id='word_1_92' title='bbox 1718 1605 1850 1692; x_wconf 91' lang='lat' dir='ltr'>ciebat</span> <span class='ocrx_word' id='word_1_93' title='bbox 1859 1640 1874 1714; x_wconf 78' lang='lat'>3</span> <span class='ocrx_word' id='word_1_94' title='bbox 1895 1613 1936 1690; x_wconf 73' lang='grc' dir='ltr'>δι</span> 
     </span>
     <span class='ocr_line' id='line_1_12' title="bbox 502 1724 1740 1838; baseline 0 -28"><span class='ocrx_word' id='word_1_95' title='bbox 502 1724 718 1811; x_wconf 82' lang='lat' dir='ltr'>inducebat</span> <span class='ocrx_word' id='word_1_96' title='bbox 740 1754 1005 1838; x_wconf 83' lang='lat' dir='ltr'>augmentum.</span> <span class='ocrx_word' id='word_1_97' title='bbox 1738 1818 1740 1821; x_wconf 55' lang='grc'><strong>,</strong></span> 
     </span>
    </p>

    <p class='ocr_par' dir='ltr' id='par_1_3' title="bbox 423 1832 1938 3188">
     <span class='ocr_line' id='line_1_13' title="bbox 561 1832 1937 1952; baseline -0.004 -30"><span class='ocrx_word' id='word_1_98' title='bbox 561 1837 713 1924; x_wconf 84' lang='lat' dir='ltr'>Verirm</span> <span class='ocrx_word' id='word_1_99' title='bbox 728 1864 772 1921; x_wconf 92' lang='lat' dir='ltr'>ut</span> <span class='ocrx_word' id='word_1_100' title='bbox 789 1843 830 1920; x_wconf 93' lang='lat' dir='ltr'>iri</span> <span class='ocrx_word' id='word_1_101' title='bbox 847 1842 1008 1952; x_wconf 91' lang='lat' dir='ltr'>herpete</span> <span class='ocrx_word' id='word_1_102' title='bbox 1027 1837 1167 1922; x_wconf 89' lang='lat' dir='ltr'>miliari</span> <span class='ocrx_word' id='word_1_103' title='bbox 1186 1837 1295 1924; x_wconf 71' lang='lat' dir='ltr'>tarde</span> <span class='ocrx_word' id='word_1_104' title='bbox 1319 1836 1535 1921; x_wconf 78' lang='lat' dir='ltr'>admodbm</span> <span class='ocrx_word' id='word_1_105' title='bbox 1557 1864 1604 1920; x_wconf 89' lang='lat' dir='ltr'>ea</span> <span class='ocrx_word' id='word_1_106' title='bbox 1620 1837 1662 1918; x_wconf 90' lang='lat' dir='ltr'>in</span> <span class='ocrx_word' id='word_1_107' title='bbox 1684 1832 1797 1916; x_wconf 91' lang='lat' dir='ltr'>usum</span> <span class='ocrx_word' id='word_1_108' title='bbox 1820 1860 1937 1918; x_wconf 85' lang='lat' dir='ltr'>revo-</span> 
     </span>
     <span class='ocr_line' id='line_1_14' title="bbox 506 1949 1937 2067; baseline -0.002 -33"><span class='ocrx_word' id='word_1_109' title='bbox 506 1954 589 2034; x_wconf 82' lang='lat' dir='ltr'>cari</span> <span class='ocrx_word' id='word_1_110' title='bbox 612 1949 731 2035; x_wconf 89' lang='lat' dir='ltr'>debet</span> <span class='ocrx_word' id='word_1_111' title='bbox 754 1951 1041 2035; x_wconf 87' lang='lat' dir='ltr'>indicationum</span> <span class='ocrx_word' id='word_1_112' title='bbox 1067 1951 1181 2036; x_wconf 85' lang='lat' dir='ltr'>series</span> <span class='ocrx_word' id='word_1_113' title='bbox 1209 1980 1292 2061; x_wconf 84' lang='lat' dir='ltr'>quae</span> <span class='ocrx_word' id='word_1_114' title='bbox 1318 1954 1526 2067; x_wconf 86' lang='lat' dir='ltr'>herpeticae</span> <span class='ocrx_word' id='word_1_115' title='bbox 1550 1975 1705 2032; x_wconf 81' lang='lat' dir='ltr'>natura·</span> <span class='ocrx_word' id='word_1_116' title='bbox 1718 1949 1915 2061; x_wconf 88' lang='lat' dir='ltr'>competit</span> <span class='ocrx_word' id='word_1_117' title='bbox 1923 2009 1937 2054; x_wconf 92' lang='lat'>,</span> 
     </span>
     <span class='ocr_line' id='line_1_15' title="bbox 506 2061 1937 2178; baseline -0.003 -32"><span class='ocrx_word' id='word_1_118' title='bbox 506 2067 561 2146; x_wconf 88' lang='lat' dir='ltr'>ita</span> <span class='ocrx_word' id='word_1_119' title='bbox 582 2063 717 2147; x_wconf 87' lang='lat' dir='ltr'>sedato</span> <span class='ocrx_word' id='word_1_120' title='bbox 738 2063 949 2148; x_wconf 89' lang='lat' dir='ltr'>erethismo</span> <span class='ocrx_word' id='word_1_121' title='bbox 971 2063 1039 2148; x_wconf 89' lang='lat' dir='ltr'>illa</span> <span class='ocrx_word' id='word_1_122' title='bbox 1061 2069 1189 2146; x_wconf 78' lang='lat' dir='ltr'>rursirs</span> <span class='ocrx_word' id='word_1_123' title='bbox 1214 2093 1297 2147; x_wconf 93' lang='lat' dir='ltr'>non</span> <span class='ocrx_word' id='word_1_124' title='bbox 1320 2091 1371 2146; x_wconf 92' lang='lat' dir='ltr'>ne</span> <span class='ocrx_word' id='word_1_125' title='bbox 1399 2063 1569 2178; x_wconf 83' lang='lat' dir='ltr'>ligenda.</span> <span class='ocrx_word' id='word_1_126' title='bbox 1598 2063 1706 2146; x_wconf 89' lang='lat' dir='ltr'>Nam</span> <span class='ocrx_word' id='word_1_127' title='bbox 1730 2061 1801 2144; x_wconf 87' lang='lat' dir='ltr'>etsi</span> <span class='ocrx_word' id='word_1_128' title='bbox 1819 2061 1937 2145; x_wconf 83' lang='lat' dir='ltr'>veris-</span> 
     </span>
     <span class='ocr_line' id='line_1_16' title="bbox 503 2095 1937 2290; baseline 0 -32"><span class='ocrx_word' id='word_1_129' title='bbox 503 2177 645 2258; x_wconf 78' lang='lat' dir='ltr'>fimum</span> <span class='ocrx_word' id='word_1_130' title='bbox 678 2176 797 2259; x_wconf 84' lang='lat' dir='ltr'>sit&amp;</span> <span class='ocrx_word' id='word_1_131' title='bbox 829 2180 1018 2261; x_wconf 89' lang='lat' dir='ltr'>constanti</span> <span class='ocrx_word' id='word_1_132' title='bbox 1048 2175 1326 2260; x_wconf 81' lang='lat' dir='ltr'>‘observatione</span> <span class='ocrx_word' id='word_1_133' title='bbox 1361 2095 1647 2290; x_wconf 68' lang='lat' dir='ltr'>deprehensum</span> <span class='ocrx_word' id='word_1_134' title='bbox 1678 2171 1937 2258; x_wconf 74' lang='lat' dir='ltr'>violentiores</span> 
     </span>
     <span class='ocr_line' id='line_1_17' title="bbox 504 2285 1937 2373; baseline 0.003 -5"><span class='ocrx_word' id='word_1_135' title='bbox 504 2313 648 2370; x_wconf 85' lang='lat' dir='ltr'>naturae</span> <span class='ocrx_word' id='word_1_136' title='bbox 661 2285 873 2372; x_wconf 88' lang='lat' dir='ltr'>laborantis</span> <span class='ocrx_word' id='word_1_137' title='bbox 886 2315 1051 2373; x_wconf 90' lang='lat' dir='ltr'>conatus</span> <span class='ocrx_word' id='word_1_138' title='bbox 1063 2291 1113 2372; x_wconf 84' lang='lat' dir='ltr'>eb</span> <span class='ocrx_word' id='word_1_139' title='bbox 1127 2289 1174 2373; x_wconf 87' lang='lat' dir='ltr'>ad</span> <span class='ocrx_word' id='word_1_140' title='bbox 1188 2288 1459 2373; x_wconf 88' lang='lat' dir='ltr'>destruendum</span> <span class='ocrx_word' id='word_1_141' title='bbox 1471 2291 1680 2372; x_wconf 89' lang='lat' dir='ltr'>humorem</span> <span class='ocrx_word' id='word_1_142' title='bbox 1690 2285 1937 2372; x_wconf 83' lang='lat' dir='ltr'>efficaciores</span> 
     </span>
     <span class='ocr_line' id='line_1_18' title="bbox 505 2399 1935 2510; baseline 0.001 -30"><span class='ocrx_word' id='word_1_143' title='bbox 505 2399 616 2505; x_wconf 86' lang='lat' dir='ltr'>sore,</span> <span class='ocrx_word' id='word_1_144' title='bbox 646 2403 727 2510; x_wconf 80' lang='lat' dir='ltr'>quo</span> <span class='ocrx_word' id='word_1_145' title='bbox 750 2401 922 2485; x_wconf 78' lang='lat' dir='ltr'>ferociss</span> <span class='ocrx_word' id='word_1_146' title='bbox 949 2406 988 2484; x_wconf 91' lang='lat' dir='ltr'>iii</span> <span class='ocrx_word' id='word_1_147' title='bbox 1015 2429 1148 2486; x_wconf 90' lang='lat' dir='ltr'>cutem</span> <span class='ocrx_word' id='word_1_148' title='bbox 1170 2401 1383 2487; x_wconf 84' lang='lat' dir='ltr'>desaevierit</span> <span class='ocrx_word' id='word_1_149' title='bbox 1402 2400 1543 2485; x_wconf 51' lang='lat' dir='ltr'>morbi*</span> <span class='ocrx_word' id='word_1_150' title='bbox 1558 2401 1695 2504; x_wconf 89' lang='lat' dir='ltr'>furor,</span> <span class='ocrx_word' id='word_1_151' title='bbox 1722 2400 1935 2510; x_wconf 84' lang='lat' dir='ltr'>omniaque</span> 
     </span>
     <span class='ocr_line' id='line_1_19' title="bbox 505 2511 1937 2630; baseline 0.001 -37"><span class='ocrx_word' id='word_1_152' title='bbox 505 2511 662 2594; x_wconf 69' lang='lat' dir='ltr'>astuosa</span> <span class='ocrx_word' id='word_1_153' title='bbox 686 2515 728 2596; x_wconf 93' lang='lat' dir='ltr'>iii</span> <span class='ocrx_word' id='word_1_154' title='bbox 755 2538 865 2597; x_wconf 91' lang='lat' dir='ltr'>tanto</span> <span class='ocrx_word' id='word_1_155' title='bbox 890 2512 1032 2599; x_wconf 90' lang='lat' dir='ltr'>dolore</span> <span class='ocrx_word' id='word_1_156' title='bbox 1059 2518 1217 2630; x_wconf 89' lang='lat' dir='ltr'>reperiri</span> <span class='ocrx_word' id='word_1_157' title='bbox 1243 2523 1285 2599; x_wconf 85' lang='lat'>&amp;</span> <span class='ocrx_word' id='word_1_158' title='bbox 1313 2515 1362 2599; x_wconf 90' lang='lat' dir='ltr'>ad</span> <span class='ocrx_word' id='word_1_159' title='bbox 1387 2511 1550 2599; x_wconf 89' lang='lat' dir='ltr'>salutem</span> <span class='ocrx_word' id='word_1_160' title='bbox 1574 2512 1799 2624; x_wconf 91' lang='lat' dir='ltr'>conspirare</span> <span class='ocrx_word' id='word_1_161' title='bbox 1819 2543 1832 2612; x_wconf 80' lang='lat'>3</span> <span class='ocrx_word' id='word_1_162' title='bbox 1855 2539 1937 2594; x_wconf 91' lang='lat' dir='ltr'>nori</span> 
     </span>
     <span class='ocr_line' id='line_1_20' title="bbox 506 2621 1937 2742; baseline 0.001 -36"><span class='ocrx_word' id='word_1_163' title='bbox 506 2627 634 2708; x_wconf 79' lang='lat' dir='ltr'>minirs</span> <span class='ocrx_word' id='word_1_164' title='bbox 651 2651 783 2708; x_wconf 90' lang='lat' dir='ltr'>tamen</span> <span class='ocrx_word' id='word_1_165' title='bbox 804 2625 1107 2711; x_wconf 88' lang='lat' dir='ltr'>demonstratum</span> <span class='ocrx_word' id='word_1_166' title='bbox 1132 2630 1185 2712; x_wconf 92' lang='lat' dir='ltr'>est</span> <span class='ocrx_word' id='word_1_167' title='bbox 1200 2625 1391 2742; x_wconf 84' lang='lat' dir='ltr'>superesse</span> <span class='ocrx_word' id='word_1_168' title='bbox 1414 2627 1593 2712; x_wconf 83' lang='lat' dir='ltr'>nondiim</span> <span class='ocrx_word' id='word_1_169' title='bbox 1612 2625 1700 2709; x_wconf 91' lang='lat' dir='ltr'>satis</span> <span class='ocrx_word' id='word_1_170' title='bbox 1722 2621 1937 2710; x_wconf 85' lang='lat' dir='ltr'>debellatas</span> 
     </span>
     <span class='ocr_line' id='line_1_21' title="bbox 505 2733 1937 2854; baseline 0.001 -36"><span class='ocrx_word' id='word_1_171' title='bbox 505 2733 688 2848; x_wconf 82' lang='lat' dir='ltr'>reliquias</span> <span class='ocrx_word' id='word_1_172' title='bbox 715 2736 764 2820; x_wconf 92' lang='lat' dir='ltr'>ad</span> <span class='ocrx_word' id='word_1_173' title='bbox 791 2767 955 2848; x_wconf 90' lang='lat' dir='ltr'>quarum</span> <span class='ocrx_word' id='word_1_174' title='bbox 984 2742 1303 2854; x_wconf 85' lang='lat' dir='ltr'>profligationem</span> <span class='ocrx_word' id='word_1_175' title='bbox 1331 2767 1453 2825; x_wconf 90' lang='lat' dir='ltr'>artem</span> <span class='ocrx_word' id='word_1_176' title='bbox 1483 2743 1671 2824; x_wconf 88' lang='lat' dir='ltr'>invocare</span> <span class='ocrx_word' id='word_1_177' title='bbox 1696 2737 1850 2821; x_wconf 89' lang='lat' dir='ltr'>necesse</span> <span class='ocrx_word' id='word_1_178' title='bbox 1879 2739 1937 2820; x_wconf 83' lang='lat' dir='ltr'>fit.</span> 
     </span>
     <span class='ocr_line' id='line_1_22' title="bbox 504 2845 1936 2966; baseline 0.001 -36"><span class='ocrx_word' id='word_1_179' title='bbox 504 2847 581 2932; x_wconf 91' lang='lat' dir='ltr'>Illa</span> <span class='ocrx_word' id='word_1_180' title='bbox 593 2877 641 2933; x_wconf 86' lang='lat' dir='ltr'>ex</span> <span class='ocrx_word' id='word_1_181' title='bbox 654 2851 849 2933; x_wconf 89' lang='lat' dir='ltr'>recensitis</span> <span class='ocrx_word' id='word_1_182' title='bbox 863 2853 1083 2965; x_wconf 88' lang='lat' dir='ltr'>pharmacis</span> <span class='ocrx_word' id='word_1_183' title='bbox 1092 2855 1198 2936; x_wconf 87' lang='lat' dir='ltr'>varia</span> <span class='ocrx_word' id='word_1_184' title='bbox 1207 2849 1321 2935; x_wconf 89' lang='lat' dir='ltr'>nobis</span> <span class='ocrx_word' id='word_1_185' title='bbox 1336 2851 1505 2966; x_wconf 86' lang='lat' dir='ltr'>praesidia</span> <span class='ocrx_word' id='word_1_186' title='bbox 1517 2845 1774 2966; x_wconf 88' lang='lat' dir='ltr'>suppeditabit</span> <span class='ocrx_word' id='word_1_187' title='bbox 1778 2849 1936 2956; x_wconf 80' lang='lat' dir='ltr'>,modo</span> 
     </span>
     <span class='ocr_line' id='line_1_23' title="bbox 506 2964 1938 3080; baseline 0.002 -37"><span class='ocrx_word' id='word_1_188' title='bbox 506 2987 638 3044; x_wconf 87' lang='lat' dir='ltr'>tamen</span> <span class='ocrx_word' id='word_1_189' title='bbox 665 2989 862 3049; x_wconf 87' lang='lat' dir='ltr'>memores</span> <span class='ocrx_word' id='word_1_190' title='bbox 889 2967 1004 3050; x_wconf 83' lang='lat' dir='ltr'>fimus</span> <span class='ocrx_word' id='word_1_191' title='bbox 1027 2967 1186 3080; x_wconf 79' lang='lat' dir='ltr'>pristina</span> <span class='ocrx_word' id='word_1_192' title='bbox 1214 2965 1441 3070; x_wconf 80' lang='lat' dir='ltr'>invasionis,</span> <span class='ocrx_word' id='word_1_193' title='bbox 1469 2969 1740 3048; x_wconf 84' lang='lat' dir='ltr'>&amp;timeamus</span> <span class='ocrx_word' id='word_1_194' title='bbox 1766 2964 1938 3046; x_wconf 87' lang='lat' dir='ltr'>nerevi·</span> 
     </span>
     <span class='ocr_line' id='line_1_24' title="bbox 423 3072 1935 3188; baseline 0 -30"><span class='ocrx_word' id='word_1_195' title='bbox 423 3167 431 3178; x_wconf 45' lang='grc'><em>,</em></span> <span class='ocrx_word' id='word_1_196' title='bbox 504 3072 628 3158; x_wconf 91' lang='lat' dir='ltr'>viscat</span> <span class='ocrx_word' id='word_1_197' title='bbox 646 3098 757 3156; x_wconf 90' lang='lat' dir='ltr'>tanto</span> <span class='ocrx_word' id='word_1_198' title='bbox 778 3103 825 3188; x_wconf 89' lang='lat' dir='ltr'>ap</span> <span class='ocrx_word' id='word_1_199' title='bbox 853 3079 977 3160; x_wconf 75' lang='lat' dir='ltr'>aratris</span> <span class='ocrx_word' id='word_1_200' title='bbox 999 3077 1207 3161; x_wconf 90' lang='lat' dir='ltr'>molimine</span> <span class='ocrx_word' id='word_1_201' title='bbox 1227 3075 1402 3160; x_wconf 87' lang='lat' dir='ltr'>deletum</span> <span class='ocrx_word' id='word_1_202' title='bbox 1423 3077 1664 3162; x_wconf 86' lang='lat' dir='ltr'>incendium.</span> <span class='ocrx_word' id='word_1_203' title='bbox 1691 3073 1809 3158; x_wconf 79' lang='lat' dir='ltr'>Unde</span> <span class='ocrx_word' id='word_1_204' title='bbox 1833 3073 1935 3159; x_wconf 88' lang='lat' dir='ltr'>sem·</span> 
     </span>
    </p>

    <p class='ocr_par' dir='ltr' id='par_1_4' title="bbox 479 3105 1918 3307">
     <span class='ocr_line' id='line_1_25' title="bbox 479 3105 1918 3307; baseline 0.001 -39"><span class='ocrx_word' id='word_1_205' title='bbox 479 3286 494 3307; x_wconf 43' lang='lat'>,</span> <span class='ocrx_word' id='word_1_206' title='bbox 505 3212 575 3300; x_wconf 87' lang='lat' dir='ltr'>per</span> <span class='ocrx_word' id='word_1_207' title='bbox 593 3185 707 3268; x_wconf 76' lang='lat' dir='ltr'>caute</span> <span class='ocrx_word' id='word_1_208' title='bbox 726 3105 991 3272; x_wconf 82' lang='lat' dir='ltr'>incedendum</span> <span class='ocrx_word' id='word_1_209' title='bbox 1011 3219 1080 3306; x_wconf 90' lang='lat' dir='ltr'>per</span> <span class='ocrx_word' id='word_1_210' title='bbox 1099 3194 1208 3302; x_wconf 85' lang='lat' dir='ltr'>ignes</span> <span class='ocrx_word' id='word_1_211' title='bbox 1228 3192 1350 3274; x_wconf 90' lang='lat' dir='ltr'>cineri</span> <span class='ocrx_word' id='word_1_212' title='bbox 1366 3187 1510 3273; x_wconf 94' lang='lat' dir='ltr'>doloso</span> <span class='ocrx_word' id='word_1_213' title='bbox 1527 3188 1761 3304; x_wconf 85' lang='lat' dir='ltr'>suppositos.</span> <span class='ocrx_word' id='word_1_214' title='bbox 1807 3265 1812 3284; x_wconf 81' lang='grc'><em>,</em></span> <span class='ocrx_word' id='word_1_215' title='bbox 1914 3224 1918 3230; x_wconf 94' lang='grc'><em>·</em></span> 
     </span>
    </p>

    <p class='ocr_par' dir='ltr' id='par_1_5' title="bbox 506 3296 1937 3668">
     <span class='ocr_line' id='line_1_26' title="bbox 565 3296 1935 3417; baseline 0.004 -37"><span class='ocrx_word' id='word_1_216' title='bbox 565 3296 680 3406; x_wconf 84' lang='lat' dir='ltr'>Quid</span> <span class='ocrx_word' id='word_1_217' title='bbox 701 3297 888 3396; x_wconf 71' lang='lat' dir='ltr'>terionem</span> <span class='ocrx_word' id='word_1_218' title='bbox 915 3327 1032 3413; x_wconf 88' lang='lat' dir='ltr'>atque</span> <span class='ocrx_word' id='word_1_219' title='bbox 1058 3302 1299 3417; x_wconf 88' lang='lat' dir='ltr'>proserpenti</span> <span class='ocrx_word' id='word_1_220' title='bbox 1334 3305 1487 3416; x_wconf 87' lang='lat' dir='ltr'>herpeti</span> <span class='ocrx_word' id='word_1_221' title='bbox 1518 3300 1710 3417; x_wconf 85' lang='lat' dir='ltr'>singulare</span> <span class='ocrx_word' id='word_1_222' title='bbox 1741 3301 1789 3384; x_wconf 91' lang='lat' dir='ltr'>sit</span> <span class='ocrx_word' id='word_1_223' title='bbox 1820 3325 1935 3410; x_wconf 87' lang='lat' dir='ltr'>atque</span> 
     </span>
     <span class='ocr_line' id='line_1_27' title="bbox 506 3409 1937 3526; baseline 0.003 -34"><span class='ocrx_word' id='word_1_224' title='bbox 506 3413 709 3526; x_wconf 90' lang='lat' dir='ltr'>proprium</span> <span class='ocrx_word' id='word_1_225' title='bbox 729 3410 809 3526; x_wconf 88' lang='lat' dir='ltr'>ipsa</span> <span class='ocrx_word' id='word_1_226' title='bbox 828 3409 908 3518; x_wconf 84' lang='lat' dir='ltr'>ejus</span> <span class='ocrx_word' id='word_1_227' title='bbox 924 3442 1058 3500; x_wconf 89' lang='lat' dir='ltr'>natura</span> <span class='ocrx_word' id='word_1_228' title='bbox 1079 3415 1238 3498; x_wconf 89' lang='lat' dir='ltr'>indicat.</span> <span class='ocrx_word' id='word_1_229' title='bbox 1263 3413 1423 3499; x_wconf 90' lang='lat' dir='ltr'>Etenim</span> <span class='ocrx_word' id='word_1_230' title='bbox 1444 3414 1511 3525; x_wconf 89' lang='lat' dir='ltr'>qui</span> <span class='ocrx_word' id='word_1_231' title='bbox 1530 3417 1575 3499; x_wconf 89' lang='lat' dir='ltr'>fit</span> <span class='ocrx_word' id='word_1_232' title='bbox 1596 3441 1641 3498; x_wconf 94' lang='lat' dir='ltr'>ut</span> <span class='ocrx_word' id='word_1_233' title='bbox 1659 3412 1840 3498; x_wconf 80' lang='lat' dir='ltr'>nondirm</span> <span class='ocrx_word' id='word_1_234' title='bbox 1861 3415 1937 3496; x_wconf 86' lang='lat' dir='ltr'>fixa</span> 
     </span>
     <span class='ocr_line' id='line_1_28' title="bbox 507 3522 1937 3668; baseline 0.002 -62"><span class='ocrx_word' id='word_1_235' title='bbox 507 3527 686 3609; x_wconf 89' lang='lat' dir='ltr'>materies</span> <span class='ocrx_word' id='word_1_236' title='bbox 699 3528 740 3607; x_wconf 94' lang='lat' dir='ltr'>in</span> <span class='ocrx_word' id='word_1_237' title='bbox 751 3523 874 3633; x_wconf 90' lang='lat' dir='ltr'>hanc,</span> <span class='ocrx_word' id='word_1_238' title='bbox 897 3553 963 3611; x_wconf 89' lang='lat' dir='ltr'>aut</span> <span class='ocrx_word' id='word_1_239' title='bbox 975 3527 1083 3611; x_wconf 88' lang='lat' dir='ltr'>illam</span> <span class='ocrx_word' id='word_1_240' title='bbox 1094 3554 1245 3668; x_wconf 89' lang='lat' dir='ltr'>partem</span> <span class='ocrx_word' id='word_1_241' title='bbox 1263 3530 1367 3637; x_wconf 89' lang='lat' dir='ltr'>quasi</span> <span class='ocrx_word' id='word_1_242' title='bbox 1384 3531 1512 3612; x_wconf 88' lang='lat' dir='ltr'>tacitis</span> <span class='ocrx_word' id='word_1_243' title='bbox 1530 3522 1793 3643; x_wconf 81' lang='lat' dir='ltr'>progressibus</span> <span class='ocrx_word' id='word_1_244' title='bbox 1813 3524 1937 3639; x_wconf 87' lang='lat' dir='ltr'>serpat</span> 
     </span>
    </p>

    <p class='ocr_par' dir='ltr' id='par_1_6' title="bbox 415 3635 1940 4318">
     <span class='ocr_line' id='line_1_29' title="bbox 415 3635 1937 3756; baseline 0.004 -40"><span class='ocrx_word' id='word_1_245' title='bbox 415 3705 420 3716; x_wconf 91' lang='lat'>.</span> <span class='ocrx_word' id='word_1_246' title='bbox 507 3644 551 3721; x_wconf 75' lang='grc' dir='ltr'>ὃ(</span> <span class='ocrx_word' id='word_1_247' title='bbox 576 3635 778 3750; x_wconf 82' lang='lat' dir='ltr'>obrepat?</span> <span class='ocrx_word' id='word_1_248' title='bbox 810 3639 978 3723; x_wconf 85' lang='lat' dir='ltr'>Vehitnr</span> <span class='ocrx_word' id='word_1_249' title='bbox 1005 3665 1112 3726; x_wconf 90' lang='lat' dir='ltr'>certe</span> <span class='ocrx_word' id='word_1_250' title='bbox 1141 3669 1211 3756; x_wconf 90' lang='lat' dir='ltr'>per</span> <span class='ocrx_word' id='word_1_251' title='bbox 1238 3639 1429 3724; x_wconf 68' lang='lat' dir='ltr'>anstasius</span> <span class='ocrx_word' id='word_1_252' title='bbox 1458 3640 1626 3756; x_wconf 80' lang='lat' dir='ltr'>lympha</span> <span class='ocrx_word' id='word_1_253' title='bbox 1654 3639 1808 3723; x_wconf 87' lang='lat' dir='ltr'>dicatos</span> <span class='ocrx_word' id='word_1_254' title='bbox 1833 3642 1937 3723; x_wconf 87' lang='lat' dir='ltr'>vims</span> 
     </span>
     <span class='ocr_line' id='line_1_30' title="bbox 505 3750 1935 3866; baseline 0 -34"><span class='ocrx_word' id='word_1_255' title='bbox 505 3750 786 3865; x_wconf 86' lang='lat' dir='ltr'>deponendum</span> <span class='ocrx_word' id='word_1_256' title='bbox 805 3775 855 3834; x_wconf 86' lang='lat' dir='ltr'>ex</span> <span class='ocrx_word' id='word_1_257' title='bbox 874 3751 955 3866; x_wconf 79' lang='lat' dir='ltr'>ipsal</span> <span class='ocrx_word' id='word_1_258' title='bbox 976 3752 1041 3837; x_wconf 63' lang='lat' dir='ltr'>sus</span> <span class='ocrx_word' id='word_1_259' title='bbox 1058 3751 1362 3838; x_wconf 69' lang='lat' dir='ltr'>natursimobile</span> <span class='ocrx_word' id='word_1_260' title='bbox 1383 3754 1537 3860; x_wconf 82' lang='lat' dir='ltr'>adhiic,</span> <span class='ocrx_word' id='word_1_261' title='bbox 1555 3754 1738 3838; x_wconf 85' lang='lat' dir='ltr'>&amp;fluxui</span> <span class='ocrx_word' id='word_1_262' title='bbox 1756 3753 1935 3834; x_wconf 92' lang='lat' dir='ltr'>omnium</span> 
     </span>
     <span class='ocr_line' id='line_1_31' title="bbox 499 3861 1937 3981; baseline 0.001 -35"><span class='ocrx_word' id='word_1_263' title='bbox 499 3891 575 3976; x_wconf 88' lang='lat' dir='ltr'>per</span> <span class='ocrx_word' id='word_1_264' title='bbox 597 3862 745 3977; x_wconf 86' lang='lat' dir='ltr'>singula</span> <span class='ocrx_word' id='word_1_265' title='bbox 768 3863 856 3946; x_wconf 88' lang='lat' dir='ltr'>vasa</span> <span class='ocrx_word' id='word_1_266' title='bbox 881 3866 1096 3949; x_wconf 91' lang='lat' dir='ltr'>humorum</span> <span class='ocrx_word' id='word_1_267' title='bbox 1122 3865 1406 3950; x_wconf 89' lang='lat' dir='ltr'>obsecundans.</span> <span class='ocrx_word' id='word_1_268' title='bbox 1441 3866 1557 3951; x_wconf 70' lang='lat' dir='ltr'>Unde</span> <span class='ocrx_word' id='word_1_269' title='bbox 1585 3867 1612 3949; x_wconf 90' lang='lat' dir='ltr'>si</span> <span class='ocrx_word' id='word_1_270' title='bbox 1638 3861 1863 3981; x_wconf 90' lang='lat' dir='ltr'>periculum</span> <span class='ocrx_word' id='word_1_271' title='bbox 1884 3863 1937 3948; x_wconf 82' lang='lat' dir='ltr'>est</span> 
     </span>
     <span class='ocr_line' id='line_1_32' title="bbox 507 3975 1937 4094; baseline 0.003 -38"><span class='ocrx_word' id='word_1_272' title='bbox 507 4003 631 4059; x_wconf 90' lang='lat' dir='ltr'>neos</span> <span class='ocrx_word' id='word_1_273' title='bbox 662 3975 856 4066; x_wconf 86' lang='lat' dir='ltr'>oculosve¹</span> <span class='ocrx_word' id='word_1_274' title='bbox 881 3976 1018 4091; x_wconf 64' lang='lat' dir='ltr'>spurcs.</span> <span class='ocrx_word' id='word_1_275' title='bbox 1045 3977 1259 4063; x_wconf 89' lang='lat' dir='ltr'>lambendo</span> <span class='ocrx_word' id='word_1_276' title='bbox 1290 3983 1454 4094; x_wconf 90' lang='lat' dir='ltr'>impetat</span> <span class='ocrx_word' id='word_1_277' title='bbox 1468 4041 1481 4086; x_wconf 97' lang='lat'>,</span> <span class='ocrx_word' id='word_1_278' title='bbox 1510 3989 1552 4064; x_wconf 76' lang='lat' dir='ltr'>dt</span> <span class='ocrx_word' id='word_1_279' title='bbox 1580 3983 1627 4063; x_wconf 78' lang='lat' dir='ltr'>‘iri</span> <span class='ocrx_word' id='word_1_280' title='bbox 1658 3981 1706 4062; x_wconf 89' lang='lat' dir='ltr'>iis</span> <span class='ocrx_word' id='word_1_281' title='bbox 1737 4006 1823 4058; x_wconf 91' lang='lat' dir='ltr'>non</span> <span class='ocrx_word' id='word_1_282' title='bbox 1847 4007 1937 4062; x_wconf 91' lang='lat' dir='ltr'>cru·-</span> 
     </span>
     <span class='ocr_line' id='line_1_33' title="bbox 508 4088 1938 4195; baseline 0.004 -27"><span class='ocrx_word' id='word_1_283' title='bbox 508 4091 611 4170; x_wconf 88' lang='lat' dir='ltr'>ciatu</span> <span class='ocrx_word' id='word_1_284' title='bbox 635 4097 813 4195; x_wconf 76' lang='lat' dir='ltr'>tantiam,</span> <span class='ocrx_word' id='word_1_285' title='bbox 835 4088 902 4173; x_wconf 91' lang='lat' dir='ltr'>sed</span> <span class='ocrx_word' id='word_1_286' title='bbox 926 4089 1105 4174; x_wconf 89' lang='lat' dir='ltr'>foeditate</span> <span class='ocrx_word' id='word_1_287' title='bbox 1130 4091 1152 4172; x_wconf 96' lang='lat' dir='ltr'>s</span> <span class='ocrx_word' id='word_1_288' title='bbox 1172 4091 1339 4176; x_wconf 72' lang='lat' dir='ltr'>esiaculi</span> <span class='ocrx_word' id='word_1_289' title='bbox 1365 4094 1607 4178; x_wconf 88' lang='lat' dir='ltr'>horrendum</span> <span class='ocrx_word' id='word_1_290' title='bbox 1632 4091 1796 4176; x_wconf 90' lang='lat' dir='ltr'>insideat</span> <span class='ocrx_word' id='word_1_291' title='bbox 1813 4121 1826 4190; x_wconf 90' lang='lat'>;</span> <span class='ocrx_word' id='word_1_292' title='bbox 1841 4115 1938 4174; x_wconf 90' lang='lat' dir='ltr'>tuno</span> 
     </span>
     <span class='ocr_line' id='line_1_34' title="bbox 509 4123 1940 4318; baseline 0.004 -38"><span class='ocrx_word' id='word_1_293' title='bbox 509 4197 616 4282; x_wconf 73' lang='lat' dir='ltr'>certe</span> <span class='ocrx_word' id='word_1_294' title='bbox 638 4203 678 4280; x_wconf 94' lang='lat' dir='ltr'>in</span> <span class='ocrx_word' id='word_1_295' title='bbox 699 4202 951 4317; x_wconf 80' lang='lat' dir='ltr'>praeparandis</span> <span class='ocrx_word' id='word_1_296' title='bbox 979 4123 1240 4318; x_wconf 75' lang='lat' dir='ltr'>corporibus,</span> <span class='ocrx_word' id='word_1_297' title='bbox 1270 4207 1310 4286; x_wconf 90' lang='lat' dir='ltr'>in</span> <span class='ocrx_word' id='word_1_298' title='bbox 1334 4203 1576 4290; x_wconf 68' lang='lat' dir='ltr'>mitificands</span> <span class='ocrx_word' id='word_1_299' title='bbox 1603 4208 1820 4288; x_wconf 90' lang='lat' dir='ltr'>humorum</span> <span class='ocrx_word' id='word_1_300' title='bbox 1848 4231 1940 4288; x_wconf 91' lang='lat' dir='ltr'>cru·</span> 
     </span>
    </p>
   </div>
   <div class='ocr_carea' id='block_1_3' title="bbox 508 4310 1953 5000">
    <p class='ocr_par' dir='ltr' id='par_1_7' title="bbox 508 4310 1953 5000">
     <span class='ocr_line' id='line_1_35' title="bbox 509 4310 1941 4431; baseline 0.006 -41"><span class='ocrx_word' id='word_1_301' title='bbox 509 4310 650 4392; x_wconf 91' lang='lat' dir='ltr'>dorum</span> <span class='ocrx_word' id='word_1_302' title='bbox 681 4342 898 4426; x_wconf 86' lang='lat' dir='ltr'>congerie,</span> <span class='ocrx_word' id='word_1_303' title='bbox 929 4341 995 4399; x_wconf 88' lang='lat' dir='ltr'>aut</span> <span class='ocrx_word' id='word_1_304' title='bbox 1019 4313 1183 4400; x_wconf 67' lang='lat' dir='ltr'>laxandis</span> <span class='ocrx_word' id='word_1_305' title='bbox 1212 4314 1431 4401; x_wconf 92' lang='lat' dir='ltr'>solidorum</span> <span class='ocrx_word' id='word_1_306' title='bbox 1461 4315 1584 4403; x_wconf 67' lang='lat' dir='ltr'>masss</span> <span class='ocrx_word' id='word_1_307' title='bbox 1611 4345 1768 4431; x_wconf 89' lang='lat' dir='ltr'>tempus</span> <span class='ocrx_word' id='word_1_308' title='bbox 1797 4313 1941 4400; x_wconf 89' lang='lat' dir='ltr'>inutile</span> 
     </span>
     <span class='ocr_line' id='line_1_36' title="bbox 508 4425 1943 4518; baseline 0.006 -16"><span class='ocrx_word' id='word_1_309' title='bbox 508 4451 592 4504; x_wconf 91' lang='lat' dir='ltr'>non</span> <span class='ocrx_word' id='word_1_310' title='bbox 618 4426 821 4507; x_wconf 88' lang='lat' dir='ltr'>terendum</span> <span class='ocrx_word' id='word_1_311' title='bbox 848 4430 911 4514; x_wconf 86' lang='lat' dir='ltr'>est.</span> <span class='ocrx_word' id='word_1_312' title='bbox 938 4427 1058 4514; x_wconf 79' lang='lat' dir='ltr'>Illicb</span> <span class='ocrx_word' id='word_1_313' title='bbox 1081 4438 1123 4515; x_wconf 76' lang='lat' dir='ltr'>bt</span> <span class='ocrx_word' id='word_1_314' title='bbox 1151 4431 1230 4515; x_wconf 89' lang='lat' dir='ltr'>sine</span> <span class='ocrx_word' id='word_1_315' title='bbox 1247 4427 1329 4514; x_wconf 76' lang='lat' dir='ltr'>ullal</span> <span class='ocrx_word' id='word_1_316' title='bbox 1352 4429 1464 4515; x_wconf 63' lang='lat' dir='ltr'>mors</span> <span class='ocrx_word' id='word_1_317' title='bbox 1489 4427 1761 4518; x_wconf 88' lang='lat' dir='ltr'>revellendum</span> <span class='ocrx_word' id='word_1_318' title='bbox 1787 4425 1943 4511; x_wconf 87' lang='lat' dir='ltr'>malurn</span> 
     </span>
     <span class='ocr_line' id='line_1_37' title="bbox 508 4543 1944 4657; baseline 0.008 -44"><span class='ocrx_word' id='word_1_319' title='bbox 508 4549 575 4614; x_wconf 86' lang='lat' dir='ltr'>aut</span> <span class='ocrx_word' id='word_1_320' title='bbox 608 4563 676 4646; x_wconf 90' lang='lat' dir='ltr'>per</span> <span class='ocrx_word' id='word_1_321' title='bbox 711 4543 974 4624; x_wconf 89' lang='lat' dir='ltr'>cauteriorum</span> <span class='ocrx_word' id='word_1_322' title='bbox 1009 4543 1215 4628; x_wconf 88' lang='lat' dir='ltr'>efficacem</span> <span class='ocrx_word' id='word_1_323' title='bbox 1249 4543 1451 4651; x_wconf 88' lang='lat' dir='ltr'>morsum,</span> <span class='ocrx_word' id='word_1_324' title='bbox 1486 4571 1553 4628; x_wconf 90' lang='lat' dir='ltr'>aut</span> <span class='ocrx_word' id='word_1_325' title='bbox 1581 4571 1653 4657; x_wconf 91' lang='lat' dir='ltr'>per</span> <span class='ocrx_word' id='word_1_326' title='bbox 1686 4545 1944 4654; x_wconf 87' lang='lat' dir='ltr'>purgantium</span> 
     </span>
     <span class='ocr_line' id='line_1_38' title="bbox 508 4647 1947 4771; baseline 0.01 -45"><span class='ocrx_word' id='word_1_327' title='bbox 508 4647 709 4728; x_wconf 70' lang='lat' dir='ltr'>asluosum</span> <span class='ocrx_word' id='word_1_328' title='bbox 723 4649 940 4760; x_wconf 88' lang='lat' dir='ltr'>stimulum,</span> <span class='ocrx_word' id='word_1_329' title='bbox 958 4685 1050 4738; x_wconf 89' lang='lat' dir='ltr'>cum</span> <span class='ocrx_word' id='word_1_330' title='bbox 1063 4653 1267 4771; x_wconf 64' lang='lat' dir='ltr'>prudentis</span> <span class='ocrx_word' id='word_1_331' title='bbox 1282 4657 1464 4768; x_wconf 89' lang='lat' dir='ltr'>quidem,</span> <span class='ocrx_word' id='word_1_332' title='bbox 1478 4687 1525 4739; x_wconf 88' lang='lat' dir='ltr'>ac</span> <span class='ocrx_word' id='word_1_333' title='bbox 1543 4659 1622 4740; x_wconf 89' lang='lat' dir='ltr'>sine</span> <span class='ocrx_word' id='word_1_334' title='bbox 1636 4657 1867 4740; x_wconf 87' lang='lat' dir='ltr'>irritationis</span> <span class='ocrx_word' id='word_1_335' title='bbox 1880 4683 1947 4770; x_wconf 85' lang='lat' dir='ltr'>pe·</span> 
     </span>
     <span class='ocr_line' id='line_1_39' title="bbox 508 4755 1950 4879; baseline 0.006 -37"><span class='ocrx_word' id='word_1_336' title='bbox 508 4755 653 4842; x_wconf 88' lang='lat' dir='ltr'>riculo.</span> <span class='ocrx_word' id='word_1_337' title='bbox 680 4760 884 4866; x_wconf 88' lang='lat' dir='ltr'>Siquidem</span> <span class='ocrx_word' id='word_1_338' title='bbox 901 4767 1045 4851; x_wconf 90' lang='lat' dir='ltr'>humor</span> <span class='ocrx_word' id='word_1_339' title='bbox 1065 4768 1227 4853; x_wconf 89' lang='lat' dir='ltr'>mobilis</span> <span class='ocrx_word' id='word_1_340' title='bbox 1248 4778 1290 4853; x_wconf 85' lang='lat'>&amp;</span> <span class='ocrx_word' id='word_1_341' title='bbox 1305 4773 1429 4854; x_wconf 85' lang='lat' dir='ltr'>minas</span> <span class='ocrx_word' id='word_1_342' title='bbox 1445 4773 1640 4854; x_wconf 88' lang='lat' dir='ltr'>intentans</span> <span class='ocrx_word' id='word_1_343' title='bbox 1664 4765 1950 4879; x_wconf 82' lang='lat' dir='ltr'>expulsionem</span> 
     </span>
     <span class='ocr_line' id='line_1_40' title="bbox 509 4869 1953 5000; baseline 0.004 -40"><span class='ocrx_word' id='word_1_344' title='bbox 509 4869 683 4960; x_wconf 87' lang='lat' dir='ltr'>celerem</span> <span class='ocrx_word' id='word_1_345' title='bbox 701 4869 898 4962; x_wconf 88' lang='lat' dir='ltr'>sollicitat.</span> <span class='ocrx_word' id='word_1_346' title='bbox 927 4877 1018 4964; x_wconf 80' lang='lat' dir='ltr'>Imo</span> <span class='ocrx_word' id='word_1_347' title='bbox 1047 4886 1139 4967; x_wconf 78' lang='lat' dir='ltr'>cirin</span> <span class='ocrx_word' id='word_1_348' title='bbox 1166 4885 1345 4969; x_wconf 85' lang='lat' dir='ltr'>humoris</span> <span class='ocrx_word' id='word_1_349' title='bbox 1372 4881 1497 4995; x_wconf 76' lang='lat' dir='ltr'>illisas,</span> <span class='ocrx_word' id='word_1_350' title='bbox 1517 4910 1568 4970; x_wconf 90' lang='lat' dir='ltr'>ex</span> <span class='ocrx_word' id='word_1_351' title='bbox 1583 4879 1667 4999; x_wconf 68' lang='lat' dir='ltr'>ipsi</span> <span class='ocrx_word' id='word_1_352' title='bbox 1683 4879 1953 5000; x_wconf 83' lang='lat' dir='ltr'>proserpendi</span> 
     </span>
    </p>
   </div>
   <div class='ocr_carea' id='block_1_4' title="bbox 0 0 2100 5908">
    <p class='ocr_par' dir='ltr' id='par_1_8' title="bbox 0 0 2100 5908">
     <span class='ocr_line' id='line_1_41' title="bbox 0 0 2100 5908; baseline 0 0"><span class='ocrx_word' id='word_1_353' title='bbox 0 0 2100 5908; x_wconf 95' lang='lat' dir='ltr'> </span> 
     </span>
    </p>
   </div>
  </div>
 </body>
</html>
