4156 5892
468 425 553 520 «aa
697 406 791 494 oe
839 333 1142 510 ntoams
1188 400 1702 515 corruerem.

467 573 575 680 nali,
601 571 833 656 aut·lixivio
866 568 1036 655 alcalino
1049 633 1064 680 ,
1093 568 1159 656 vel
1183 569 1212 652 sr
1239 597 1300 654 res
1327 565 1522 695 postulet,
1553 563 1750 656 solutione
1780 567 1895 677 acidi

468 713 536 784 aut
564 687 776 788 mercurii,
804 710 870 767 aut
901 687 1106 768 antimonii
1132 682 1242 794 quod
1271 685 1384 786 huJus
1410 679 1595 793 butyrum
1620 681 1790 768 male&
1811 688 1897 786 ori}

464 801 629 909 gine&
654 793 791 880 indole
816 795 982 904 dicitur,
1010 800 1183 880 inuratur
1205 828 1218 897 ;
1248 791 1315 878 vel
1334 790 1471 878 saltem
1498 791 1895 891 concilietur.fervor

335 905 340 910 ¹
467 911 792 994 inflammatorius
823 905 844 992 *a
878 906 987 1016 cujus
1020 905 1198 993 efficacii
1227 909 1312 1021 post
1342 905 1447 990 diem
1481 936 1603 992 unum
1632 933 1699 992 aut
1727 908 1893 993 alterum

466 1019 647 1134 legitima
669 1023 815 1105 oriatur
837 1019 1073 1136 suppuratio.
1092 1023 1242 1106 Verum
1265 1017 1410 1102 amalo
1422 1018 1548 1102 fundo
1566 1017 1659 1108 mali
1678 1047 1893 1134 proventus

466 1139 661 1229 oriuntur.
687 1133 798 1216 Hinc
818 1135 902 1246 post
921 1164 1069 1247 paucos
1087 1133 1377 1248 suppuratorios
1397 1135 1530 1237 nixus,
1550 1137 1677 1221 rursus
1695 1133 1798 1216 aurs
1817 1163 1893 1217 on-

462 1246 601 1361 -giosae‚
617 1243 825 1331 cellulates
835 1249 1011 1330 oriuntur
1022 1257 1156 1329 carnes
1164 1306 1178 1350 ‚
1193 1247 1402 1357 aut‘potius
1415 1247 1515 1328 cutis
1528 1242 1737 1358 particula.
1804 1249 1892 1330 'tius

468 1389 564 1444 cum
577 1362 624 1441 iis
644 1356 852 1473 agendum.
879 1356 990 1443 Hinc
1008 1385 1073 1442 em
1100 1355 1207 1440 lastra
1226 1359 1490 1462 catharetica,
1510 1380 1575 1440 aut
1592 1355 1725 1442 lixivia
1743 1356 1894 1443 leviora

363 1567 367 1578 ,
468 1477 513 1556 dt
532 1467 632 1581 aqud
654 1469 833 1554 immixti
845 1473 1022 1586 mitigata
1034 1388 1264 1576 adlribebis3
1283 1468 1350 1554 vel
1370 1469 1563 1554 methodo
1583 1472 1772 1555 usitatiori
1789 1471 1894 1586 apud

408 1588 410 1597 '
468 1579 1006 1696 Chirurgossuccrescentes
1033 1608 1160 1696 partes
1183 1579 1314 1698 lapide
1337 1580 1517 1668 infernali
1544 1579 1683 1667 leviter
1709 1585 1894 1698 intinges.

463 1697 543 1782 'Ars
568 1699 609 1778 in
627 1723 678 1780 eo
700 1697 870 1780 consistit
880 1758 895 1800 ,
919 1721 962 1778 ut
984 1725 1056 1821 pus
1079 1693 1231 1778 bonum
1254 1696 1442 1781 nascatur.
1472 1695 1627 1778 Dantur
1645 1700 1762 1780 etiam
1781 1695 1892 1802 casus

460 1805 667 1918 inquibus
685 1805 963 1923 repellentibus
986 1807 1182 1920 jungenda
1206 1805 1293 1890 sunt
1314 1837 1395 1890 non
1418 1808 1600 1892 siccantia
1620 1805 1749 1893 solnm
1771 1808 1892 1894 satur·

466 1923 585 2027 nina,
613 1920 680 2005 sed
711 1923 827 2004 etiam
853 1917 1100 2024 absorbentia
1127 1950 1210 2031 quae
1238 1923 1342 2034 ignis
1370 1947 1448 2034 ope
1475 1918 1683 2004 calcariam
1707 1924 1894 2007 virtutem

466 2031 673 2117 moderate
702 2057 881 2117 urentem
905 2028 1167 2144 adipiscuntur
1190 2064 1203 2131 3
1229 2061 1274 2117 ut
1301 2033 1389 2116 sunt
1411 2030 1449 2115 la
1476 2035 1508 2116 is
1534 2030 1776 2120 calaminaris
1799 2065 1893 2148 prte-

421 2170 425 2176 ’
467 2169 646 2258 paratus,
679 2142 769 2229 calx
797 2143 877 2257 ipsa
908 2147 1077 2226 extinsla
1102 2144 1291 2255 quidem,
1320 2170 1359 2228 at
1384 2063 1543 2258 prilliuae
1571 2144 1715 2230 indolis
1747 2145 1894 2260 aliquid

460 2260 664 2366 retinens,
695 2255 852 2342 alumen
878 2283 948 2370 per
971 2259 1162 2341 ustionem
1186 2256 1305 2368 acido
1328 2255 1397 2340 suo
1421 2253 1657 2370 spoliatum,
1689 2259 1757 2344 sed
1781 2259 1893 2346 srmul

466 2366 617 2478 aliquid
640 2370 799 2454 caustici
820 2368 975 2472 servans
1002 2371 1104 2454 intus
1116 2433 1131 2476 ‚
1159 2378 1199 2454 bt
1224 2393 1431 2486 praeparata
1456 2366 1532 2452 alia
1561 2367 1784 2474 hujusmodi
1809 2403 1892 2484 quae

466 2476 636 2594 plurima
666 2485 708 2564 in
739 2484 1043 2596 pharmacopaeis
1077 2480 1293 2596 leguntur,
1324 2481 1563 2596 paucissima⁴
1586 2480 1819 2570 adhibentur
1851 2488 1893 2570 in

493 2597 588 2678 taxi.
615 2592 699 2678 Sed
721 2591 862 2710 magni
885 2596 927 2676 in
950 2597 1010 2678 his
1034 2623 1133 2710 opus
1157 2597 1210 2679 est
1232 2592 1405 2699 cauteld,
1426 2593 1588 2678 nedum
1610 2596 1759 2682 fluxum
1781 2600 1895 2684 cohi·

465 2621 630 2812 bemus,
652 2731 786 2790 tumor
812 2705 1029 2815 increscat,
1058 2707 1166 2818 quod
1193 2706 1288 2822 saepe
1313 2705 1446 2823 saepilrs
1474 2705 1631 2791 accidit.
1662 2707 1759 2822 Igne
1782 2712 1892 2794 enim

464 2815 533 2902 seu
566 2821 698 2934 potius
725 2819 882 2926 fervore
911 2816 1049 2903 talium
1079 2813 1459 2914 medicamentorum
1494 2822 1561 2929 qui
1589 2823 1714 2933 partes
1744 2817 1891 2908 solidas

464 2931 575 3035 urit,
594 2930 782 3032 =humidas
808 2928 1019 3038 absorbet,
1045 2933 1145 3016 fiunt
1167 2959 1343 3016 tumores
1367 2927 1427 3015 illi
1454 2931 1667 3031 retorridi;
1692 2962 1894 3044 nunquam

466 3042 614 3123 enricat
647 3038 740 3126 abso
787 3067 827 3126 ta
862 3041 1145 3156 suppurationis
1181 3045 1389 3149 materies,
1425 3051 1467 3127 δι
1498 3045 1544 3127 fit
1570 3041 1684 3130 ulcus
1711 3045 1894 3154 aridum,

464 3175 652 3258 tumens,
688 3071 785 3238 dupe³
809 3151 1016 3238 uloticum.
1061 3155 1277 3267 Nunquam
1314 3184 1412 3270 ergo
1434 3151 1540 3259 ,talia
1571 3154 1643 3240 tibi
1679 3155 1893 3244 admovere

494 3265 700 3372 ermines,
735 3183 807 3347 nisl
838 3263 1086 3352 cohibendus
1120 3269 1167 3352 srt
1206 3267 1447 3381 periculosus
1485 3271 1525 3351 in
1562 3295 1689 3382 partes
1724 3271 1898 3384 impetus

463 3293 707 3484 humorum,
725 3401 792 3462 aut
811 3373 1031 3463 luxuriante
1051 3377 1281 3466 cellularum
1306 3409 1556 3466 cutaneatum
1579 3407 1718 3488 textu,
1742 3383 1898 3500 semper

462 3487 692 3573 accrescant
726 3488 892 3604 fungosa
929 3519 1225 3578 concrementa.
1268 3495 1325 3577 At
1353 3492 1465 3578 simul
1491 3496 1649 3580 interna
1678 3491 1895 3582 marionis

462 3601 705 3686 mitificands
722 3599 833 3686 simul
849 3627 967 3712 atque
980 3602 1206 3692 revellentis
1219 3636 1312 3691 cura
1325 3608 1494 3689 maxima
1515 3607 1561 3689 srt
1582 3640 1592 3690 ι
1616 3637 1691 3694 nec
1712 3605 1760 3692 ab
1782 3607 1896 3694 hisce

465 3707 629 3796 cautelis
647 3713 752 3846 ipsos
775 3712 987 3798 oculorum
1008 3717 1173 3805 morbos
1196 3719 1437 3825 exemerim,
1457 3715 1553 3804 licet
1570 3723 1675 3802 enim
1692 3723 1735 3804 in
1750 3721 1898 3806 tenuis-

463 3819 557 3906 srml
578 3821 726 3909 fabnca
748 3827 1103 3941 precipitationeo
1131 3864 1176 3918 us
1197 3831 1269 3940 lit,
1299 3831 1519 3917 cavendum
1538 3859 1669 3917 tamen
1695 3831 1846 3950 semper
1869 3832 1898 3920 h

450 3939 684 4023 temeritate
713 3945 763 4021 δι·
785 3937 1012 4054 praeposteri
1038 3862 1212 4029 anthera.
1889 4015 1894 4020 .

360 4117 364 4126 .
459 4137 463 4144 ,
519 4047 642 4132 Nunc
665 4049 872 4163 superesset
891 4046 1010 4134 nobis
1029 4051 1145 4139 fufius
1167 4054 1363 4170 agendum
1378 4055 1428 4138 de
1447 4055 1641 4140 methodo
1655 4055 1732 4166 qud
1776 4059 1901 4146 offint

462 4155 606 4242 insessa
623 4165 704 4246 cuti
724 4163 896 4358 appollo
917 4157 1098 4279 &ipsam
1119 4166 1219 4254 savo
1239 4165 1370 4252 morsu
1393 4167 1604 4264 afficientia
1622 4197 1698 4284 exp
1790 4172 1899 4272 3sed

462 4271 651 4378 quoniam
668 4301 714 4359 ea
736 4303 758 4358 a
803 4271 1020 4390 peculiares
1034 4283 1166 4390 potitis
1184 4278 1346 4366 morbos
1365 4283 1583 4398 pertineant
1598 4280 1715 4392 quim
1735 4283 1784 4368 ad
1803 4287 1901 4370 uni-

461 4379 628 4470 versales
634 4443 649 4491 ,
663 4412 740 4472 nec
750 4391 868 4474 unica
877 4391 922 4474 iis
932 4383 1135 4504 competat
1147 4393 1357 4488 methodus
1367 4457 1382 4504 ,
1400 4393 1450 4480 de
1461 4395 1508 4478 iis
1521 4391 1592 4480 suo
1607 4391 1728 4479 titulo
1740 4419 1904 4512 agetur.

614 4601 724 4695 Fors
739 4607 1039 4706 Innodudioms
1065 4617 1283 4742 univufirlis
1307 4619 1361 4706 ad
1380 4619 1540 4706 Morbos
1561 4643 1751 4708 cutaneor.
