4190 5884
245 584 274 654 ς.
295 581 361 644 1v.

187 661 239 756 Pe
252 662 348 727 somno
358 669 385 726 &
396 664 441 732 ui·

165 744 241 828 gra.

468 427 524 515 44
709 405 801 491 ua
847 401 1152 492 noxam
1208 385 1617 496 coax'uars.

524 572 631 656 Inter
650 561 782 656 causas
810 601 893 682 qua
909 574 1080 654 nitorem
1105 575 1187 655 curi
1208 571 1427 658 conciliant
1445 572 1530 681 jure
1551 572 1774 658 recensetur
1796 571 1902 659 sorn-

468 714 541 768 nus
564 687 658 794 qui,
681 685 707 764 st
728 680 889 800 longior
913 685 958 765 stt
977 684 1083 768 &ad
1104 710 1310 769 veternum
1335 687 1556 793 accedens,
1582 685 1693 771 mille
1723 689 1897 774 nocendi

471 825 571 882 artes
587 793 769 902 exhibet,
786 797 853 880 sed
868 817 999 878 cutem
1018 798 1138 910 ipsam
1154 796 1253 881 salso
1276 798 1416 912 implet
1433 803 1563 883 nitore
1586 798 1792 912 vultuique
1812 829 1901 916 per-

471 911 576 995 sidos
598 911 715 992 ssores
737 906 939 992 conciliat.
956 907 1086 993 Laxat
1110 914 1217 993 enim
1240 910 1351 1018 vasa,
1369 909 1544 996 calorem
1564 915 1760 998 minorem
1783 918 1899 1028 inge-

468 1047 602 1128 nerat,
629 1017 939 1130 humoribusque
959 1021 1025 1104 vel
1052 1026 1249 1105 aoerrimis
1260 1083 1274 1128 ,
1289 1050 1356 1106 aut
1381 1027 1636 1129 cosiionem,
1661 1053 1727 1109 aut
1747 1031 1900 1110 exitum

500 1161 687 1235 rocurat3
710 1159 748 1217 at
770 1135 1006 1250 in=·.homine
1034 1133 1177 1247 vigilia
1206 1138 1402 1218 contraria
1430 1141 1564 1220 omnia
1592 1137 1783 1223 efficiunt
1809 1140 1901 1222 Sci-

469 1167 568 1334 bcet
590 1246 744 1331 illarum
770 1246 928 1330 astuoso
950 1249 1101 1358 impetu
1124 1245 1318 1358 sanguinis
1342 1251 1529 1334 circuitus
1559 1251 1799 1357 intenditur,
1827 1279 1901 1366 pe-

470 1369 610 1446 rennat
631 1356 769 1465 calor,
793 1361 894 1443 cutis
925 1357 1060 1464 ardet,
1087 1364 1130 1441 ἃ
1160 1361 1264 1440 actia
1292 1361 1394 1442 intits
1419 1386 1509 1444 nata
1535 1359 1685 1468 bilem,
1710 1366 1900 1449 humores

470 1474 640 1559 reddunt
668 1474 906 1576 acerrimos,
932 1466 1044 1552 srmul
1074 1473 1172 1554 verb
1203 1473 1431 1555 cosiionem
1457 1475 1597 1556 vitiant
1622 1503 1704 1584 quat
1732 1474 1899 1561 alternas

469 1587 599 1669 somni
621 1610 739 1694 atque
761 1586 801 1668 vi
829 1581 983 1666 iliarum
998 1586 1107 1668 vices
1129 1588 1305 1697 expetit;
1324 1583 1430 1668 unde
1455 1613 1574 1694 quem
1591 1587 1813 1672 confecerit
1836 1593 1900 1673 vi-

470 1695 565 1812 gilia
591 1697 716 1811 ipsum
741 1615 956 1811 palsentem
967 1757 982 1803 ,
1010 1695 1139 1781 oculis
1158 1695 1295 1781 luridis
1321 1703 1363 1780 bt
1393 1700 1574 1782 extinsiis
1598 1697 1758 1799 videas3
1789 1700 1900 1786 brevi

469 1813 567 1895 verb
589 1840 679 1894 cum
707 1812 909 1914 'acerrimis
935 1813 1072 1924 capitis
1111 1807 1317 1895 doloribus
1345 1836 1479 1894 cutem
1503 1813 1684 1895 insicient
1711 1812 1898 1926 pustulat,

468 1925 678 2037 herpetes‚
699 1921 951 2037 eryfipesata,
978 1920 1107 2034 qualia
1128 1950 1194 2008 aut
1219 1921 1332 2007 cibos
1354 1926 1566 2008 acerrimos
1589 1927 1815 2038 excipiunt,
1833 1953 1900 2011 aut

472 2035 622 2120 summe
637 2032 910 2125 calefacientia
933 2063 1119 2120 aromata.

270 2199 291 2247 ·,
323 2197 343 2248 ,·
418 2237 427 2253 ‚
477 2215 481 2224 .
526 2147 714 2232 Ptaetereb
727 2151 823 2232 verb
835 2145 976 2262 vigiliae
997 2150 1128 2264 sapius
1142 2149 1368 2234 tristislimos
1390 2154 1629 2234 comitantur
1643 2151 1761 2234 animi
1782 2153 1903 2239 affec·

429 2272 441 2286 “
471 2286 554 2369 ms,
579 2261 719 2372 quibus
743 2265 783 2343 in
804 2259 977 2347 vitiandi
1001 2289 1114 2368 cute,
1138 2263 1165 2343 st
1185 2292 1269 2346 non
1299 2263 1457 2377 pessima
1477 2262 1633 2348 aliunde
1659 2267 1702 2346 in
1727 2293 1904 2378 corpore

469 2373 574 2459 mala
592 2379 839 2459 concitarent
858 2374 1106 2487 spasmosque
1120 2372 1309 2481 lethales,
1327 2372 1435 2472 nulla
1450 2371 1559 2458 labes
1578 2376 1795 2459 efficacior.
1816 2377 1901 2460 Pri-

470 2496 580 2572 mum
598 2491 705 2573 euim
725 2489 909 2572 moerenti
926 2489 1081 2570 homini
1102 2491 1203 2601 perit
1224 2487 1353 2572 omnis
1369 2489 1469 2571 cutis
1489 2491 1618 2592 nitor,
1640 2484 1829 2570 decidunt
1849 2518 1900 2573 ac

470 2601 710 2686 flaccescunt
733 2598 914 2715 lepores,
935 2607 976 2683 bt
1000 2600 1150 2683 candor
1177 2603 1224 2680 in'
1250 2597 1421 2683 luridum
1447 2627 1495 2682 ae
1527 2601 1672 2682 flavum
1703 2602 1896 2701 vertitut;

499 2712 601 2798 ossea
611 2775 623 2820 ,
638 2715 861 2827 interruptis
878 2737 994 2821 atque
1008 2711 1256 2827 pessumdatis
1269 2708 1552 2795 secretionibus
1565 2708 1796 2822 quibuscum
1829 2741 1894 2819 ue,

469 2745 610 2940 sterpes
636 2826 826 2932 nascitur,
846 2832 886 2908 bt
911 2823 1074 2907 macula
1095 2827 1200 2908 slavae
1214 2886 1229 2929 ,
1254 2821 1430 2929 biliosa,
1454 2826 1537 2905 imb
1559 2850 1648 2906 atra
1673 2830 1713 2906 bt
1740 2741 1895 2907 mesan-

469 2937 636 3020 cholicae
658 2941 916 3040 exoriuntur,
947 2933 1189 3050 &pluribus
1218 2940 1337 3018 etiam
1372 2933 1527 3049 pustulat
1553 2940 1620 3020 vix
1649 2935 1823 3019 sananda:
1851 2945 1894 3021 dt

469 3051 617 3162 pruritu
637 3051 791 3132 enormi
813 3077 859 3131 ac
878 3047 961 3130 sere
982 3047 1209 3161 desperante
1223 3050 1265 3130 sti
1295 3075 1363 3131 ata
1383 3047 1497 3132 exsut
1544 3045 1607 3132 nt.
1622 3046 1896 3134 Vividioribus

470 3163 590 3244 animi
606 3159 833 3266 affeoibus,
861 3156 984 3242 stlaeti
1005 3159 1171 3265 fuerint,
1184 3079 1292 3243 nihis
1307 3164 1381 3245 erit
1405 3190 1486 3271 quo
1535 3156 1747 3272 exprobret
1767 3164 1896 3263 cutis3

452 3279 512 3357 ‘at
528 3274 652 3356 furori
673 3270 731 3356 illi
753 3275 962 3378 maniaco,
982 3271 1079 3386 saepe
1100 3270 1290 3356 debentur
1306 3272 1468 3357 macula
1488 3271 1611 3355 rubrae
1621 3334 1636 3379 ,
1660 3273 1895 3386 sanguinent,

499 3417 555 3469 uae
575 3383 730 3470 vultum
746 3385 973 3499 exasperant
992 3390 1034 3466 bt
1049 3385 1198 3497 ipsum,
1217 3385 1283 3470 sust
1305 3386 1488 3470 vasorum
1513 3383 1804 3494 correlatione,
1823 3386 1896 3472 de-

470 3415 662 3582 sraudant.
686 3497 873 3582 Praetereb
894 3502 1081 3608 quantiam
1103 3501 1158 3580 ira
1170 3560 1182 3603 ,
1197 3498 1306 3581 furor
1324 3497 1393 3581 ille
1408 3497 1558 3603 brevis,
1579 3502 1619 3580 in
1636 3495 1756 3582 bilem
1778 3526 1868 3614 agat
1874 3560 1894 3605 ,

470 3611 637 3723 vasaque
659 3613 817 3724 stringat
841 3611 1022 3724 spasm0,
1047 3610 1275 3721 quotidiana
1297 3610 1384 3695 satis
1406 3611 1643 3713 demonstrat
1667 3610 1892 3696 observatio

498 3722 548 3808 ui
566 3728 627 3807 ira
643 3725 774 3808 furens
800 3722 897 3838 saepb
925 3727 1090 3807 seierum
1117 3752 1278 3836 gravem
1307 3721 1436 3807 subitb
1467 3724 1684 3836 producit,
1713 3725 1896 3836 adeoque

468 3751 567 3950 sape
600 3844 640 3920 bt
675 3835 849 3920 maculas
873 3835 936 3918 san
994 3837 1111 3920 ineas.
1129 3836 1258 3946 Quod
1287 3840 1406 3921 etiarn
1441 3839 1489 3919 iis
1514 3837 1661 3920 accidit
1692 3840 1759 3946 qui
1788 3867 1892 3922 moe-

468 3975 559 4034 rore
579 3955 621 4034 bt
644 3946 913 4064 desperatione
948 3944 1055 4031 ubitst
1075 3951 1348 4063 corripiuntur.
1365 3948 1450 4032 Hic
1469 3951 1574 4031 enim
1598 3979 1774 4056 moeror,
1793 3949 1895 4035 alio·

471 4063 564 4170 quin
579 4059 708 4148 lentus
726 4069 767 4145 bt
787 4063 943 4167 tardus,
972 4061 1094 4144 vividi
1111 4063 1229 4143 animi
1250 4061 1410 4145 affectus
1430 4059 1545 4144 nobis
1561 4060 1696 4145 idaam
1716 4061 1893 4150 exhibet.

468 4171 516 4254 In
550 4201 695 4287 genere
723 4178 821 4260 verb
847 4175 939 4260 ciam
982 4175 1103 4258 tristes
1136 4201 1274 4257 omnes
1304 4177 1423 4257 animi
1456 4173 1615 4258 affeous
1642 4175 1893 4290 perspiratio-

469 4285 561 4368 nem
587 4284 853 4370 ultramodum
892 4295 934 4373 bt
966 4285 1118 4400 spasmo
1151 4283 1292 4370 vistbili
1316 4284 1555 4393 cohibeant,
1592 4289 1684 4370 cbm
1713 4284 1799 4372 bilis
1830 4288 1894 4372 se-

468 4399 637 4480 cretioni
663 4425 836 4481 noceant
868 4399 1200 4510 praetermodum,
1234 4401 1356 4485 vitam
1383 4399 1653 4513 pessumdant,
1683 4407 1725 4486 ὅ(
1756 4426 1892 4487 cutem

469 4505 644 4623 pluribus
658 4503 769 4593 malis
779 4511 833 4593 ita
847 4509 1297 4628 afficiunt,utherpetum
1311 4509 1472 4596 illorum
1486 4513 1679 4595 siccorum
1690 4513 1756 4620 qui
1769 4513 1892 4625 ipsam

469 4621 718 4734 exasperant,
740 4629 780 4704 bt
801 4618 978 4707 vescum
1001 4629 1171 4736 pruritu,
1193 4624 1259 4710 vel
1279 4657 1372 4710 cum
1384 4628 1612 4737 importuno
1633 4622 1784 4708 dosoris
1801 4623 1891 4710 obs-

467 4737 551 4820 curi
566 4733 675 4820 sensu
697 4735 965 4820 diffunduntur
986 4737 1248 4851 undequaque
1258 4800 1274 4852 ,
1289 4741 1460 4825 maxima
1477 4767 1562 4852 pets
1577 4739 1662 4854 post
1676 4733 1890 4826 obstinatos

464 4875 656 4936 moerores
684 4875 862 4968 erumpat
888 4855 931 4936 dt
953 4849 1111 4940 emicet.
