4188 5916
664 381 1155 536 c'urnuars.
1454 459 1456 464 ψ
1557 432 1638 551 35,
1753 453 1757 460 ·

198 615 299 704 gens
326 587 436 671 omni
463 584 651 700 squallori
681 620 851 677 cucanea
879 595 980 678 adeb
1007 593 1084 680 suit
1112 593 1287 679 obnoxia
1313 595 1431 707 atque
1456 595 1640 714 AEgypiii

197 732 375 812 quorum
394 717 458 786 aer
477 703 603 789 annuli
619 707 878 790 inundatione
895 707 982 790 Nili
1003 713 1291 823 corrumpitur,
1312 739 1381 824 per
1402 711 1442 796 se
1465 711 1638 802 fervidus
1732 749 1735 754 ·

199 824 245 898 ὅ(
271 819 338 898 vix
364 820 491 900 veritis
517 821 698 936 perflatus
728 819 943 904 salubribus
971 824 1095 906 etefiis
1122 824 1367 908 Graecorum.
1394 825 1486 909 Nec
1510 830 1607 910 verb
1620 891 1635 936 ,

198 925 298 1010 licet
314 951 512 1038 nunquam
532 932 633 1015 aideb
654 937 875 1018 immaniter
897 939 938 1017 in
960 934 1121 1048 Europal
1141 935 1271 1018 morbi
1293 932 1433 1048 leprosi
1454 939 1608 1025 saeviani
1619 1003 1634 1048 ,

197 1066 269 1124 aut
279 1039 400 1124 Italia
412 1072 510 1126 aura
526 1047 747 1152 maritimae,
765 1075 831 1131 aut
843 1046 1243 1164 Gallo-provincialia
1257 1046 1390 1133 littora
1407 1049 1513 1134 hisce
1527 1083 1635 1136 mor,-

199 1153 260 1238 bis
275 1155 440 1236 omniiib
458 1159 647 1243 immunia
664 1160 772 1267 sunt,
791 1159 1018 1244 notantibus
1031 1159 1237 1244 illustribus
1257 1165 1448 1246 occitania
1460 1164 1635 1252 Medicis

196 1267 442 1375 Raymundo
455 1268 701 1379 Massiliensi,
717 1281 757 1356 di
774 1277 968 1384 antiquius
980 1275 1195 1358 Varandoeo
1204 1338 1220 1381 ,
1235 1275 1436 1358 Gordono
1444 1339 1458 1382 ,
1473 1274 1638 1389 aliisque¹

195 1385 266 1492 qui
281 1379 572 1496 elephantiafim
591 1383 612 1468 ὲ
628 1387 668 1468 se
679 1387 799 1470 visam
813 1388 906 1470 diim
920 1387 1036 1478 dode
1051 1387 1215 1507 fuseque
1228 1385 1474 1494 describunt,
1491 1387 1635 1476 leucen

194 1502 239 1577 dt
254 1495 689 1608 vitiliginem-videntur
707 1499 940 1616 descripsisse
946 1503 1113 1614 ,potius
1130 1497 1248 1612 quini
1268 1503 1504 1586 Graecorum·
1521 1505 1634 1587 Aria,

192 1610 369 1710 ticoruiii
391 1606 694 1722 elephantiasim.

162 1743 167 1754 '
252 1725 299 1808 Id
316 1726 415 1804 verb
433 1727 622 1808 notaubre
641 1730 714 1808 viri
733 1725 924 1833 illustres,
944 1757 1036 1812 cum
1055 1727 1222 1837 antiquis
1244 1731 1283 1810 iri
1305 1755 1357 1812 eo
1375 1727 1631 1838 conformes,

192 1838 305 1948 qubd
334 1839 430 1918 aeris
457 1837 580 1952 tepidi
610 1847 650 1920 bt
682 1841 863 1946 humidi,
894 1841 1086 1952 simulque
1114 1843 1319 1953 stagnantis
1349 1840 1631 1950 inclementia,

192 1982 287 2034 cum
314 1948 493 2062 perversii
520 1979 568 2034 ex
591 1949 761 2064 piscibus
787 1981 904 2062 atque
927 1953 1107 2042 cochleis
1133 1953 1244 2036 diaeta
1273 1951 1380 2035 malo
1409 1955 1518 2062 quod
1543 1954 1632 2038 dess

192 2068 250 2147 cri
280 2065 366 2148 sere
377 2123 389 2166 ,
414 2061 452 2143 iii
468 2092 680 2178 pauperum
700 2065 880 2173 sorditie,
904 2059 1034 2150 ansam
1055 2071 1288 2182 praecipuam
1311 2067 1403 2148 dare
1418 2065 1630 2152 videretur:

248 2096 302 2260 st
322 2175 429 2258 certe
458 2175 746 2262 observandum
768 2183 820 2263 est
842 2181 1041 2295 pessimam
1067 2185 1169 2263 haiic
1201 2182 1296 2262 aeris
1319 2185 1359 2260 bt
1383 2181 1506 2268 vittis
1527 2210 1630 2264 con-

190 2291 409 2394 ditionem,
440 2286 521 2372 hoii
553 2289 680 2374 soliim
715 2291 863 2376 morbis
892 2297 1096 2376 chronicis
1115 2293 1349 2378 inducendis
1373 2297 1531 2406 aptam,
1559 2293 1627 2376 sed

192 2402 507 2514 quibuscumque
528 2401 593 2484 uel
617 2397 868 2511 acutissimis,
890 2407 917 2487 si
940 2403 1051 2489 lento
1078 2405 1198 2520 gradu
1220 2404 1347 2486 saeviat
1360 2467 1374 2508 ,
1394 2405 1421 2490 si
1442 2404 1628 2516 sanguine

187 2521 362 2618 hitadio,
384 2539 450 2595 aut
469 2543 537 2628 per
557 2517 637 2598 vim
659 2521 838 2628 corporis
862 2545 1064 2632 reparato,
1087 2517 1256 2632 lympha
1276 2517 1465 2630 principia
1485 2514 1628 2619 sensim

189 2631 411 2732 adoriatur,
428 2627 537 2738 polle
552 2615 716 2710 morbbs
731 2630 900 2712 maxime
918 2631 1097 2718 sordidos
1113 2631 1160 2711 ad
1178 2631 1300 2712 cutim
1316 2631 1524 2733 invehere,
1543 2659 1627 2712 noir

188 2747 242 2828 ita
264 2769 397 2824 tamen
414 2765 459 2822 ut
471 2803 483 2844 ,
507 2738 630 2854 positla
651 2744 937 2825 constitutionis
957 2739 1217 2846 aereae'idaess,
1239 2740 1334 2824 idaea
1355 2737 1627 2824 etiani'morbi
1694 2795 1696 2802 ›

190 2860 419 2966 contingat,
432 2850 527 2936 latet
542 2857 648 2938 enim
663 2853 845 2968 specifica
860 2856 1035 2966 quadam
1047 2854 1248 2960 alteratio,
1265 2853 1499 2936 {causarum
1514 2881 1628 2941 com·

87 3073 91 3080 ,
187 2967 306 3083 plexu
326 2965 523 3079 perideus,
540 2997 665 3077 quam
686 2966 797 3052 nulla
815 2967 919 3052 valet
940 2967 1161 3058 observatio
1186 2967 1541 3081 comprehendere.-

245 3081 364 3163 circa
387 3075 498 3184 hujus
521 3081 641 3163 causat
660 3083 854 3164 astionem
877 3081 1154 3166 *aDodissimo
1170 3079 1413 3192 Raymuiido
1436 3078 1625 3191 sagaciter
1723 3151 1725 3157 .

216 3193 415 3307 erpeiisam
435 3223 515 3274 non
538 3191 637 3278 altri
656 3193 967 3282 immorabimur.
993 3195 1074 3279 Sed
1090 3194 1157 3305 qul
1176 3197 1243 3277 liat
1265 3217 1309 3275 ut
1328 3190 1488 3306 lympha
1506 3189 1624 3276 leuce

152 3225 450 3414 laborantium
478 3303 681 3420 glandulas
716 3307 990 3392 mesentericas
1024 3306 1237 3392 secundum
1267 3331 1409 3388 naturae
1440 3305 1622 3388 ordinem

185 3443 389 3536 permeet,
418 3417 563 3532 quippe
583 3423 684 3502 inter
711 3449 851 3505 omnes
874 3417 1034 3505 illorum
1061 3417 1231 3506 miserias
1253 3421 1319 3502 vix
1346 3411 1621 3526 macrescuiit,
1663 3427 1669 3432 “

185 3561 253 3617 aut
274 3532 465 3646 appetitiis
487 3535 782 3644 prostrationem
800 3540 1019 3650 patiuntur,
1036 3533 1085 3616 ad
1099 3559 1232 3616 cutem
1245 3535 1343 3616 verb
1360 3532 1474 3616 scena
1490 3527 1620 3614 omnis
1686 3537 1689 3547 ’

178 3644 610 3764 ,transigaturiVidetur
621 3645 660 3728 id
672 3647 842 3760 pe‘iidere
854 3647 875 3730 a
889 3647 1046 3730 miscell
1061 3644 1227 3760 lymphas
1240 3641 1317 3750 jam
1332 3643 1621 3756 aliqubratione

182 3783 378 3871 corruptae
405 3786 497 3839 cum
519 3757 633 3871 adipe
659 3767 699 3842 ὃ(
728 3754 1054 3868 humoribusqui
1078 3759 1127 3840 ad
1153 3763 1276 3843 cutim
1301 3755 1466 3842 affluunt
1480 3818 1494 3863 ,
1518 3763 1560 3838 &
1592 3757 1620 3838 li
1736 3767 1743 3786 '

103 3869 110 3883 ’
146 3905 149 3914 ’
183 3899 295 3958 certa
318 3873 475 3954 incertis
506 3869 669 3961 miscere
691 3871 747 3955 fas
768 3875 845 3980 est,
872 3870 1019 3981 aliquid
1047 3875 1209 3986 corpori
1234 3869 1391 3954 arfinali
1417 3871 1622 3983 proprium

182 3996 227 4069 ὃ(
244 3981 436 4096 singulare
450 3983 604 4069 videtur
617 3981 715 4068 iatri
728 3981 929 4098 lympham
945 3984 966 4068 a
980 3985 1204 4100 corrupteld
1222 3983 1404 4067 ciborum
1420 3981 1620 4071 introduci

183 4097 294 4208 quod
314 4098 496 4180 fermenti
512 4100 620 4180 vices
635 4097 684 4182 ad
703 4097 827 4182 solam
843 4103 969 4184 cutim
989 4127 1121 4213 gerat,
1144 4097 1290 4186 caretis
1306 4091 1481 4207 partibus
1499 4095 1618 4176 iimo·

184 4215 291 4294 aium
315 4241 326 4309 3
348 4210 456 4319 quod
477 4213 516 4292 iri
537 4211 825 4295 cantharidibus
846 4212 946 4302 solas
965 4217 1081 4296 uiinae
1094 4215 1176 4294 vias
1192 4205 1419 4309 laedentibus
1431 4205 1618 4290 accidere

180 4325 375 4409 videmur.
390 4321 471 4406 ‘Illae
488 4327 593 4406 enim
609 4343 745 4406 catera
763 4325 988 4434 relinquunt
1009 4324 1149 4404 intada
1159 4383 1172 4425 ,
1191 4346 1266 4404 nec
1284 4323 1441 4401 infirmo
1459 4317 1620 4432 pulmo*¹

180 4439 431 4524 nuintenori
461 4463 619 4519 nocent.
647 4437 795 4518 Verum
822 4466 893 4519 cur
920 4435 1059 4520 eadem
1085 4436 1182 4515 aeris
1203 4435 1436 4515 constitutio
1467 4435 1509 4513 in
1536 4436 1617 4518 oris

182 4547 548 4663 septentrionalibus
576 4542 842 4664 semborum,
866 4552 909 4630 iri
938 4543 1262 4631 meridioiial'ibus
1290 4545 1434 4628 leucen
1464 4553 1505 4627 ὃ(
1534 4543 1617 4627 elea

176 4666 408 4780 phantiasim
429 4661 632 4746 accersat?
651 4661 695 4746 id
712 4688 911 4776 uunquam
929 4657 1236 4744 cettblsciemus.
1259 4659 1340 4743 Sed
1355 4651 1616 4744 differentiam

177 4786 203 4860 a
227 4805 442 4892 corporum
459 4775 697 4876 conditione
718 4772 870 4870 diuoisli
888 4773 971 4858 csse
989 4770 1249 4891 repetendam·
1267 4769 1362 4857 iiidb
1381 4775 1493 4856 certb
1519 4769 1616 4877 coii-

179 4888 414 5002 cludemus,
433 4887 541 5002 quiid
553 4890 622 4972 etsi
634 4889 775 5002 leprosi
789 4886 918 4973 morbi
934 4886 1080 5005 pluries
1091 4891 1194 4988 intuli
1208 4891 1457 5048 tapsitasopas
1472 4885 1615 4974 fuerint
