4228 5898
465 409 1286 517 mrurnonucrro.
1520 465 1621 544 -ψ

197 603 401 678 cutaneos.
421 585 507 676 Illis
522 614 664 676 'nmen
686 591 864 678 universa
890 619 983 676 cura
1010 587 1186 676 scorbuti
1211 603 1430 712 competit,
1457 599 1553 718 saepd
1576 633 1626 689 ex

169 745 172 752 ⁴
194 730 277 789 arte
297 707 350 788 est
369 703 513 789 addere
534 704 707 790 lotiones
724 713 766 802 ἀ
781 703 981 820 emplastra
1004 699 1331 817 antilcorbutica,
1347 712 1414 798 sed
1433 719 1627 832 precipue

196 817 435 932 antiputrida
463 817 786 924 medicamenta,
813 845 858 903 ut
883 819 1132 924 kinakinam,
1150 817 1381 932 scordium,
1403 826 1624 940 melissam,

196 955 396 1014 aromata:
413 935 506 1016 ciam
522 933 715 1042 verbquae
727 929 922 1046 simplices
941 933 1069 1048 primi>
1089 930 1325 1125 apparebant
1338 939 1500 1026 macula
1515 1006 1529 1050 ‚
1544 975 1628 1029 non

199 1045 288 1125 raro
305 1045 345 1126 in
372 1042 594 1130 fetidiffima
613 1043 799 1129 faccilant
821 1042 983 1152 ulcera,
1013 1041 1092 1146 tim
1132 1044 1194 1128 ati:
1217 1051 1627 1170 extendenda,·quirn

198 1152 277 1238 alre
290 1160 558 1269 penetrantia,
575 1159 636 1242 bis
652 1157 832 1242 curandis
850 1166 893 1266 ὅ(
933 1159 1231 1242 harmaceuticae
1247 1162 1527 1279 indicationes,
1543 1175 1627 1258 imo

196 1274 240 1356 ἃ
257 1271 487 1385 chirurgica
502 1267 729 1383 aliquando.
740 1267 853 1358 sunul
874 1189 1114 1358 advocanda
1132 1270 1235 1356 sunt·

495 1495 1291 1604 Anrrcueusru

446 1719 515 1809 De
543 1722 681 1807 mordis
698 1723 896 1808 cutis‘non
922 1722 1170 1838 depuratoriis
1191 1725 1376 1811 curandis.

205 2006 208 2015 ι
250 1947 488 2061 Hucusque
502 1952 560 2032 in*
572 1955 751 2082 corporis
766 1947 975 2036 utifitatem
999 1949 1219 2040 foedabatur
1235 1957 1364 2055 cutis·;
1384 1987 1490 2042 nunc
1511 1899 1561 2048 <le
1579 1965 1626 2049 iis

195 2064 398 2179 agendum
437 2063 489 2148 est
523 2060 675 2148 morbis
710 2067 778 2176 qui
820 2065 923 2147 intiss
963 2067 1067 2148 enati
1100 2073 1142 2150 δι
1183 2067 1341 2151 mallant
1380 2071 1628 2182 inquinantes

200 2180 383 2292 corporis
394 2237 408 2282 ,
435 2175 487 2260 ad
502 2202 641 2260 cutem
665 2178 744 2262 stne
764 2173 846 2259 ulli
866 2179 1056 2260 machina
1079 2176 1537 2296 utilitatedeponuntur.
1569 2189 1629 2274 Hi

175 2330 181 2341 ·
201 2290 289 2376 sunt
313 2287 447 2374 morbi
470 2292 537 2400 qui
565 2288 658 2374 vere
680 2299 721 2376 bc
758 2287 916 2405 pr‘opriir
948 2295 1104 2376 cutanei
1133 2292 1328 2376 dicuntur.
1351 2295 1406 2380 Ur
1419 2302 1534 2382 enim
1560 2301 1629 2387 alii

202 2400 350 2488 uiribus
363 2406 544 2516 corporis
557 2400 740 2488 stantibus
757 2411 803 2486 dt
818 2401 1119 2518 perenrrantibus
1136 2402 1306 2489 inatural
1317 2405 1439 2493 satiari
1454 2411 1628 2524 pollent,
1661 2457 1663 2462 ·

202 2519 259 2598 ita
275 2518 316 2598 hi
333 2516 544 2632 perstarent
562 2512 701 2600 contri
716 2518 902 2620 immoti,
918 2517 1003 2598 imb
1027 2517 1285 2601 increscendo
1306 2522 1464 2631 maffam
1483 2527 1628 2613 humo-

204 2656 289 2712 rum
312 2654 643 2744 corrumpetent,
669 2637 712 2712 δι
730 2628 984 2712 firnfflonum
1001 2626 1278 2714 labefauarent
1294 2635 1573 2747 integritatem.

218 2791 234 2822 ·.
255 2739 422 2886 Duplex
443 2743 596 2874 &nun
620 2737 855 2824 morborum
884 2738 1009 2823 claffis
1031 2741 1260 2826 instituenda
1286 2745 1363 2844 est;
1388 2744 1453 2830 alii
1480 2749 1630 2836 enimi
1730 2791 1732 2796 v

200 2875 351 2940 mutata
382 2858 535 2970 penitirs
561 2857 774 2938 htm'orum
811 2851 933 2936 masse
970 2861 1012 2936 ἃ
1046 2857 1090 2937 in
1127 2852 1294 2956 alienam
1318 2856 1497 2945 indolem
1526 2892 1630 2947 con-

201 2964 315 3052 versi
332 2967 518 3084 pendent.
542 2964 713 3053 Morbus
732 2965 817 3082 ipse
837 2991 1051 3081 proventus
1072 2969 1125 3052 est
1151 2965 1270 3051 molis
1296 2969 1522 3058 bumoralis.
1537 3005 1629 3061 cor-

201 3107 326 3194 rupta
337 3144 353 3187 ‚
384 3079 719 3190 necessariumque
756 3076 837 3185 ejus
874 3076 1120 3164 exuberantis
1151 3081 1400 3196 produclum.
1426 3085 1508 3169 Alii
1531 3095 1629 3175 verb

201 3191 361 3308 poliunt
393 3190 417 3277 ὲ
441 3221 542 3310 puro
566 3200 607 3276 dr
634 3191 749 3276 illinri
773 3192 958 3306 sanguine
991 3217 1176 3304 tanquam
1202 3196 1466 3308 heterogenea
1490 3226 1628 3287 excre-

202 3309 337 3392 menta
363 3308 557 3422 prodire,
589 3306 773 3391 fermenti
806 3333 920 3390 more
947 3308 1054 3388 intra
1090 3306 1318 3420 sanguinem
1349 3337 1525 3425 accepta.
1555 3312 1630 3399 Illa

203 3445 450 3506 recrementa
474 3444 600 3536 partes
630 3417 700 3502 fibi
720 3415 910 3532 analogas
936 3417 990 3502 ad
1017 3417 1058 3502 se
1084 3423 1281 3527 trahunt,
1315 3427 1629 3512 excrementitias

202 3531 431 3644 quisquilias
446 3533 499 3618 ‘ad
518 3532 713 3619 eumdem.
725 3530 868 3616 locum
888 3529 1114 3646 deponunt,
1134 3536 1184 3616 δι’
1195 3535 1238 3615 in
1260 3538 1460 3649 propriam
1483 3535 1553 3620 fibi
1569 3543 1629 3622 in-

206 3645 344 3732 dolem
377 3650 435 3730 im
461 3650 618 3730 ertiunt.
645 3645 801 3730 Priores
832 3644 1052 3728 universam
1083 3650 1356 3730 oeconomiam
1386 3647 1629 3761 animalem,

206 3763 342 3850 omnia
371 3676 553 3862 vidden,
586 3785 723 3842 onmes
753 3755 897 3841 solidas
936 3783 1054 3867 atque
1086 3757 1228 3842 floidas
1263 3756 1392 3874 partes
1417 3762 1528 3872 arque
1555 3767 1632 3849 im-

207 3869 346 3960 buunt.
375 3871 612 3955 Posteriores
640 3869 871 3983 sanguinem
895 3876 1109 3956 &catera
1143 3899 1289 3985 organa
1318 3873 1447 3955 sinunt
1480 3873 1632 3962 illibata

205 4010 428 4100 uegetaque
443 3982 708 4068 functionibus
727 4008 777 4067 ex
799 3979 938 4066 ordine
951 4009 1097 4068 marra
1117 4010 1288 4092 uacare,
1315 3984 1365 4068 de
1392 3991 1633 4100 uratoriique

207 4097 288 4182 dici
317 4095 495 4212 pollent,
517 4097 546 4178 fi
567 4125 650 4180 non
664 4095 769 4212 ipsos
788 4122 996 4182 renovaret
1010 4095 1088 4182 alte
1105 4124 1303 4211 concepta
1324 4015 1461 4202 labes,
1480 4107 1523 4184 ὅ(
1535 4101 1580 4184 sae
1608 4104 1631 4189 ὲ

201 4192 248 4294 ln
272 4239 359 4294 uno
387 4209 466 4292 fixa
489 4205 590 4293 loco
611 4211 707 4316 ‚ita
729 4234 774 4293 ut
805 4206 855 4293 ab
886 4234 938 4292 eo
962 4212 1029 4294 vix
1059 4211 1175 4322 poilit
1201 4209 1395 4292 dimoveri
1425 4215 1467 4292 dt
1498 4213 1571 4299 aue
1605 4221 1628 4302 ⁰.

206 4323 376 4434 Utrique
398 4319 505 4405 elalli
527 4349 598 4434 per
619 4324 710 4406 artis
733 4320 875 4404 auxilia
905 4322 1211 4406 succurrendum
1238 4322 1303 4406 est.
1328 4320 1436 4405 Nam
1459 4325 1500 4407 in
1522 4357 1632 4413 mor-

204 4433 268 4524 bis
308 4435 418 4522 hisce
455 4459 592 4521 natura
618 4437 722 4520 iners
759 4435 812 4519 est
848 4439 893 4518 br
939 4435 1022 4517 ime
1043 4429 1130 4520 nlla
1148 4433 1209 4518 ..ad
1249 4434 1465 4519 curandum
1493 4443 1629 4526 aetuoa

204 4549 328 4634 strate.
372 4559 379 4568 '
1064 4583 1071 4592 ·
1431 4627 1434 4634 .

206 4723 210 4732 ·
262 4663 414 4748 Verum
435 4663 592 4773 utrique
614 4659 763 4745 eadem
791 4682 1026 4774 competunt
1045 4660 1324 4747 indicationes.
1347 4663 1455 4747 Nam
1481 4665 1634 4784 semper

204 4803 349 4860 mucus
370 4773 574 4890 lympham
600 4775 863 4881 constituens,
886 4798 955 4858 aut
979 4776 1221 4860 commentia
1244 4801 1386 4890 peccat
1397 4837 1411 4882 ,
1424 4805 1634 4866 autacre·

204 4885 303 4995 dine
315 4923 335 4978 ,z
364 4917 505 4976 mucus
525 4884 613 5004 plus
632 4887 810 4976 craffiriei
829 4887 979 5006 recipit
995 4915 1045 4976 ex
1065 4885 1238 5006 partibus
1258 4887 1460 4976 nonbcne
1472 4893 1575 4978 inter
1593 4892 1634 4982 se
1759 4886 1766 4896 ’
