4186 5908
449 441 573 550 ”272
923 427 1055 526 n-ini
1090 423 1467 522 M‘o'R'Brzs

491 635 605 726 patus
632 587 735 720 puer
751 593 964 689 medicanti
983 595 1502 712 offeramr,:antequam·ad
1526 593 1701 684 remedia
1726 592 1769 684 sc
1794 597 1934 687 acciu·-

493 747 590 836 gat,
617 723 790 830 inquiret
817 724 859 799 bt
889 712 1112 800 observabit
1139 713 1257 826 quali
1282 715 1324 798 se
1351 710 1488 798 habitu
1519 717 1668 826 gerari
1700 711 1768 798 An
1791 715 1932 802 dentes

492 835 771 967 proruperint?
796 857 845 910 an
868 824 1083 912 laborent?
1106 829 1173 912 An
1197 826 1390 942 glandula
1412 827 1454 908 in
1475 823 1620 910 sicinii
1647 830 1932 914 intumuerint?

490 949 538 1030 81
568 973 764 1036 neutrum·
783 945 928 1024 horum
942 941 1174 1056 acciderit,
1208 941 1276 1024 sed
1307 937 1678 1054 prater-'spesiaeuli
1706 941 1931 1028 soeditatem

492 1064 629 1143 omnia
649 1056 752 1168 tesbi
773 1055 812 1138 se
832 1053 1031 1159 habeant)
1047 1051 1447 1158 li-c'olor'crullarum
1463 1049 1645 1136 subalbus
1655 1116 1669 1159 ,
1698 1053 1802 1139 odor
1820 1054 1931 1140 suba·

490 1175 626 1278 cidus,
647 1171 839 1312 appetitus
857 1164 1032 1272 balenas
1043 1165 1204 1249 somnus
1225 1169 1403 1280 integer,
1424 1167 1593 1282 pruritus
1609 1164 1737 1272 levis,'
1753 1171 1931 1254 attendet

488 1290 686 1400 precipue
711 1307 851 1366 annon⁴
866 1277 1110 1395 post'epalas·
1127 1281 1256 1364 fluxus
1277 1283 1456 1364 humoris
1474 1305 1660 1392 augeatur
1686 1289 1729 1366 ὃ(
1757 1287 1929 1396 pruritus

485 1395 769 1492 recrudescat?
787 1393 892 1478 Haec'
904 1397 1018 1481 enim
1035 1392 1173 1478 ultima
1194 1394 1456 1509 symptomata
1474 1391 1692 1477 redundare
1714 1395 1928 1481 humorem

484 1519 534 1595 ἃ
559 1503 774 1594 exuberare
798 1503 820 1590 ὲ
841 1536 951 1592 novo
975 1507 1146 1620 ingresso
1172 1506 1294 1618 chylo
1317 1507 1504 1592 indicant
1531 1505 1629 1588 Hoc
1651 1509 1693 1589 in
1710 1507 1802 1590 casu
1824 1505 1928 1624 pluri

374 1629 380 1642 '
485 1621 588 1708 cibo
614 1621 733 1733 quim
762 1625 925 1734 corpori
955 1622 1168 1704 conveniat
1193 1618 1258 1730 uti,
1278 1621 1444 1706 inftntet
1467 1617 1704 1730 concludit,
1733 1647 1927 1732 certoque

490 1733 701 1849 adstringet
718 1737 929 1850 regimini,
957 1734 1068 1844 quod
1081 1737 1133 1817 ‘in'
1143 1733 1258 1817 hisce
1278 1730 1426 1842 casibus
1445 1760 1612 1849 peccare
1629 1732 1840 1818 vnisrnnle
1859 1739 1926 1822 est.

484 1851 674 1936 ¹Tenuior
688 1847 797 1947 hisce
805 1851 852 1930 in
866 1844 1014 1932 casibus
1031 1848 1146 1952 dieta·
1155 1833 1383 1962 imperanda
1400 1849 1453 1932 est
1469 1856 1512 1950 dt
1528 1875 1579 1932 ex
1598 1843 1752 1932 cibariis
1772 1851 1928 1932 tenuio-

490 1963 611 2048 ribus.
644 1961 753 2043 Tbm
781 1960 948 2076 ptisanas
975 1959 1198 2076 praescribet
1225 1960 1363 2068 leves,
1393 1959 1600 2046 diluentes.
1630 1955 1767 2044 Pollei
1793 1957 1926 2046 alvum

487 2103 655 2162 movere
679 2077 891 2181 convenit,
913 2101 958 2160 ut
979 2074 1196 2160 retardetur
1211 2076 1507 2192 perspirationis
1530 2075 1686 2180 fluxus,
1712 2081 1755 2158 δι
1774 2071 1926 2160 discant

486 2191 531 2273 in
554 2187 687 2272 alvum
705 2215 819 2272 ruere
844 2191 1044 2274 humores.
1074 2190 1194 2275 Nam·
1209 2187 1421 2276 infantibus
1446 2185 1760 2299 quibuscumque
1782 2185 1927 2297 quibus

489 2300 601 2386 alvus
622 2303 727 2383 fluxa
751 2303 803 2386 est
826 2304 927 2385 cutis
948 2304 1068 2406 nitet,
1093 2301 1203 2414 quod
1220 2326 1424 2386 notaverat
1448 2299 1851 2416 olimlstppocrates.

544 2417 600 2498 At
614 2417 655 2496 in
670 2405 977 2521 aluo'rirovendst
989 2417 1091 2498 ratio
1103 2413 1285 2500 habenda
1298 2417 1352 2498 est
1361 2414 1486 2500 'causae
1501 2441 1585 2525 quar
1596 2412 1800 2528 lympham
1811 2417 1923 2500 vitia-

482 2531 569 2633 vit,
587 2535 629 2614 ὃ(
644 2527 855 2638 aliquando
867 2527 1077 2612 crassitiem
1091 2526 1303 2612 substantie
1317 2525 1400 2635 ejus
1415 2530 1615 2642 impertiit.
1638 2525 1814 2611 enecta
1833 2557 1925 2642 pra-

487 2641 650 2726 serenda
670 2639 758 2725 sunt
780 2670 866 2752 quae
886 2645 1074 2726 humores
1096 2640 1361 2758 lymphaticos
1382 2645 1582 2757 potentiis
1609 2638 1761 2726 solvere
1786 2640 1922 2726 obser-

484 2782 578 2840 vata
601 2755 688 2838 lhnt
700 2752 871 2866 ‚quales
897 2755 985 2839 sunt
1011 2757 1140 2840 refinae
1166 2781 1376 2872 purgantes
1400 2783 1508 2866 quae,
1531 2757 1558 2837 st
1581 2781 1646 2838 me
1670 2783 1752 2838 non
1778 2751 1925 2841 fefellit

489 2867 735 2973 observatio,
755 2866 884 2950 multi>
899 2871 1026 2974 minits
1046 2868 1240 2957 infantum
1256 2871 1661 2978 intestina-torquent,
1683 2863 1798 2979 quim
1818 2868 1925 2954 adul·

484 3008 621 3064 torum
643 3012 655 3078 3
681 2981 760 3063 slve
786 2981 897 3088 qubd
922 3008 1045 3063 muco
1061 2981 1244 3067 'crassiori
1269 2980 1551 3085 involvantur,··
1578 2982 1656 3066 stve
1681 2979 1792 3091 qubd
1816 2979 1924 3066 fibrae

486 3093 681 3190 infantum
718 3091 933 3200 flexiliores
967 3084 1052 3176 snit.
1091 3093 1202 3176 Hinc
1234 3093 1333 3208 sapi:
1366 3094 1483 3177 hisce
1510 3095 1552 3175 in
1586 3093 1736 3180 casibus
1772 3095 1924 3208 proluit

479 3201 586 3321 ialap
615 3219 646 3288 rc'
670 3203 770 3289 usus'
791 3203 953 3289 resrasli
982 3206 1066 3290 doli
1094 3204 1320 3314 adhibitus,
1355 3215 1396 3290 bt
1425 3203 1537 3290 melli
1571 3209 1746 3291 intimihs
1778 3211 1923 3296 mixtus

480 3237 613 3430 quod
613 3322 693 3402 vim
712 3315 794 3422 ejus
817 3327 859 3402 bt
880 3320 1063 3422 uipyu'ru
1081 3317 1178 3403 mire
1198 3321 1375 3419 cicurat3
1395 3322 1479 3405 imb
1495 3327 1538 3404 bt
1557 3317 1750 3405 lenissime
1764 3324 1820 3406 ita
1835 3351 1923 3438 pur·

486 3459 577 3545 gat,
599 3455 643 3515 ut
662 3429 741 3514 mel
755 3428 913 3547 jalappa't
926 3436 1028 3517 vires
1048 3459 1258 3549 purgantes
1273 3433 1477 3517 detrahere
1492 3433 1694 3545 videatur,
1714 3431 1923 3522 alterantes

486 3547 584 3630 verb
598 3569 716 3655 atq‘ue
732 3541 928 3629 sblrentes
943 3546 1041 3630 adau
1072 3574 1151 3632 ere.
1170 3547 1226 3629 At
1238 3547 1280 3628 in
1294 3547 1598 3632 administrandis
1613 3547 1721 3632 hisce
1736 3547 1921 3638 remediis

478 3656 568 3741 duo
591 3657 742 3773 semper
764 3657 853 3742 sunt
872 3577 1105 3772 spesiantsa,
1130 3661 1332 3774 postquam
1358 3660 1408 3744 de
1435 3664 1555 3766 atatis
1580 3659 1857 3749 imbecillitate
1878 3671 1922 3750 bt

391 3825 393 3837 ι
478 3799 728 3886 ¹organorum
753 3773 1015 3863 teneritudine
1044 3771 1235 3883 judicium
1262 3773 1431 3878 seceris3
1463 3768 1517 3858 1⁰.
1542 3804 1590 3859 an
1612 3773 1700 3891 plus
1726 3777 1922 3884 craffitie;

471 3884 615 3970 -2⁰.=an
641 3885 730 4002 plus
758 3884 975 3970 acrimonib
999 3912 1169 4001 peccent
1191 3889 1409 3990 humores?
1431 3887 1475 3970 Si
1499 3891 1607 3976 enim
1631 3884 1721 4004 plus
1748 3893 1920 3975 acrimo-

471 4003 556 4082 niae
586 4025 773 4114 apparet,
805 3997 874 4082 illa
902 3999 991 4083 anni
1020 4004 1154 4084 omnia
1182 3999 1426 4086 retundenda
1452 4005 1538 4086 est:
1566 4029 1650 4113 quae
1679 4001 1920 4091 diluentibus

481 4111 604 4220 solis,
630 4115 813 4228 regimini
838 4116 926 4196 vittt
954 4111 1101 4198 leniori
1111 4123 1138 4220 ,'
1157 4115 1324 4227 vitatque
1347 4113 1547 4200 umbratili
1581 4115 1839 4200 obsecundat.
1873 4119 1918 4204 Si

482 4221 571 4338 plus
599 4228 762 4332 crassitie
784 4223 903 4336 quim
931 4225 1148 4311 acrimonil
1174 4255 1316 4344 peccet
1338 4232 1512 4336 humor,
1541 4255 1638 4314 tunc
1664 4230 1844 4343 proderit
1868 4259 1919 4316 ex

481 4336 801 4422 arrtimonialibus
817 4345 1033 4456 preparatis
1046 4339 1264 4455 sulphureis
1275 4339 1356 4427 illis
1374 4350 1517 4429 &non
1530 4345 1710 4428 emeritis
1724 4346 1780 4426 ita
1798 4342 1920 4458 adap-

481 4473 565 4532 tare
585 4451 868 4557 medicamina,
895 4481 941 4538 ut
960 4456 988 4538 st
1009 4453 1282 4572 glandularum
1302 4453 1430 4541 moles
1448 4456 1580 4567 aliqua
1601 4455 1625 4540 ὲ
1644 4457 1810 4570 regione
1826 4455 1919 4542 mali

481 4563 739 4671 intumuerit,
765 4573 859 4650 'cum
879 4569 1009 4676 resinis
1030 4597 1096 4655 ant
1111 4574 1263 4685 gummi
1282 4571 1528 4655 misceantur.
1550 4567 1759 4680 Simulque
1776 4572 1917 4684 ingens

474 4673 672 4760 habeatur
686 4681 918 4764 coitionum
934 4681 1428 4770 tuendarum'sollicitudo.
1455 4681 1714 4768 Praecavenda
1732 4685 1918 4798 pratereai

482 4786 635 4904 semper
654 4792 694 4872 in
711 4791 921 4878 infantibus
942 4793 1045 4878 acidi
1062 4795 1246 4882 virulenti
1260 4797 1481 4910 praesentia‚
1501 4794 1607 4880 unde
1620 4793 1745 4910 vulgo
1760 4795 1919 4882 Medici

469 4905 521 4996 in
546 4900 839 5020 proscribendis
867 4933 1073 4998 numerant
1101 4909 1360 4996 absorbentia.
1394 4907 1808 5027 referuntur-sulm
1834 4909 1919 4996 dias
