4250 5898
427 387 625 548 254⁸*
753 421 756 428 ’
955 427 1486 518 petronate

508 626 599 684 rore
611 625 703 681 curn
715 620 839 680 matre
852 595 1029 711 percelli.
1044 599 1320 710 Vegetantium
1336 625 1449 679 more
1462 591 1562 678 intri
1576 590 1707 676 alvum
1722 611 1942 676 maternam·

509 729 720 796 contentus
741 710 861 791 foetus
886 707 907 790 tl
932 709 1048 792 nullis
1075 706 1408 796 circumstantibus
1422 707 1540 806 ,idaeas
1564 731 1719 820 captare
1743 708 1880 818 potest.

565 826 621 906 At
637 887 651 928 ,
683 824 836 930 inquies
865 850 957 902 cum
989 821 1235 904 illustrissimo
1267 817 1607 924 Malebranchio,
1638 845 1771 901 motus
1798 821 1867 929 qui
1895 820 1941 900 in

510 937 694 1018 maternis
728 935 856 1016 nervis
894 937 1114 1018 excitantur
1153 932 1307 1048 paribus
1344 941 1385 1016 ὅ(
1422 930 1652 1015 fortioribus
1687 929 1940 1018 concuffibus

510 1075 654 1131 nervos
675 1049 817 1158 pariter
835 1045 991 1130 infantis
1009 1047 1198 1130 afficiunt.
1224 1045 1305 1128 Sed
1327 1044 1411 1128 sola
1433 1044 1675 1159 praesentium
1694 1041 1944 1148 objectorum

509 1157 604 1240 idaea
619 1187 761 1241 nervos
778 1157 912 1241 afficit.
941 1160 988 1241 In
1008 1157 1220 1244 infantibus
1238 1157 1329 1241 alvo
1347 1158 1541 1241 conclusis
1556 1156 1649 1240 idaea
1663 1155 1795 1242 similis
1813 1153 1942 1240 nulla:

511 1273 718 1382 expediant
734 1273 853 1356 vitam
873 1268 983 1353 illam
1003 1269 1050 1352 ab
1070 1271 1197 1354 animi
1221 1269 1482 1384 pendentem,
1503 1299 1585 1352 non
1602 1295 1751 1380 agunt5
1772 1279 1813 1353 dt
1832 1265 1943 1351 nulla

510 1383 612 1465 inter
632 1412 701 1467 eos
719 1391 760 1466 δι
777 1407 963 1488 matrem,
978 1385 1047 1465 nifi
1059 1413 1130 1499 per
1145 1385 1353 1488 humores,
1370 1384 1481 1467 datur
1496 1385 1823 1467 communicatio.
1843 1381 1945 1463 Prae-

510 1494 617 1578 terei
627 1495 805 1580 videmus
818 1496 997 1604 quotidie
1012 1523 1152 1580 matres
1163 1521 1253 1604 toto
1267 1499 1490 1610 gestationis
1505 1520 1686 1609 ternpore
1699 1493 1839 1578 misere
1852 1522 1943 1577 con·

451 1669 456 1677 ·
510 1604 615 1690 velli
630 1672 644 1713 ,
680 1605 906 1713 jaciationes
936 1635 1089 1692 artuum
1115 1607 1376 1718 undequique
1404 1611 1518 1720 pati,
1553 1609 1726 1692 vomitus
1757 1635 1941 1691 enormes

512 1724 707 1833 experiri,
732 1723 815 1802 imo
839 1728 878 1802 ὃ(
903 1721 1047 1804 furiosa
1065 1720 1213 1806 deliria.
1235 1720 1351 1805 Nihil
1378 1724 1543 1803 omnino
1563 1723 1757 1814 autemlin
1778 1717 1941 1803 foetibus

512 1860 613 1940 quos
649 1831 892 1944 iprelfrone
920 1864 1020 1944 aqua
1046 1835 1222 1920 defendit
1248 1836 1388 1916 mutati
1420 1835 1627 1917 invenitur.
1664 1828 1777 1942 Quid
1815 1836 1943 1944 ergoi

513 1944 557 2024 Si
579 1945 672 2026 ditm
688 1946 966 2056 crurifragium
986 1947 1129 2060 speclat
1142 1952 1183 2029 in
1199 1945 1312 2030 turbst
1328 1947 1513 2060 deprensa
1528 1945 1631 2027 &ad
1646 1946 1813 2027 invisum
1831 1973 1942 2029 com·

510 2053 619 2166 pulsa
640 2053 903 2168 speclaculum
929 2084 1077 2164 mater,
1098 2058 1277 2143 horrebit
1298 2085 1407 2163 tota,
1430 2055 1676 2141 convelletur
1698 2065 1739 2140 dt
1761 2057 1816 2140 ob
1841 2060 1941 2142 diras

511 2167 788 2250 convulfiones
809 2171 940 2251 animo
960 2166 1169 2285 linquetur.
1193 2170 1266 2266 Nil
1285 2169 1494 2254 limile'sub
1514 2169 1726 2253 involucro
1748 2169 1941 2254 convulso

509 2279 647 2361 videns
671 2280 858 2363 infans&
881 2311 974 2364 cum
999 2287 1126 2366 nervis
1143 2311 1263 2394 atque
1285 2309 1435 2366 terrore
1458 2286 1589 2366 matris
1610 2280 1709 2365 nihil
1726 2310 1940 2366 commune-

509 2389 688 2497 habens,
713 2392 934 2478 ftcruribus
959 2421 1076 2506 atque
1100 2395 1268 2480 brachiis
1291 2395 1418 2478 statiis
1433 2398 1475 2477 in
1494 2395 1629 2498 lucem,
1645 2395 1809 2501 edatur,
1833 2395 1874 2482 'td
1891 2391 1942 2476 ab

508 2504 718 2587 accidente
739 2503 884 2609 habet,
913 2506 981 2590 fed
1002 2507 1049 2590 ab
1068 2508 1273 2594 accidente
1295 2511 1364 2618 qui
1383 2538 1478 2593 cum
1496 2508 1579 2594 viso
1604 2505 1799 2624 supplicio
1825 2537 1940 2592 com-

509 2644 632 2699 mune
651 2614 798 2726 aliquid
816 2617 963 2703 habere
978 2650 1060 2703 non
1078 2623 1205 2734 polstt.
1488 2657 1491 2662 Δ

439 2767 441 2770 ·
519 2791 525 2801 .
564 2727 1015 2840 Verum,inquiunt,ut
1032 2732 1128 2840 sape
1146 2733 1193 2817 ab
1209 2734 1360 2848 aspefiu
1380 2736 1616 2818 tufstentium
1636 2737 1677 2817 in
1696 2737 1829 2818 tull'rm
1852 2763 1943 2818 con·

508 2840 711 2947 citamur,
747 2869 791 2925 ut
825 2843 1006 2928 oscitatio
1046 2846 1319 2931 oscitationem
1355 2875 1550 2962 provocat
1565 2909 1578 2953 ,
1615 2873 1661 2930 ut
1694 2846 1862 2932 difficile
1889 2851 1940 2931 est

509 2980 742 3042 uomentem
769 2955 908 3040 videre
959 2961 1031 3041 uin
1057 2961 1203 3042 oriatur
1234 2960 1396 3065 nausea,
1429 2961 1564 3070 quidni
1591 2963 1776 3071 pathema
1808 2963 1941 3044 martia

509 3065 552 3145 in
572 3065 763 3148 infantem
783 3065 830 3148 ab
856 2987 1013 3153 attulms
1036 3073 1167 3154 matris
1188 3071 1236 3154 ad
1258 3099 1364 3156 attus·
1380 3072 1536 3156 infantis
1557 3072 1817 3158 correlativos
1841 3075 1941 3156 fera·

508 3181 606 3256 turi
628 3178 717 3258 Imo
742 3176 856 3261 multi
877 3181 964 3264 sunt
983 3183 1083 3266 adei)
1105 3181 1289 3290 delicati,
1318 3186 1417 3270 adeo
1440 3177 1547 3270 sensu
1573 3188 1766 3294 exquisito
1794 3186 1938 3300 ptaediti

508 3289 692 3372 homines
711 3316 755 3372 ut
771 3287 1014 3398 objectorum
1030 3321 1097 3378 aut
1114 3299 1397 3403 terrificorum,
1418 3323 1484 3380 aut
1497 3297 1788 3382 horrendorum
1802 3297 1937 3406 injefia

508 3404 662 3485 mentio
693 3404 796 3516 ipsos
825 3407 867 3485 in
897 3405 1175 3492 convulsiones
1203 3435 1269 3493 aut
1298 3415 1419 3492 animi
1449 3409 1618 3520 deliquia
1650 3409 1797 3525 adigat.
1840 3413 1935 3521 Qua

509 3517 667 3619 omnia,
698 3541 741 3598 ut
773 3513 822 3597 ab
849 3517 1033 3601 omnibus
1062 3521 1141 3604 visa
1168 3528 1210 3604 ot
1234 3527 1443 3607 communi
1466 3524 1534 3605 usu
1565 3521 1828 3638 deprehensa,
1858 3553 1937 3607 non

507 3633 717 3738 negamus,
745 3627 869 3728 modi)
895 3629 1087 3741 fateantur
1112 3662 1250 3717 omnes
1275 3637 1356 3718 hac
1383 3640 1516 3720 omnia
1539 3634 1588 3718 ab
1613 3635 1716 3718 idaeis
1741 3640 1783 3720 in
1807 3661 1938 3720 mente

507 3741 613 3932 prius
630 3739 784 3823 fortiter
798 3741 974 3826 formatis
988 3751 1028 3826 &t
1045 3747 1232 3859 imprelsrs
1245 3749 1435 3860 pendere,
1452 3749 1517 3832 sed
1536 3746 1691 3832 alteriits
1707 3749 1845 3832 idaeam
1860 3747 1937 3830 nul·

496 3924 499 3934 ,
526 3856 659 3935 atenus
679 3856 720 3935 in
745 3883 819 3936 nos
843 3883 972 3966 agere.
1002 3855 1085 3940 Hic
1114 3859 1223 3942 casus
1242 3863 1294 3943 est
1319 3861 1435 3945 foetis
1462 3863 1501 3942 in
1524 3885 1637 3944 utero
1665 3859 1821 3945 latentis
1846 3865 1932 3970 qui,

508 3961 606 4046 licet
629 3965 907 4050 communibus
935 3997 1028 4051 cum
1052 3996 1176 4054 matre
1203 3970 1418 4057 involucris
1444 3977 1596 4078 tesius,
1622 3971 1780 4056 nullum
1804 3999 1932 4058 tamen

507 4074 685 4184 sensum,
707 4076 854 4161 nullam
877 4077 1012 4182 idaeani
1035 4080 1083 4163 ab
1105 4081 1151 4166 cai
1172 4113 1383 4168 mutuatur.

566 4185 676 4272 Hinc
697 4195 873 4298 quamvis
891 4191 1087 4300 lacobus,
1104 4196 1196 4276 Rex
1211 4195 1386 4309 Angliae,
1405 4197 1560 4281 dillrifli
1577 4196 1670 4281 ferti
1689 4199 1815 4282 aciem
1832 4196 1932 4283 ferre

510 4325 593 4379 non
614 4301 740 4424 pollet
759 4303 849 4404 ante
868 4302 1010 4389 oculos
1020 4366 1034 4411 ,
1063 4304 1219 4390 aliunde
1244 4308 1490 4417 fortissimus,
1517 4311 1557 4392 id
1578 4307 1718 4393 n'ativae
1737 4309 1931 4394 timiditati

509 4433 577 4490 aut
595 4413 843 4523 praejudicata
864 4419 1042 4529 opinioni
1066 4445 1275 4532 acceptum
1295 4419 1440 4517 debere
1457 4423 1713 4528 crediderim,
1737 4453 1820 4512 non
1839 4427 1932 4508 uero

509 4519 602 4651 inde
623 4525 877 4638 repetendum
905 4531 1019 4637 quod
1040 4531 1168 4614 Maria
1188 4534 1343 4617 Stuarta
1367 4533 1449 4641 ejus
1480 4563 1624 4640 mater,
1654 4535 1750 4618 ditm
1776 4536 1933 4649 gravida

508 4629 635 4744 ipsum
659 4661 771 4717 utero
798 4666 974 4748 gereret,
1008 4644 1174 4728 confodi
1197 4643 1336 4760 gladiis
1367 4647 1457 4732 antia
1485 4646 1627 4732 oculos
1654 4646 1765 4731 suum
1794 4649 1934 4732 uiderit

506 4744 704 4826 amanum.
742 4747 889 4834 Forsan
921 4757 963 4836 in
999 4756 1164 4868 pueritii
1199 4758 1400 4844 multoties
1436 4765 1601 4876 repetita
1630 4785 1743 4843 atrox
1779 4763 1931 4845 historia

374 4871 386 4889 ⁸
504 4859 616 4968 pueri
630 4881 804 4943 mentem
819 4863 1060 4980 perculerat,
1083 4877 1125 4956 ὃ(
1138 4870 1231 4967 inde
1249 4873 1388 4961 odium
1405 4876 1447 4960 in
1461 4875 1615 4991 gladios
1631 4901 1783 4966 aarum.
1800 4871 1934 4970 Mula
