4536 5882
1059 347 1581 491 DEMoRBts

929 619 1512 766 'ARTICULUS
1575 619 1701 708 ΙΙΙ.

808 835 878 922 Dc
901 834 1057 976 Cluvis,
1083 837 1207 924 Tullia
1218 899 1235 946 ,
1261 837 1380 922 Collis
1397 832 1539 952 pedum
1561 833 1597 916 dt
1623 845 1815 914 munuum

666 1059 774 1146 Tdau
800 1061 1062 1170 Graecorum,
1090 1061 1198 1147 idem
1218 1063 1307 1146 sunt
1327 1089 1444 1172 atque
1466 1055 1557 1142 calli
1582 1025 1848 1159 sannorum,
1868 1079 1943 1162 quo
1958 1047 2025 1144 sul)¹

610 1197 756 1289 genere
770 1174 953 1259 universae
968 1174 1115 1286 species
1132 1176 1424 1259 indurationum
1443 1177 1483 1256 in
1498 1171 1700 1284 superficie
1717 1169 1820 1252 cutis
1839 1191 2022 1250 emtarum

594 1287 1013 1404 comprehenduntur.
1036 1289 1119 1374 Sed
1139 1286 1265 1396 clavi,
1289 1288 1357 1371 seu
1378 1312 1552 1372 tumores
1573 1279 1707 1365 casson
1728 1278 1751 1362 i
1771 1277 1920 1390 reliqui
1939 1289 2024 1360 cute

610 1399 741 1486 vicini
763 1398 922 1508 sejuncii
948 1427 1065 1512 atque
1087 1403 1249 1486 distinm
1275 1397 1466 1516 praecipue
1489 1397 1538 1480 ad
1564 1394 1682 1510 pedes
1708 1396 1931 1508 pertinent:
1953 1391 2021 1472 ho-

610 1544 699 1598 rum
730 1512 855 1598 etiam·
880 1511 1026 1629 duplex
1058 1514 1208 1599 secies
1235 1511 1512 1626 distinguenda.
1546 1509 1593 1592 In
1625 1505 1744 1590 alteri
1775 1509 1882 1589 etaim
1908 1500 2022 1590 callut

591 1625 775 1743 :simplex
794 1656 844 1712 ex
862 1625 1022 1712 laminis
1039 1546 1108 1710 fisi
1130 1626 1361 1740 superstratis
1384 1625 1557 1720 constat3
1571 1623 1612 1703 in
1630 1616 1750 1744 alteri
1769 1621 1868 1702 veto
1885 1615 2020 1718 mediaju

608 1743 712 1826 inter
733 1740 896 1824 laminas
918 1743 1107 1856 reperitur
1135 1737 1259 1822 callus
1286 1737 1309 1822 *a
1332 1739 1478 1822 caeteris
1498 1734 1650 1820 laminis
1675 1733 1867 1838 sejuncius
1886 1738 1924 1814 δι
1940 1732 2019 1814 vin·

611 1853 712 1938 culis
744 1858 865 1966 ruptis
897 1851 1025 1957 liber,
1055 1855 1140 1934 imo
1164 1861 1205 1935 dt
1235 1852 1379 1934 saelum
1402 1852 1455 1934 est
1481 1844 1688 1954 aliquando
1702 1905 1718 1950 ,
1745 1852 1787 1929 dt
1813 1841 1942 1929 vidisse
1959 1871 2021 1928 me

608 1968 797 2068 memini,
822 1988 866 2046 ut
888 1967 989 2045 inter
1012 1960 1174 2048 laminas
1194 1967 1280 2049 istas
1295 1967 1337 2046 in
1353 1981 1455 2049 cav'o
1474 1957 1628 2046 inclusae
1647 1953 1816 2074 lymphae
1827 1953 2022 2073 pellucido

607 2101 726 2192 guttae
748 2072 901 2183 aliquot
922 2076 1193 2186 reperirentur.
2004 2079 2009 2090 '

604 2225 608 2234 ·
665 2185 866 2270 Tumores
891 2183 1073 2268 callosri
1105 2184 1302 2269 scirrhosrs
1329 2185 1632 2296 distinguuntur,
1652 2183 1758 2292 quod
1776 2183 1908 2266 eadem
1926 2180 2016 2264 loca

607 2327 691 2382 non
710 2323 923 2411 occupent.
946 2298 1054 2380 Nam
1067 2297 1219 2412 semper
1236 2299 1481 2411 superficiem
1493 2301 1677 2380 extimam
1697 2297 1797 2378 cutis
1810 2297 2016 2405 attingunt,

608 2419 652 2495 ὅ(
676 2413 703 2492 sr
725 2407 937 2518 aliquando
960 2407 1061 2493 intri
1087 2415 1211 2524 premi
1240 2417 1281 2494 ὅ(
1309 2407 1541 2523 profundius
1565 2407 1708 2492 intrudi
1731 2405 1930 2491 videantur
1941 2467 1956 2511 ,
1980 2407 2019 2502 i'd

606 2518 731 2605 isoli
750 2521 942 2632 prelsrone
963 2550 1107 2607 ortum.
1136 2524 1207 2607 Sui
1227 2522 1314 2606 sunt
1334 2523 1452 2606 etiam
1474 2519 1695 2606 tendinibus
1715 2518 1833 2625 calli,
1854 2519 1923 2604 suae
1939 2517 2025 2604 suot

607 2636 802 2750 periosteo
821 2632 1089 2719 indurationes
1109 2667 1122 2735 3
1143 2635 1210 2719 scd
1230 2633 1251 2718 a
1272 2631 1384 2720 callis
1404 2661 1447 2716 ut
1465 2632 1563 2716 loco
1584 2630 1802 2739 abludunt,
1822 2636 1873 2716 ita
1889 2635 1929 2716 in
1944 2636 2022 2718 hoc

606 2743 744 2830 naturi
769 2745 1020 2831 consentiunt
1040 2748 1150 2858 quod
1172 2750 1214 2830 in
1233 2773 1376 2831 neutro
1407 2749 1603 2830 horumce
1623 2745 1785 2828 casium
1804 2742 1882 2827 ulla
1912 2773 2022 2858 orga-

607 2857 747 2942 nisatio
766 2857 952 2943 destructa
970 2861 1036 2967 stt,
1058 2858 1186 2943 ullum
1214 2857 1309 2943 adlit
1333 2861 1464 2942 cancri
1490 2855 1720 2973 periculum.
1746 2853 1892 2941 Clavus
1913 2861 2026 2972 igitur

605 2996 724 3080 atque
744 2965 1013 3055 callus'unum
1037 2973 1204 3056 &idem
1226 2971 1315 3055 sunt
1326 3033 1341 3077 ,
1363 2969 1659 3058 formentum
1683 2972 1892 3079 differunt,
1913 2999 2023 3081 quam

604 3083 742 3166 formae
763 3085 991 3168 varietatem
1015 3083 1134 3169 insert
1151 3083 1265 3168 causa
1281 3112 1375 3167 com
1404 3087 1565 3168 timens.

572 3295 575 3302 Ι
661 3189 800 3276 Callus
814 3198 919 3276 enim
937 3199 1067 3277 omnis
1086 3200 1129 3278 in
1149 3223 1241 3280 cute
1262 3114 1421 3280 aliunde
1438 3195 1524 3278 sami
1548 3225 1770 3307 nunquam,
1793 3199 1860 3279 nist
1880 3193 2026 3280 lause

605 3303 766 3390 externi
788 3307 1079 3419 comprimente
1097 3309 1242 3412 oritur,
1265 3315 1308 3390 dt
1327 3309 1355 3390 sr
1377 3339 1460 3418 quae
1480 3304 1528 3390 ab
1547 3311 1706 3392 internis
1726 3307 1892 3392 nascitur
1908 3309 2029 3392 causta

606 3419 706 3502 cutis
727 3417 1034 3523 indurescentia,
1056 3417 1246 3503 scirrhosa
1260 3416 1328 3503 illa
1343 3423 1418 3526 est,
1439 3427 1480 3500 δι
1497 3417 1518 3502 ὲ
1533 3417 1639 3503 callo
1659 3425 1742 3504 tiam
1763 3419 1922 3526 nentri,
1946 3425 2029 3504 tiam

603 3525 628 3612 a
651 3528 740 3612 satis
760 3533 931 3642 cognitis
954 3528 1279 3644 symptomatibua
1305 3532 1434 3616 differt
1457 3537 1498 3616 dt
1521 3529 1723 3647 discrepat.
1746 3533 1838 3616 Nec
1858 3531 1939 3618 ulla
1962 3532 2031 3618 ad·

602 3640 795 3749 mittenda
821 3643 874 3742 est
901 3643 1002 3725 inter
1027 3640 1156 3727 callos
1181 3644 1425 3749 differentia,
1451 3641 1804 3757 autmalignorum
1829 3674 1898 3728 aut
1923 3644 2030 3730 beni·

603 3778 803 3947 §norum
824 3752 891 3834 sed
907 3783 990 3892 quae
1014 3752 1062 3836 ab
1082 3757 1128 3838 iia
1148 3760 1378 3840 exoriuntur
1396 3756 1684 3870 symptomata,
1706 3785 1935 3872 repetuntur
1951 3763 2030 3842 tium

645 3861 772 3946 sormi
781 3926 794 3969 ‚
817 3869 902 3949 tiam
921 3895 943 3947 a
959 3862 1059 3948 loco
1074 3896 1289 3981 occupato.
1307 3867 1534 3978 Aliquando
1550 3895 1682 3952 tamen
1699 3897 1880 3954 verrucas
1904 3873 2031 3954 corni·

588 4002 706 4091 'tatur
725 3974 871 4082 callus,
890 3976 956 4061 seu
970 3981 1101 4091 potius
1115 4007 1287 4064 verruca
1304 4007 1506 4066 uertuntur
1521 3983 1562 4063 in
1577 3978 1727 4088 callos,
1741 3983 1855 4092 quod
1870 3982 2030 4094 quidem

601 4085 766 4199 aliquod
789 4092 829 4170 in
854 4094 1061 4174 curatione¹
1081 4089 1294 4178 discrimen·
1310 4093 1448 4177 afferre
1469 4095 1605 4206 potest.
1632 4091 1748 4177 Unde
1772 4121 1816 4180 ut
1836 4095 2036 4209 diagnosat

603 4202 765 4284 evidens
779 4203 853 4306 est,
873 4203 927 4283 ita
947 4210 988 4284 dt
1007 4205 1210 4316 prognosrs
1229 4206 1296 4287 srm
1324 4204 1400 4289 lex.
1420 4205 1532 4314 Quas
1546 4231 1736 4292 tamenut
1752 4207 2036 4323 prosequamur

602 4311 727 4421 pauca
742 4312 797 4396 ¹de
820 4309 1013 4396 callorum
1037 4313 1264 4400 differentiis
1286 4237 1551 4431 distinguenda
1578 4319 1683 4404 sunt.

661 4420 765 4506 Calli
782 4453 921 4508 omnes
931 4483 945 4530 ,
967 4453 1010 4509 ut
1029 4426 1218 4534 diximus,
1236 4428 1258 4512 l
1274 4430 1561 4545 compressione
1577 4433 1766 4515 oriuntur.
1782 4429 1883 4516 Hac
1900 4435 2038 4516 autem

603 4537 839 4642 compressro
864 4566 945 4620 non
968 4539 1083 4621 unitis
1104 4538 1183 4624 diei
1206 4545 1258 4626 est
1282 4575 1295 4642 3
1322 4571 1397 4628 nec
1421 4571 1552 4629 tamen
1578 4541 1637 4626 illi
1661 4543 1762 4630 adeo
1789 4542 1926 4657 longis
1950 4543 2038 4627 for·

602 4671 758 4726 mantua
781 4648 1010 4734 intervallis.
1042 4651 1205 4735 Norunt
1229 4654 1271 4736 id
1296 4683 1434 4742 omnes
1460 4661 1527 4766 qui
1549 4657 1744 4768 pedinem
1768 4657 2042 4742 instrumentis

587 4759 757 4887 ,musteis
790 4761 996 4849 tractandis
1032 4789 1167 4884 aptum
1201 4765 1353 4883 semper
1382 4771 1526 4860 eodem
1562 4765 1713 4882 pollice
1743 4771 2037 4882 comprimunt.
