<?xml version="1.0" encoding="UTF-8"?>
<!DOCTYPE html PUBLIC "-//W3C//DTD XHTML 1.0 Transitional//EN"
    "http://www.w3.org/TR/xhtml1/DTD/xhtml1-transitional.dtd">
<html xmlns="http://www.w3.org/1999/xhtml" xml:lang="en" lang="en">
 <head>
  <title>
</title>
<meta http-equiv="Content-Type" content="text/html;charset=utf-8" />
  <meta name='ocr-system' content='tesseract 3.04.00' />
  <meta name='ocr-capabilities' content='ocr_page ocr_carea ocr_par ocr_line ocrx_word'/>
</head>
<body>
  <div class='ocr_page' id='page_1' title='image "./tractatusdemorb00cavegoog_0469.png"; bbox 0 0 1060 1475; ppageno 0'>
   <div class='ocr_carea' id='block_1_1' title="bbox 256 98 745 127">
    <p class='ocr_par' dir='ltr' id='par_1_1' title="bbox 256 98 745 127">
     <span class='ocr_line' id='line_1_1' title="bbox 256 98 745 127; baseline -0.004 -5"><span class='ocrx_word' id='word_1_1' title='bbox 256 101 299 127; x_wconf 69' lang='lat'>446</span> <span class='ocrx_word' id='word_1_2' title='bbox 474 99 528 121; x_wconf 84' lang='lat' dir='ltr'>DE</span> <span class='ocrx_word' id='word_1_3' title='bbox 563 98 745 121; x_wconf 81' lang='lat' dir='ltr'>MORBIS</span> 
     </span>
    </p>
   </div>
   <div class='ocr_carea' id='block_1_2' title="bbox 240 138 978 1249">
    <p class='ocr_par' dir='ltr' id='par_1_2' title="bbox 255 138 978 256">
     <span class='ocr_line' id='line_1_2' title="bbox 255 138 978 162; baseline 0 0"><span class='ocrx_word' id='word_1_4' title='bbox 255 141 350 162; x_wconf 70' lang='lat' dir='ltr'>arborum</span> <span class='ocrx_word' id='word_1_5' title='bbox 363 140 415 162; x_wconf 82' lang='lat' dir='ltr'>libro</span> <span class='ocrx_word' id='word_1_6' title='bbox 430 139 492 161; x_wconf 85' lang='lat' dir='ltr'>libera</span> <span class='ocrx_word' id='word_1_7' title='bbox 505 140 595 162; x_wconf 76' lang='lat' dir='ltr'>videatur</span> <span class='ocrx_word' id='word_1_8' title='bbox 606 142 627 162; x_wconf 74' lang='grc'>6(</span> <span class='ocrx_word' id='word_1_9' title='bbox 640 140 681 162; x_wconf 77' lang='lat' dir='ltr'>fere</span> <span class='ocrx_word' id='word_1_10' title='bbox 692 139 768 161; x_wconf 79' lang='lat' dir='ltr'>divulsa</span> <span class='ocrx_word' id='word_1_11' title='bbox 780 138 821 161; x_wconf 87' lang='lat' dir='ltr'>leni</span> <span class='ocrx_word' id='word_1_12' title='bbox 833 138 925 161; x_wconf 72' lang='lat' dir='ltr'>friffione</span> <span class='ocrx_word' id='word_1_13' title='bbox 937 145 978 162; x_wconf 78' lang='lat' dir='ltr'>ton</span> 
     </span>
     <span class='ocr_line' id='line_1_3' title="bbox 257 167 978 198; baseline -0.003 -7"><span class='ocrx_word' id='word_1_14' title='bbox 257 171 361 191; x_wconf 82' lang='lat' dir='ltr'>eximatur.</span> <span class='ocrx_word' id='word_1_15' title='bbox 375 169 443 190; x_wconf 83' lang='lat' dir='ltr'>Crusta</span> <span class='ocrx_word' id='word_1_16' title='bbox 453 169 495 190; x_wconf 81' lang='lat' dir='ltr'>haec</span> <span class='ocrx_word' id='word_1_17' title='bbox 505 169 585 192; x_wconf 79' lang='lat' dir='ltr'>seorfim</span> <span class='ocrx_word' id='word_1_18' title='bbox 597 169 673 198; x_wconf 83' lang='lat' dir='ltr'>sumpta</span> <span class='ocrx_word' id='word_1_19' title='bbox 683 168 785 197; x_wconf 80' lang='lat' dir='ltr'>pellucet,</span> <span class='ocrx_word' id='word_1_20' title='bbox 800 167 834 189; x_wconf 85' lang='lat' dir='ltr'>sed</span> <span class='ocrx_word' id='word_1_21' title='bbox 845 167 923 190; x_wconf 67' lang='lat' dir='ltr'>sordidfi</span> <span class='ocrx_word' id='word_1_22' title='bbox 935 168 978 197; x_wconf 83' lang='lat' dir='ltr'>pel-</span> 
     </span>
     <span class='ocr_line' id='line_1_4' title="bbox 258 197 978 226; baseline -0.001 -7"><span class='ocrx_word' id='word_1_23' title='bbox 258 198 362 219; x_wconf 85' lang='lat' dir='ltr'>luciditate</span> <span class='ocrx_word' id='word_1_24' title='bbox 370 206 376 222; x_wconf 82' lang='lat'>;</span> <span class='ocrx_word' id='word_1_25' title='bbox 388 198 408 218; x_wconf 84' lang='lat' dir='ltr'>in</span> <span class='ocrx_word' id='word_1_26' title='bbox 415 197 465 225; x_wconf 65' lang='lat' dir='ltr'>aqua</span> <span class='ocrx_word' id='word_1_27' title='bbox 474 204 558 226; x_wconf 82' lang='lat' dir='ltr'>excepta</span> <span class='ocrx_word' id='word_1_28' title='bbox 567 197 667 218; x_wconf 86' lang='lat' dir='ltr'>mollescit</span> <span class='ocrx_word' id='word_1_29' title='bbox 676 199 696 218; x_wconf 73' lang='grc' dir='ltr'>δι</span> <span class='ocrx_word' id='word_1_30' title='bbox 704 198 726 218; x_wconf 88' lang='lat' dir='ltr'>in</span> <span class='ocrx_word' id='word_1_31' title='bbox 735 204 817 218; x_wconf 88' lang='lat' dir='ltr'>mucum</span> <span class='ocrx_word' id='word_1_32' title='bbox 825 198 908 218; x_wconf 82' lang='lat' dir='ltr'>vertitur</span> <span class='ocrx_word' id='word_1_33' title='bbox 914 213 922 224; x_wconf 91' lang='lat'><em>‚</em></span> <span class='ocrx_word' id='word_1_34' title='bbox 932 204 978 218; x_wconf 82' lang='lat' dir='ltr'>coa-</span> 
     </span>
     <span class='ocr_line' id='line_1_5' title="bbox 258 225 978 256; baseline 0 -9"><span class='ocrx_word' id='word_1_35' title='bbox 258 227 337 256; x_wconf 82' lang='lat' dir='ltr'>gulatur</span> <span class='ocrx_word' id='word_1_36' title='bbox 348 225 420 252; x_wconf 80' lang='lat' dir='ltr'>a&#39;cidis,</span> <span class='ocrx_word' id='word_1_37' title='bbox 429 225 505 247; x_wconf 86' lang='lat' dir='ltr'>levibus</span> <span class='ocrx_word' id='word_1_38' title='bbox 517 225 600 252; x_wconf 87' lang='lat' dir='ltr'>leviter,</span> <span class='ocrx_word' id='word_1_39' title='bbox 611 225 695 247; x_wconf 75' lang='lat' dir='ltr'>fortibus</span> <span class='ocrx_word' id='word_1_40' title='bbox 705 226 795 250; x_wconf 77' lang='lat' dir='ltr'>fortiter3</span> <span class='ocrx_word' id='word_1_41' title='bbox 807 232 854 246; x_wconf 88' lang='lat' dir='ltr'>cum</span> <span class='ocrx_word' id='word_1_42' title='bbox 862 225 922 246; x_wconf 85' lang='lat' dir='ltr'>acido</span> <span class='ocrx_word' id='word_1_43' title='bbox 934 227 978 247; x_wconf 80' lang='lat' dir='ltr'>nitri</span> 
     </span>
    </p>

    <p class='ocr_par' dir='ltr' id='par_1_3' title="bbox 240 253 978 710">
     <span class='ocr_line' id='line_1_6' title="bbox 240 253 978 283; baseline -0.001 -8"><span class='ocrx_word' id='word_1_44' title='bbox 240 267 242 269; x_wconf 66' lang='lat'>&gt;</span> <span class='ocrx_word' id='word_1_45' title='bbox 257 254 309 283; x_wconf 60' lang='lat' dir='ltr'>&#39;aqua</span> <span class='ocrx_word' id='word_1_46' title='bbox 317 255 422 276; x_wconf 78' lang='lat' dir='ltr'>mitificato</span> <span class='ocrx_word' id='word_1_47' title='bbox 429 254 529 279; x_wconf 74' lang='lat' dir='ltr'>flavescit3</span> <span class='ocrx_word' id='word_1_48' title='bbox 540 255 607 275; x_wconf 79' lang='lat' dir='ltr'>omnia</span> <span class='ocrx_word' id='word_1_49' title='bbox 615 254 700 282; x_wconf 83' lang='lat' dir='ltr'>denique</span> <span class='ocrx_word' id='word_1_50' title='bbox 706 254 760 274; x_wconf 84' lang='lat' dir='ltr'>muci</span> <span class='ocrx_word' id='word_1_51' title='bbox 767 253 870 282; x_wconf 72' lang='lat' dir='ltr'>simplicis,</span> <span class='ocrx_word' id='word_1_52' title='bbox 881 260 916 275; x_wconf 82' lang='lat' dir='ltr'>aut</span> <span class='ocrx_word' id='word_1_53' title='bbox 925 254 978 275; x_wconf 81' lang='lat' dir='ltr'>albu-</span> 
     </span>
     <span class='ocr_line' id='line_1_7' title="bbox 259 282 977 311; baseline 0 -7"><span class='ocrx_word' id='word_1_54' title='bbox 259 284 317 304; x_wconf 78' lang='lat' dir='ltr'>minis</span> <span class='ocrx_word' id='word_1_55' title='bbox 328 283 362 304; x_wconf 88' lang='lat' dir='ltr'>ovi</span> <span class='ocrx_word' id='word_1_56' title='bbox 373 283 507 311; x_wconf 82' lang='lat' dir='ltr'>phoenomena</span> <span class='ocrx_word' id='word_1_57' title='bbox 518 282 606 304; x_wconf 80' lang='lat' dir='ltr'>exhibet.</span> <span class='ocrx_word' id='word_1_58' title='bbox 620 282 668 303; x_wconf 86' lang='lat' dir='ltr'>Plus</span> <span class='ocrx_word' id='word_1_59' title='bbox 681 283 735 303; x_wconf 82' lang='lat' dir='ltr'>muci</span> <span class='ocrx_word' id='word_1_60' title='bbox 745 282 797 303; x_wconf 70' lang='lat' dir='ltr'>illius</span> <span class='ocrx_word' id='word_1_61' title='bbox 809 282 887 303; x_wconf 81' lang='lat' dir='ltr'>crustofi</span> <span class='ocrx_word' id='word_1_62' title='bbox 898 283 977 311; x_wconf 83' lang='lat' dir='ltr'>ingene-</span> 
     </span>
     <span class='ocr_line' id='line_1_8' title="bbox 258 310 976 338; baseline -0.001 -6"><span class='ocrx_word' id='word_1_63' title='bbox 258 319 302 332; x_wconf 81' lang='lat' dir='ltr'>rant</span> <span class='ocrx_word' id='word_1_64' title='bbox 316 311 400 332; x_wconf 76' lang='lat' dir='ltr'>infantes</span> <span class='ocrx_word' id='word_1_65' title='bbox 406 327 413 338; x_wconf 89' lang='lat'>‚</span> <span class='ocrx_word' id='word_1_66' title='bbox 426 310 460 332; x_wconf 89' lang='lat' dir='ltr'>ubi</span> <span class='ocrx_word' id='word_1_67' title='bbox 486 311 516 332; x_wconf 75' lang='lat' dir='ltr'>lus</span> <span class='ocrx_word' id='word_1_68' title='bbox 528 311 639 332; x_wconf 84' lang='lat' dir='ltr'>comedunt</span> <span class='ocrx_word' id='word_1_69' title='bbox 646 326 653 337; x_wconf 92' lang='lat'><em>,</em></span> <span class='ocrx_word' id='word_1_70' title='bbox 663 311 727 331; x_wconf 70' lang='lat' dir='ltr'>minus</span> <span class='ocrx_word' id='word_1_71' title='bbox 734 326 741 337; x_wconf 87' lang='lat'>‚</span> <span class='ocrx_word' id='word_1_72' title='bbox 755 310 789 331; x_wconf 87' lang='lat' dir='ltr'>ubi</span> <span class='ocrx_word' id='word_1_73' title='bbox 799 317 895 332; x_wconf 77' lang='lat' dir='ltr'>vexantur</span> <span class='ocrx_word' id='word_1_74' title='bbox 905 310 976 332; x_wconf 54' lang='lat' dir='ltr'>inediss.</span> 
     </span>
     <span class='ocr_line' id='line_1_9' title="bbox 257 339 976 368; baseline 0 -8"><span class='ocrx_word' id='word_1_75' title='bbox 257 339 321 361; x_wconf 84' lang='lat' dir='ltr'>Nulla</span> <span class='ocrx_word' id='word_1_76' title='bbox 334 340 417 361; x_wconf 71' lang='lat' dir='ltr'>omnino</span> <span class='ocrx_word' id='word_1_77' title='bbox 429 347 463 360; x_wconf 89' lang='lat' dir='ltr'>cru</span> <span class='ocrx_word' id='word_1_78' title='bbox 479 348 494 360; x_wconf 63' lang='grc' dir='ltr'><strong>Ξ</strong></span> <span class='ocrx_word' id='word_1_79' title='bbox 504 339 557 360; x_wconf 69' lang='lat' dir='ltr'>illius</span> <span class='ocrx_word' id='word_1_80' title='bbox 566 340 587 360; x_wconf 89' lang='lat' dir='ltr'>in</span> <span class='ocrx_word' id='word_1_81' title='bbox 597 339 671 361; x_wconf 82' lang='lat' dir='ltr'>morbis</span> <span class='ocrx_word' id='word_1_82' title='bbox 682 339 786 368; x_wconf 76' lang='lat' dir='ltr'>produfflo</span> <span class='ocrx_word' id='word_1_83' title='bbox 798 339 833 365; x_wconf 79' lang='lat' dir='ltr'>fit,</span> <span class='ocrx_word' id='word_1_84' title='bbox 847 341 868 360; x_wconf 75' lang='grc' dir='ltr'>ὃ(</span> <span class='ocrx_word' id='word_1_85' title='bbox 878 339 892 359; x_wconf 87' lang='lat' dir='ltr'>fi</span> <span class='ocrx_word' id='word_1_86' title='bbox 903 339 976 367; x_wconf 82' lang='lat' dir='ltr'>aliquid</span> 
     </span>
     <span class='ocr_line' id='line_1_10' title="bbox 257 367 975 396; baseline -0.001 -7"><span class='ocrx_word' id='word_1_87' title='bbox 257 367 315 395; x_wconf 70' lang='lat' dir='ltr'>hujus</span> <span class='ocrx_word' id='word_1_88' title='bbox 322 384 328 395; x_wconf 86' lang='lat'><em>,</em></span> <span class='ocrx_word' id='word_1_89' title='bbox 342 368 427 389; x_wconf 77' lang='lat' dir='ltr'>cessante</span> <span class='ocrx_word' id='word_1_90' title='bbox 441 368 513 389; x_wconf 86' lang='lat' dir='ltr'>morbo</span> <span class='ocrx_word' id='word_1_91' title='bbox 522 368 615 394; x_wconf 91' lang='lat' dir='ltr'>elicitur,</span> <span class='ocrx_word' id='word_1_92' title='bbox 630 375 678 389; x_wconf 85' lang='lat' dir='ltr'>tune</span> <span class='ocrx_word' id='word_1_93' title='bbox 691 367 806 396; x_wconf 76' lang='lat' dir='ltr'>prodigiose</span> <span class='ocrx_word' id='word_1_94' title='bbox 818 367 871 388; x_wconf 65' lang='grc' dir='ltr'>[κτα</span> <span class='ocrx_word' id='word_1_95' title='bbox 879 383 886 393; x_wconf 86' lang='grc'><em>,</em></span> <span class='ocrx_word' id='word_1_96' title='bbox 900 367 975 389; x_wconf 69' lang='lat' dir='ltr'>diverse</span> 
     </span>
     <span class='ocr_line' id='line_1_11' title="bbox 258 396 976 425; baseline -0.003 -7"><span class='ocrx_word' id='word_1_97' title='bbox 258 397 339 425; x_wconf 87' lang='lat' dir='ltr'>quidem</span> <span class='ocrx_word' id='word_1_98' title='bbox 349 404 386 425; x_wconf 84' lang='lat' dir='ltr'>pro</span> <span class='ocrx_word' id='word_1_99' title='bbox 396 396 462 417; x_wconf 84' lang='lat' dir='ltr'>morbi</span> <span class='ocrx_word' id='word_1_100' title='bbox 474 396 541 417; x_wconf 64' lang='lat' dir='ltr'>natura</span> <span class='ocrx_word' id='word_1_101' title='bbox 548 412 554 423; x_wconf 90' lang='lat'><em>,</em></span> <span class='ocrx_word' id='word_1_102' title='bbox 569 397 595 417; x_wconf 87' lang='lat' dir='ltr'>ita</span> <span class='ocrx_word' id='word_1_103' title='bbox 605 403 628 417; x_wconf 93' lang='lat' dir='ltr'>ut</span> <span class='ocrx_word' id='word_1_104' title='bbox 639 403 692 417; x_wconf 88' lang='lat' dir='ltr'>nunc</span> <span class='ocrx_word' id='word_1_105' title='bbox 703 396 792 422; x_wconf 79' lang='lat' dir='ltr'>acescat,</span> <span class='ocrx_word' id='word_1_106' title='bbox 802 403 854 416; x_wconf 85' lang='lat' dir='ltr'>nunc</span> <span class='ocrx_word' id='word_1_107' title='bbox 864 396 976 423; x_wconf 81' lang='lat' dir='ltr'>rancescat,</span> 
     </span>
     <span class='ocr_line' id='line_1_12' title="bbox 258 424 975 453; baseline 0 -7"><span class='ocrx_word' id='word_1_108' title='bbox 258 433 312 446; x_wconf 88' lang='lat' dir='ltr'>nunc</span> <span class='ocrx_word' id='word_1_109' title='bbox 327 425 447 453; x_wconf 80' lang='lat' dir='ltr'>putrid‘mem</span> <span class='ocrx_word' id='word_1_110' title='bbox 461 424 526 451; x_wconf 81' lang='lat' dir='ltr'>oleat,</span> <span class='ocrx_word' id='word_1_111' title='bbox 543 425 585 445; x_wconf 69' lang='lat' dir='ltr'>imi)</span> <span class='ocrx_word' id='word_1_112' title='bbox 596 425 609 445; x_wconf 86' lang='lat' dir='ltr'>fi</span> <span class='ocrx_word' id='word_1_113' title='bbox 621 424 682 445; x_wconf 74' lang='lat' dir='ltr'>Rhafi</span> <span class='ocrx_word' id='word_1_114' title='bbox 689 440 696 451; x_wconf 91' lang='lat'>‚</span> <span class='ocrx_word' id='word_1_115' title='bbox 708 431 741 445; x_wconf 85' lang='lat' dir='ltr'>aut</span> <span class='ocrx_word' id='word_1_116' title='bbox 754 425 851 452; x_wconf 62' lang='lat' dir='ltr'>antiquitis</span> <span class='ocrx_word' id='word_1_117' title='bbox 859 424 975 446; x_wconf 80' lang='lat' dir='ltr'>Dioscoridi</span> 
     </span>
     <span class='ocr_line' id='line_1_13' title="bbox 257 452 975 480; baseline 0 -6"><span class='ocrx_word' id='word_1_118' title='bbox 257 453 391 480; x_wconf 85' lang='lat' dir='ltr'>credendum,</span> <span class='ocrx_word' id='word_1_119' title='bbox 402 453 503 474; x_wconf 77' lang='lat' dir='ltr'>Ambibus</span> <span class='ocrx_word' id='word_1_120' title='bbox 513 460 538 474; x_wconf 93' lang='lat' dir='ltr'>ue</span> <span class='ocrx_word' id='word_1_121' title='bbox 549 452 652 479; x_wconf 75' lang='lat' dir='ltr'>omnibus,</span> <span class='ocrx_word' id='word_1_122' title='bbox 665 452 772 480; x_wconf 72' lang='lat' dir='ltr'>aliquando</span> <span class='ocrx_word' id='word_1_123' title='bbox 783 453 847 473; x_wconf 81' lang='lat' dir='ltr'>crussae</span> <span class='ocrx_word' id='word_1_124' title='bbox 859 452 897 473; x_wconf 80' lang='lat' dir='ltr'>illae</span> <span class='ocrx_word' id='word_1_125' title='bbox 909 453 975 474; x_wconf 86' lang='lat' dir='ltr'>nidum</span> 
     </span>
     <span class='ocr_line' id='line_1_14' title="bbox 258 461 974 510; baseline -0.001 -8"><span class='ocrx_word' id='word_1_126' title='bbox 258 481 373 509; x_wconf 76' lang='lat' dir='ltr'>yermiculis</span> <span class='ocrx_word' id='word_1_127' title='bbox 388 481 479 510; x_wconf 76' lang='lat' dir='ltr'>praebent.</span> <span class='ocrx_word' id='word_1_128' title='bbox 500 461 560 502; x_wconf 51' lang='lat' dir='ltr'>{erte</span> <span class='ocrx_word' id='word_1_129' title='bbox 572 483 593 502; x_wconf 69' lang='grc' dir='ltr'>ὅ(</span> <span class='ocrx_word' id='word_1_130' title='bbox 607 480 698 502; x_wconf 80' lang='lat' dir='ltr'>lendibus</span> <span class='ocrx_word' id='word_1_131' title='bbox 712 483 733 502; x_wconf 82' lang='lat'>&amp;</span> <span class='ocrx_word' id='word_1_132' title='bbox 747 480 844 510; x_wconf 76' lang='lat' dir='ltr'>pediculis</span> <span class='ocrx_word' id='word_1_133' title='bbox 854 487 888 502; x_wconf 80' lang='lat' dir='ltr'>aut</span> <span class='ocrx_word' id='word_1_134' title='bbox 898 481 974 508; x_wconf 84' lang='lat' dir='ltr'>escam,</span> 
     </span>
     <span class='ocr_line' id='line_1_15' title="bbox 258 508 974 538; baseline 0 -8"><span class='ocrx_word' id='word_1_135' title='bbox 258 517 292 531; x_wconf 84' lang='lat' dir='ltr'>aut</span> <span class='ocrx_word' id='word_1_136' title='bbox 304 510 397 530; x_wconf 83' lang='lat' dir='ltr'>fomitem</span> <span class='ocrx_word' id='word_1_137' title='bbox 410 510 512 538; x_wconf 84' lang='lat' dir='ltr'>proprium</span> <span class='ocrx_word' id='word_1_138' title='bbox 527 510 642 536; x_wconf 84' lang='lat' dir='ltr'>sufficiunt,</span> <span class='ocrx_word' id='word_1_139' title='bbox 655 509 739 537; x_wconf 83' lang='lat' dir='ltr'>quibus,</span> <span class='ocrx_word' id='word_1_140' title='bbox 753 516 791 537; x_wconf 82' lang='lat' dir='ltr'>prae</span> <span class='ocrx_word' id='word_1_141' title='bbox 802 510 876 530; x_wconf 72' lang='lat' dir='ltr'>caeteris</span> <span class='ocrx_word' id='word_1_142' title='bbox 890 508 974 535; x_wconf 79' lang='lat' dir='ltr'>ejusdem</span> 
     </span>
     <span class='ocr_line' id='line_1_16' title="bbox 258 537 973 567; baseline 0 -8"><span class='ocrx_word' id='word_1_143' title='bbox 258 538 331 567; x_wconf 86' lang='lat' dir='ltr'>speciei</span> <span class='ocrx_word' id='word_1_144' title='bbox 347 537 420 559; x_wconf 79' lang='lat' dir='ltr'>tenella</span> <span class='ocrx_word' id='word_1_145' title='bbox 438 537 528 559; x_wconf 81' lang='lat' dir='ltr'>:mimalia</span> <span class='ocrx_word' id='word_1_146' title='bbox 548 537 591 567; x_wconf 88' lang='lat' dir='ltr'>plus</span> <span class='ocrx_word' id='word_1_147' title='bbox 611 537 699 559; x_wconf 85' lang='lat' dir='ltr'>obnoxia</span> <span class='ocrx_word' id='word_1_148' title='bbox 718 537 767 559; x_wconf 84' lang='lat' dir='ltr'>sunt.</span> <span class='ocrx_word' id='word_1_149' title='bbox 791 537 840 560; x_wconf 78' lang='lat' dir='ltr'>Haec</span> <span class='ocrx_word' id='word_1_150' title='bbox 857 537 938 565; x_wconf 88' lang='lat' dir='ltr'>quidem</span> <span class='ocrx_word' id='word_1_151' title='bbox 955 539 973 559; x_wconf 90' lang='lat' dir='ltr'>in</span> 
     </span>
     <span class='ocr_line' id='line_1_17' title="bbox 257 566 973 596; baseline 0 -9"><span class='ocrx_word' id='word_1_152' title='bbox 257 566 320 596; x_wconf 61' lang='lat' dir='ltr'>primi</span> <span class='ocrx_word' id='word_1_153' title='bbox 333 573 387 587; x_wconf 80' lang='lat' dir='ltr'>aetate</span> <span class='ocrx_word' id='word_1_154' title='bbox 394 582 401 593; x_wconf 81' lang='lat'>,</span> <span class='ocrx_word' id='word_1_155' title='bbox 414 574 456 594; x_wconf 70' lang='lat' dir='ltr'>quse</span> <span class='ocrx_word' id='word_1_156' title='bbox 468 567 509 594; x_wconf 75' lang='lat' dir='ltr'>qub</span> <span class='ocrx_word' id='word_1_157' title='bbox 520 566 621 587; x_wconf 88' lang='lat' dir='ltr'>invalescit</span> <span class='ocrx_word' id='word_1_158' title='bbox 633 567 694 594; x_wconf 80' lang='lat' dir='ltr'>magis</span> <span class='ocrx_word' id='word_1_159' title='bbox 703 582 710 592; x_wconf 84' lang='lat'><em>,</em></span> <span class='ocrx_word' id='word_1_160' title='bbox 724 567 750 587; x_wconf 73' lang='lat' dir='ltr'>eb</span> <span class='ocrx_word' id='word_1_161' title='bbox 760 573 791 587; x_wconf 86' lang='lat' dir='ltr'>ma</span> <span class='ocrx_word' id='word_1_162' title='bbox 806 567 822 587; x_wconf 89' lang='lat' dir='ltr'>is</span> <span class='ocrx_word' id='word_1_163' title='bbox 833 566 894 587; x_wconf 79' lang='lat' dir='ltr'>etiam</span> <span class='ocrx_word' id='word_1_164' title='bbox 907 566 973 587; x_wconf 60' lang='lat' dir='ltr'>deii&amp;</span> 
     </span>
     <span class='ocr_line' id='line_1_18' title="bbox 259 593 976 623; baseline -0.001 -7"><span class='ocrx_word' id='word_1_165' title='bbox 259 595 340 616; x_wconf 84' lang='lat' dir='ltr'>sorditie</span> <span class='ocrx_word' id='word_1_166' title='bbox 352 595 415 616; x_wconf 83' lang='lat' dir='ltr'>aufert</span> <span class='ocrx_word' id='word_1_167' title='bbox 420 610 427 622; x_wconf 81' lang='lat'>,</span> <span class='ocrx_word' id='word_1_168' title='bbox 440 596 467 616; x_wconf 84' lang='lat' dir='ltr'>ita</span> <span class='ocrx_word' id='word_1_169' title='bbox 478 601 510 621; x_wconf 88' lang='lat' dir='ltr'>ut,</span> <span class='ocrx_word' id='word_1_170' title='bbox 520 594 554 615; x_wconf 90' lang='lat' dir='ltr'>ubi</span> <span class='ocrx_word' id='word_1_171' title='bbox 563 596 614 616; x_wconf 84' lang='lat' dir='ltr'>cutis</span> <span class='ocrx_word' id='word_1_172' title='bbox 626 595 731 615; x_wconf 80' lang='lat' dir='ltr'>univerlim</span> <span class='ocrx_word' id='word_1_173' title='bbox 745 595 787 623; x_wconf 81' lang='lat' dir='ltr'>capi</span> <span class='ocrx_word' id='word_1_174' title='bbox 804 601 834 615; x_wconf 77' lang='lat' dir='ltr'>ata</span> <span class='ocrx_word' id='word_1_175' title='bbox 847 595 886 621; x_wconf 87' lang='lat' dir='ltr'>est,</span> <span class='ocrx_word' id='word_1_176' title='bbox 900 593 938 620; x_wconf 82' lang='lat' dir='ltr'>iam</span> <span class='ocrx_word' id='word_1_177' title='bbox 950 594 976 616; x_wconf 82' lang='lat' dir='ltr'>de</span> 
     </span>
     <span class='ocr_line' id='line_1_19' title="bbox 257 622 974 652; baseline -0.001 -8"><span class='ocrx_word' id='word_1_178' title='bbox 257 623 281 644; x_wconf 67' lang='lat' dir='ltr'>efi</span> <span class='ocrx_word' id='word_1_179' title='bbox 291 623 345 644; x_wconf 81' lang='lat' dir='ltr'>nulla</span> <span class='ocrx_word' id='word_1_180' title='bbox 357 624 391 644; x_wconf 79' lang='lat' dir='ltr'>flat</span> <span class='ocrx_word' id='word_1_181' title='bbox 402 624 490 650; x_wconf 85' lang='lat' dir='ltr'>mentio,</span> <span class='ocrx_word' id='word_1_182' title='bbox 503 630 537 644; x_wconf 82' lang='lat' dir='ltr'>aut</span> <span class='ocrx_word' id='word_1_183' title='bbox 547 630 610 652; x_wconf 81' lang='lat' dir='ltr'>pauca</span> <span class='ocrx_word' id='word_1_184' title='bbox 621 623 735 644; x_wconf 75' lang='lat' dir='ltr'>admodum.</span> <span class='ocrx_word' id='word_1_185' title='bbox 751 624 778 644; x_wconf 88' lang='lat' dir='ltr'>At</span> <span class='ocrx_word' id='word_1_186' title='bbox 790 622 902 644; x_wconf 80' lang='lat' dir='ltr'>observatio</span> <span class='ocrx_word' id='word_1_187' title='bbox 916 623 974 644; x_wconf 80' lang='lat' dir='ltr'>docet</span> 
     </span>
     <span class='ocr_line' id='line_1_20' title="bbox 258 650 974 680; baseline 0 -8"><span class='ocrx_word' id='word_1_188' title='bbox 258 651 313 680; x_wconf 76' lang='lat' dir='ltr'>quod</span> <span class='ocrx_word' id='word_1_189' title='bbox 321 652 364 679; x_wconf 80' lang='lat' dir='ltr'>quo</span> <span class='ocrx_word' id='word_1_190' title='bbox 389 651 420 673; x_wconf 85' lang='lat' dir='ltr'>lus</span> <span class='ocrx_word' id='word_1_191' title='bbox 432 650 513 678; x_wconf 76' lang='lat' dir='ltr'>hujusce</span> <span class='ocrx_word' id='word_1_192' title='bbox 524 652 646 673; x_wconf 82' lang='lat' dir='ltr'>excrementi</span> <span class='ocrx_word' id='word_1_193' title='bbox 659 658 774 680; x_wconf 80' lang='lat' dir='ltr'>generatur,</span> <span class='ocrx_word' id='word_1_194' title='bbox 788 652 813 672; x_wconf 80' lang='lat' dir='ltr'>eo</span> <span class='ocrx_word' id='word_1_195' title='bbox 827 651 899 672; x_wconf 72' lang='lat' dir='ltr'>tardius</span> <span class='ocrx_word' id='word_1_196' title='bbox 910 658 974 672; x_wconf 85' lang='lat' dir='ltr'>erum-</span> 
     </span>
     <span class='ocr_line' id='line_1_21' title="bbox 255 659 692 710; baseline 0 -9"><span class='ocrx_word' id='word_1_197' title='bbox 255 679 305 710; x_wconf 69' lang='lat' dir='ltr'>&#39;pant</span> <span class='ocrx_word' id='word_1_198' title='bbox 319 659 388 709; x_wconf 63' lang='lat' dir='ltr'>capilli]</span> <span class='ocrx_word' id='word_1_199' title='bbox 398 681 451 708; x_wconf 92' lang='lat' dir='ltr'>iique</span> <span class='ocrx_word' id='word_1_200' title='bbox 462 680 548 701; x_wconf 77' lang='lat' dir='ltr'>maxime</span> <span class='ocrx_word' id='word_1_201' title='bbox 559 680 692 701; x_wconf 80' lang='lat' dir='ltr'>flavescentes.</span> 
     </span>
    </p>

    <p class='ocr_par' dir='ltr' id='par_1_4' title="bbox 254 708 975 1077">
     <span class='ocr_line' id='line_1_22' title="bbox 287 708 974 737; baseline 0 -8"><span class='ocrx_word' id='word_1_202' title='bbox 287 708 385 736; x_wconf 82' lang='lat' dir='ltr'>Quamvis</span> <span class='ocrx_word' id='word_1_203' title='bbox 396 715 461 729; x_wconf 84' lang='lat' dir='ltr'>autem</span> <span class='ocrx_word' id='word_1_204' title='bbox 473 708 575 737; x_wconf 82' lang='lat' dir='ltr'>deputatio</span> <span class='ocrx_word' id='word_1_205' title='bbox 588 708 622 729; x_wconf 87' lang='lat' dir='ltr'>illa</span> <span class='ocrx_word' id='word_1_206' title='bbox 633 715 658 729; x_wconf 86' lang='lat' dir='ltr'>ex</span> <span class='ocrx_word' id='word_1_207' title='bbox 671 708 740 729; x_wconf 84' lang='lat' dir='ltr'>ordine</span> <span class='ocrx_word' id='word_1_208' title='bbox 752 714 823 729; x_wconf 75' lang='lat' dir='ltr'>naturae</span> <span class='ocrx_word' id='word_1_209' title='bbox 833 708 879 734; x_wconf 83' lang='lat' dir='ltr'>fiat,</span> <span class='ocrx_word' id='word_1_210' title='bbox 890 714 913 728; x_wconf 62' lang='lat' dir='ltr'>a</span> <span class='ocrx_word' id='word_1_211' title='bbox 948 715 974 729; x_wconf 84' lang='lat' dir='ltr'>ue</span> 
     </span>
     <span class='ocr_line' id='line_1_23' title="bbox 257 736 974 765; baseline -0.001 -7"><span class='ocrx_word' id='word_1_212' title='bbox 257 743 292 758; x_wconf 83' lang='lat' dir='ltr'>aut</span> <span class='ocrx_word' id='word_1_213' title='bbox 304 736 420 765; x_wconf 81' lang='lat' dir='ltr'>prohibere,</span> <span class='ocrx_word' id='word_1_214' title='bbox 433 743 467 758; x_wconf 82' lang='lat' dir='ltr'>aut</span> <span class='ocrx_word' id='word_1_215' title='bbox 476 744 543 758; x_wconf 84' lang='lat' dir='ltr'>vetare</span> <span class='ocrx_word' id='word_1_216' title='bbox 555 736 656 765; x_wconf 82' lang='lat' dir='ltr'>piaculum</span> <span class='ocrx_word' id='word_1_217' title='bbox 669 736 811 763; x_wconf 42' lang='lat' dir='ltr'>fitsmorbosa</span> <span class='ocrx_word' id='word_1_218' title='bbox 822 743 887 757; x_wconf 83' lang='lat' dir='ltr'>tamen</span> <span class='ocrx_word' id='word_1_219' title='bbox 896 743 934 757; x_wconf 85' lang='lat' dir='ltr'>eva</span> <span class='ocrx_word' id='word_1_220' title='bbox 947 737 974 764; x_wconf 83' lang='lat' dir='ltr'>it,</span> 
     </span>
     <span class='ocr_line' id='line_1_24' title="bbox 257 764 973 793; baseline 0 -7"><span class='ocrx_word' id='word_1_221' title='bbox 257 766 320 792; x_wconf 85' lang='lat' dir='ltr'>fitque</span> <span class='ocrx_word' id='word_1_222' title='bbox 328 764 388 786; x_wconf 81' lang='lat' dir='ltr'>altera</span> <span class='ocrx_word' id='word_1_223' title='bbox 401 766 506 786; x_wconf 86' lang='lat' dir='ltr'>crustarum</span> <span class='ocrx_word' id='word_1_224' title='bbox 517 765 623 786; x_wconf 65' lang='lat' dir='ltr'>lactearum</span> <span class='ocrx_word' id='word_1_225' title='bbox 633 765 719 793; x_wconf 73' lang='lat' dir='ltr'>species,</span> <span class='ocrx_word' id='word_1_226' title='bbox 730 765 744 786; x_wconf 84' lang='lat' dir='ltr'>fi</span> <span class='ocrx_word' id='word_1_227' title='bbox 754 765 813 786; x_wconf 85' lang='lat' dir='ltr'>fuerit</span> <span class='ocrx_word' id='word_1_228' title='bbox 821 771 855 786; x_wconf 86' lang='lat' dir='ltr'>aut</span> <span class='ocrx_word' id='word_1_229' title='bbox 862 772 889 786; x_wconf 80' lang='lat' dir='ltr'>co</span> <span class='ocrx_word' id='word_1_230' title='bbox 903 765 973 792; x_wconf 82' lang='lat' dir='ltr'>iosior,</span> 
     </span>
     <span class='ocr_line' id='line_1_25' title="bbox 257 772 973 822; baseline 0 -8"><span class='ocrx_word' id='word_1_231' title='bbox 257 800 291 814; x_wconf 78' lang='lat' dir='ltr'>aut</span> <span class='ocrx_word' id='word_1_232' title='bbox 308 794 378 814; x_wconf 86' lang='lat' dir='ltr'>acrior.</span> <span class='ocrx_word' id='word_1_233' title='bbox 399 793 539 822; x_wconf 81' lang='lat' dir='ltr'>Copiosiorem</span> <span class='ocrx_word' id='word_1_234' title='bbox 557 800 594 822; x_wconf 85' lang='lat' dir='ltr'>pro</span> <span class='ocrx_word' id='word_1_235' title='bbox 610 794 686 814; x_wconf 85' lang='lat' dir='ltr'>ratione</span> <span class='ocrx_word' id='word_1_236' title='bbox 701 794 756 814; x_wconf 86' lang='lat' dir='ltr'>nimii</span> <span class='ocrx_word' id='word_1_237' title='bbox 773 793 812 814; x_wconf 81' lang='lat' dir='ltr'>cibi</span> <span class='ocrx_word' id='word_1_238' title='bbox 827 793 866 820; x_wconf 79' lang='lat' dir='ltr'>jam</span> <span class='ocrx_word' id='word_1_239' title='bbox 882 772 973 815; x_wconf 67' lang='lat' dir='ltr'>diximus.</span> 
     </span>
     <span class='ocr_line' id='line_1_26' title="bbox 256 821 973 850; baseline 0 -8"><span class='ocrx_word' id='word_1_240' title='bbox 256 822 329 842; x_wconf 84' lang='lat' dir='ltr'>Acrior</span> <span class='ocrx_word' id='word_1_241' title='bbox 339 821 435 850; x_wconf 78' lang='lat' dir='ltr'>praecipue</span> <span class='ocrx_word' id='word_1_242' title='bbox 442 822 475 849; x_wconf 85' lang='lat' dir='ltr'>fit,</span> <span class='ocrx_word' id='word_1_243' title='bbox 485 821 517 843; x_wconf 86' lang='lat' dir='ltr'>vel</span> <span class='ocrx_word' id='word_1_244' title='bbox 526 823 537 842; x_wconf 75' lang='grc' dir='ltr'>ὲ</span> <span class='ocrx_word' id='word_1_245' title='bbox 545 821 639 849; x_wconf 83' lang='lat' dir='ltr'>qualitate</span> <span class='ocrx_word' id='word_1_246' title='bbox 646 821 700 843; x_wconf 66' lang='lat' dir='ltr'>laetis</span> <span class='ocrx_word' id='word_1_247' title='bbox 707 822 727 842; x_wconf 90' lang='lat' dir='ltr'>in</span> <span class='ocrx_word' id='word_1_248' title='bbox 733 822 821 848; x_wconf 82' lang='lat' dir='ltr'>nutrice,</span> <span class='ocrx_word' id='word_1_249' title='bbox 832 821 865 843; x_wconf 92' lang='lat' dir='ltr'>vel</span> <span class='ocrx_word' id='word_1_250' title='bbox 873 821 898 842; x_wconf 83' lang='lat' dir='ltr'>ab</span> <span class='ocrx_word' id='word_1_251' title='bbox 907 823 973 843; x_wconf 82' lang='lat' dir='ltr'>innato</span> 
     </span>
     <span class='ocr_line' id='line_1_27' title="bbox 257 849 973 879; baseline -0.001 -8"><span class='ocrx_word' id='word_1_252' title='bbox 257 851 278 871; x_wconf 69' lang='grc' dir='ltr'>ὀ(</span> <span class='ocrx_word' id='word_1_253' title='bbox 289 849 299 870; x_wconf 74' lang='grc' dir='ltr'>ὲ</span> <span class='ocrx_word' id='word_1_254' title='bbox 312 849 424 878; x_wconf 84' lang='lat' dir='ltr'>parentibus</span> <span class='ocrx_word' id='word_1_255' title='bbox 435 851 538 871; x_wconf 61' lang='lat' dir='ltr'>contracto</span> <span class='ocrx_word' id='word_1_256' title='bbox 550 850 606 870; x_wconf 76' lang='lat' dir='ltr'>vitia.</span> <span class='ocrx_word' id='word_1_257' title='bbox 617 849 657 870; x_wconf 89' lang='lat' dir='ltr'>Ubi</span> <span class='ocrx_word' id='word_1_258' title='bbox 670 850 770 879; x_wconf 82' lang='lat' dir='ltr'>copiofior</span> <span class='ocrx_word' id='word_1_259' title='bbox 781 850 807 871; x_wconf 88' lang='lat' dir='ltr'>est</span> <span class='ocrx_word' id='word_1_260' title='bbox 818 850 859 871; x_wconf 80' lang='lat' dir='ltr'>haec</span> <span class='ocrx_word' id='word_1_261' title='bbox 871 850 973 877; x_wconf 77' lang='lat' dir='ltr'>materies,</span> 
     </span>
     <span class='ocr_line' id='line_1_28' title="bbox 256 877 973 907; baseline 0 -8"><span class='ocrx_word' id='word_1_262' title='bbox 256 878 330 907; x_wconf 82' lang='lat' dir='ltr'>stagnat</span> <span class='ocrx_word' id='word_1_263' title='bbox 346 880 367 899; x_wconf 67' lang='grc' dir='ltr'>ὁ(</span> <span class='ocrx_word' id='word_1_264' title='bbox 386 877 442 907; x_wconf 68' lang='grc' dir='ltr'>ἧφι-ὸ</span> <span class='ocrx_word' id='word_1_265' title='bbox 457 885 524 899; x_wconf 85' lang='lat' dir='ltr'>curem</span> <span class='ocrx_word' id='word_1_266' title='bbox 540 880 561 899; x_wconf 73' lang='lat' dir='ltr'>fit</span> <span class='ocrx_word' id='word_1_267' title='bbox 575 879 595 899; x_wconf 88' lang='lat' dir='ltr'>in</span> <span class='ocrx_word' id='word_1_268' title='bbox 613 877 654 906; x_wconf 60' lang='lat' dir='ltr'>ipsa</span> <span class='ocrx_word' id='word_1_269' title='bbox 670 885 717 899; x_wconf 84' lang='lat' dir='ltr'>cute</span> <span class='ocrx_word' id='word_1_270' title='bbox 726 894 733 905; x_wconf 91' lang='lat'><em>,</em></span> <span class='ocrx_word' id='word_1_271' title='bbox 752 885 810 906; x_wconf 82' lang='lat' dir='ltr'>atque</span> <span class='ocrx_word' id='word_1_272' title='bbox 827 879 847 899; x_wconf 92' lang='lat' dir='ltr'>in</span> <span class='ocrx_word' id='word_1_273' title='bbox 861 878 973 906; x_wconf 76' lang='lat' dir='ltr'>squammas</span> 
     </span>
     <span class='ocr_line' id='line_1_29' title="bbox 256 906 973 935; baseline 0 -7"><span class='ocrx_word' id='word_1_274' title='bbox 256 906 362 935; x_wconf 82' lang='lat' dir='ltr'>squammis</span> <span class='ocrx_word' id='word_1_275' title='bbox 372 906 418 935; x_wconf 87' lang='lat' dir='ltr'>supe</span> <span class='ocrx_word' id='word_1_276' title='bbox 442 907 499 928; x_wconf 80' lang='lat' dir='ltr'>ositas</span> <span class='ocrx_word' id='word_1_277' title='bbox 509 907 626 928; x_wconf 79' lang='lat' dir='ltr'>concrescit.</span> <span class='ocrx_word' id='word_1_278' title='bbox 639 906 697 928; x_wconf 71' lang='lat' dir='ltr'>Unde</span> <span class='ocrx_word' id='word_1_279' title='bbox 706 909 727 928; x_wconf 71' lang='grc' dir='ltr'>ὅ(</span> <span class='ocrx_word' id='word_1_280' title='bbox 751 907 834 933; x_wconf 71' lang='lat' dir='ltr'>ruricus,</span> <span class='ocrx_word' id='word_1_281' title='bbox 846 908 867 927; x_wconf 74' lang='grc' dir='ltr'>ὅ(</span> <span class='ocrx_word' id='word_1_282' title='bbox 877 906 915 928; x_wconf 83' lang='lat' dir='ltr'>alia</span> <span class='ocrx_word' id='word_1_283' title='bbox 924 906 973 928; x_wconf 82' lang='lat' dir='ltr'>mala</span> 
     </span>
     <span class='ocr_line' id='line_1_30' title="bbox 255 935 973 964; baseline 0 -8"><span class='ocrx_word' id='word_1_284' title='bbox 255 936 315 957; x_wconf 84' lang='lat' dir='ltr'>etiam</span> <span class='ocrx_word' id='word_1_285' title='bbox 325 935 416 957; x_wconf 81' lang='lat' dir='ltr'>ulcerosa</span> <span class='ocrx_word' id='word_1_286' title='bbox 433 935 556 961; x_wconf 79' lang='lat' dir='ltr'>uccrescunt.</span> <span class='ocrx_word' id='word_1_287' title='bbox 571 935 711 956; x_wconf 55' lang='lat' dir='ltr'>Necrdubium</span> <span class='ocrx_word' id='word_1_288' title='bbox 722 942 733 956; x_wconf 90' lang='lat' dir='ltr'>e</span> <span class='ocrx_word' id='word_1_289' title='bbox 754 951 761 962; x_wconf 91' lang='lat'>‚</span> <span class='ocrx_word' id='word_1_290' title='bbox 774 936 820 963; x_wconf 92' lang='lat' dir='ltr'>quin</span> <span class='ocrx_word' id='word_1_291' title='bbox 831 935 905 964; x_wconf 87' lang='lat' dir='ltr'>poffint</span> <span class='ocrx_word' id='word_1_292' title='bbox 916 936 973 956; x_wconf 80' lang='lat' dir='ltr'>etiarn</span> 
     </span>
     <span class='ocr_line' id='line_1_31' title="bbox 255 963 974 992; baseline -0.001 -7"><span class='ocrx_word' id='word_1_293' title='bbox 255 965 340 985; x_wconf 69' lang='lat' dir='ltr'>achotes</span> <span class='ocrx_word' id='word_1_294' title='bbox 349 963 396 985; x_wconf 69' lang='lat' dir='ltr'>inde</span> <span class='ocrx_word' id='word_1_295' title='bbox 407 963 466 985; x_wconf 82' lang='lat' dir='ltr'>nasci.</span> <span class='ocrx_word' id='word_1_296' title='bbox 481 964 503 984; x_wconf 90' lang='lat' dir='ltr'>Si</span> <span class='ocrx_word' id='word_1_297' title='bbox 514 965 579 985; x_wconf 81' lang='lat' dir='ltr'>acrior</span> <span class='ocrx_word' id='word_1_298' title='bbox 589 964 612 985; x_wconf 78' lang='lat' dir='ltr'>fit</span> <span class='ocrx_word' id='word_1_299' title='bbox 621 963 667 984; x_wconf 80' lang='lat' dir='ltr'>mali</span> <span class='ocrx_word' id='word_1_300' title='bbox 678 964 781 990; x_wconf 82' lang='lat' dir='ltr'>materies,</span> <span class='ocrx_word' id='word_1_301' title='bbox 794 971 835 984; x_wconf 85' lang='lat' dir='ltr'>non</span> <span class='ocrx_word' id='word_1_302' title='bbox 844 964 884 984; x_wconf 83' lang='lat' dir='ltr'>fine</span> <span class='ocrx_word' id='word_1_303' title='bbox 895 963 974 992; x_wconf 79' lang='lat' dir='ltr'>pustulis</span> 
     </span>
     <span class='ocr_line' id='line_1_32' title="bbox 255 991 974 1020; baseline -0.003 -6"><span class='ocrx_word' id='word_1_304' title='bbox 255 992 337 1014; x_wconf 83' lang='lat' dir='ltr'>morbus</span> <span class='ocrx_word' id='word_1_305' title='bbox 348 992 445 1019; x_wconf 81' lang='lat' dir='ltr'>nascitur,</span> <span class='ocrx_word' id='word_1_306' title='bbox 459 994 479 1013; x_wconf 75' lang='grc' dir='ltr'>ὅ(</span> <span class='ocrx_word' id='word_1_307' title='bbox 491 992 594 1020; x_wconf 69' lang='lat' dir='ltr'>squammae</span> <span class='ocrx_word' id='word_1_308' title='bbox 605 991 737 1013; x_wconf 85' lang='lat' dir='ltr'>concrescunt</span> <span class='ocrx_word' id='word_1_309' title='bbox 746 992 767 1012; x_wconf 92' lang='lat' dir='ltr'>in</span> <span class='ocrx_word' id='word_1_310' title='bbox 779 992 848 1013; x_wconf 80' lang='lat' dir='ltr'>crustas</span> <span class='ocrx_word' id='word_1_311' title='bbox 854 1007 861 1018; x_wconf 92' lang='lat'><em>,</em></span> <span class='ocrx_word' id='word_1_312' title='bbox 875 999 919 1019; x_wconf 73' lang='lat' dir='ltr'>qua·</span> <span class='ocrx_word' id='word_1_313' title='bbox 927 991 974 1013; x_wconf 80' lang='lat' dir='ltr'>dum</span> 
     </span>
     <span class='ocr_line' id='line_1_33' title="bbox 254 1020 975 1050; baseline -0.003 -8"><span class='ocrx_word' id='word_1_314' title='bbox 254 1020 297 1042; x_wconf 80' lang='lat' dir='ltr'>aliae</span> <span class='ocrx_word' id='word_1_315' title='bbox 313 1020 355 1042; x_wconf 84' lang='lat' dir='ltr'>aliis</span> <span class='ocrx_word' id='word_1_316' title='bbox 373 1020 537 1050; x_wconf 86' lang='lat' dir='ltr'>supercrescunt,</span> <span class='ocrx_word' id='word_1_317' title='bbox 558 1027 604 1041; x_wconf 89' lang='lat' dir='ltr'>com</span> <span class='ocrx_word' id='word_1_318' title='bbox 620 1021 698 1041; x_wconf 77' lang='lat' dir='ltr'>rimunt·</span> <span class='ocrx_word' id='word_1_319' title='bbox 708 1021 774 1041; x_wconf 83' lang='lat' dir='ltr'>vicina</span> <span class='ocrx_word' id='word_1_320' title='bbox 784 1035 791 1046; x_wconf 91' lang='lat'><em>,</em></span> <span class='ocrx_word' id='word_1_321' title='bbox 809 1020 975 1041; x_wconf 78' lang='lat' dir='ltr'>inflammationes</span> 
     </span>
     <span class='ocr_line' id='line_1_34' title="bbox 255 1047 974 1077; baseline -0.001 -7"><span class='ocrx_word' id='word_1_322' title='bbox 255 1049 371 1076; x_wconf 85' lang='lat' dir='ltr'>accersunt,</span> <span class='ocrx_word' id='word_1_323' title='bbox 386 1051 406 1070; x_wconf 71' lang='grc' dir='ltr'>ὅ(</span> <span class='ocrx_word' id='word_1_324' title='bbox 422 1048 501 1070; x_wconf 82' lang='lat' dir='ltr'>tandem</span> <span class='ocrx_word' id='word_1_325' title='bbox 513 1048 537 1069; x_wconf 83' lang='lat' dir='ltr'>ab</span> <span class='ocrx_word' id='word_1_326' title='bbox 549 1048 600 1070; x_wconf 80' lang='lat' dir='ltr'>alien</span> <span class='ocrx_word' id='word_1_327' title='bbox 624 1049 654 1069; x_wconf 90' lang='lat' dir='ltr'>ori</span> <span class='ocrx_word' id='word_1_328' title='bbox 669 1049 701 1069; x_wconf 91' lang='lat' dir='ltr'>ine</span> <span class='ocrx_word' id='word_1_329' title='bbox 727 1049 793 1069; x_wconf 85' lang='lat' dir='ltr'>etitam</span> <span class='ocrx_word' id='word_1_330' title='bbox 804 1048 891 1069; x_wconf 76' lang='lat' dir='ltr'>inserunt</span> <span class='ocrx_word' id='word_1_331' title='bbox 901 1047 974 1077; x_wconf 85' lang='lat' dir='ltr'>suppu-</span> 
     </span>
    </p>

    <p class='ocr_par' dir='ltr' id='par_1_5' title="bbox 284 1076 975 1106">
     <span class='ocr_line' id='line_1_35' title="bbox 284 1076 975 1106; baseline -0.001 -8"><span class='ocrx_word' id='word_1_332' title='bbox 284 1078 358 1099; x_wconf 84' lang='lat' dir='ltr'>ionem.</span> <span class='ocrx_word' id='word_1_333' title='bbox 375 1078 425 1099; x_wconf 75' lang='lat' dir='ltr'>Hoec</span> <span class='ocrx_word' id='word_1_334' title='bbox 437 1078 516 1105; x_wconf 87' lang='lat' dir='ltr'>quidem</span> <span class='ocrx_word' id='word_1_335' title='bbox 529 1077 616 1106; x_wconf 81' lang='lat' dir='ltr'>praesenti</span> <span class='ocrx_word' id='word_1_336' title='bbox 628 1084 647 1097; x_wconf 90' lang='lat' dir='ltr'>m</span> <span class='ocrx_word' id='word_1_337' title='bbox 669 1084 682 1098; x_wconf 90' lang='lat' dir='ltr'>o</span> <span class='ocrx_word' id='word_1_338' title='bbox 693 1083 715 1097; x_wconf 90' lang='lat' dir='ltr'>to</span> <span class='ocrx_word' id='word_1_339' title='bbox 725 1076 784 1097; x_wconf 88' lang='lat' dir='ltr'>lendo</span> <span class='ocrx_word' id='word_1_340' title='bbox 796 1076 880 1103; x_wconf 80' lang='lat' dir='ltr'>sufficit,</span> <span class='ocrx_word' id='word_1_341' title='bbox 891 1076 925 1097; x_wconf 87' lang='lat' dir='ltr'>sed</span> <span class='ocrx_word' id='word_1_342' title='bbox 933 1084 975 1098; x_wconf 80' lang='lat' dir='ltr'>non</span> 
     </span>
    </p>

    <p class='ocr_par' dir='ltr' id='par_1_6' title="bbox 283 1104 976 1135">
     <span class='ocr_line' id='line_1_36' title="bbox 283 1104 976 1135; baseline -0.001 -8"><span class='ocrx_word' id='word_1_343' title='bbox 283 1107 339 1127; x_wconf 75' lang='lat' dir='ltr'>mino</span> <span class='ocrx_word' id='word_1_344' title='bbox 350 1106 375 1128; x_wconf 84' lang='lat' dir='ltr'>ad</span> <span class='ocrx_word' id='word_1_345' title='bbox 385 1106 432 1127; x_wconf 88' lang='lat' dir='ltr'>mali</span> <span class='ocrx_word' id='word_1_346' title='bbox 443 1107 542 1135; x_wconf 83' lang='lat' dir='ltr'>originem</span> <span class='ocrx_word' id='word_1_347' title='bbox 553 1105 695 1127; x_wconf 79' lang='lat' dir='ltr'>eradicandam.</span> <span class='ocrx_word' id='word_1_348' title='bbox 711 1105 764 1126; x_wconf 85' lang='lat' dir='ltr'>Nam</span> <span class='ocrx_word' id='word_1_349' title='bbox 777 1104 790 1125; x_wconf 81' lang='lat' dir='ltr'>fi</span> <span class='ocrx_word' id='word_1_350' title='bbox 802 1104 813 1125; x_wconf 73' lang='grc' dir='ltr'>ὲ</span> <span class='ocrx_word' id='word_1_351' title='bbox 825 1105 875 1126; x_wconf 85' lang='lat' dir='ltr'>vitio</span> <span class='ocrx_word' id='word_1_352' title='bbox 888 1105 976 1133; x_wconf 76' lang='lat' dir='ltr'>pendeat</span> 
     </span>
    </p>

    <p class='ocr_par' dir='ltr' id='par_1_7' title="bbox 283 1132 975 1162">
     <span class='ocr_line' id='line_1_37' title="bbox 283 1132 975 1162; baseline -0.004 -6"><span class='ocrx_word' id='word_1_353' title='bbox 283 1135 304 1156; x_wconf 76' lang='lat' dir='ltr'>id</span> <span class='ocrx_word' id='word_1_354' title='bbox 314 1136 382 1156; x_wconf 82' lang='lat' dir='ltr'>innato</span> <span class='ocrx_word' id='word_1_355' title='bbox 389 1151 396 1161; x_wconf 91' lang='lat'><em>‚</em></span> <span class='ocrx_word' id='word_1_356' title='bbox 411 1137 452 1156; x_wconf 72' lang='lat' dir='ltr'>non</span> <span class='ocrx_word' id='word_1_357' title='bbox 462 1134 556 1161; x_wconf 79' lang='lat' dir='ltr'>tolletur,</span> <span class='ocrx_word' id='word_1_358' title='bbox 571 1141 605 1155; x_wconf 84' lang='lat' dir='ltr'>aut</span> <span class='ocrx_word' id='word_1_359' title='bbox 619 1141 692 1162; x_wconf 85' lang='lat' dir='ltr'>corpus</span> <span class='ocrx_word' id='word_1_360' title='bbox 700 1133 798 1160; x_wconf 89' lang='lat' dir='ltr'>relinquet</span> <span class='ocrx_word' id='word_1_361' title='bbox 810 1132 894 1154; x_wconf 88' lang='lat' dir='ltr'>liberum</span> <span class='ocrx_word' id='word_1_362' title='bbox 902 1149 910 1160; x_wconf 88' lang='lat'>‚</span> <span class='ocrx_word' id='word_1_363' title='bbox 925 1134 975 1161; x_wconf 84' lang='lat' dir='ltr'>quin</span> 
     </span>
    </p>

    <p class='ocr_par' dir='ltr' id='par_1_8' title="bbox 283 1161 975 1190">
     <span class='ocr_line' id='line_1_38' title="bbox 283 1161 975 1190; baseline -0.003 -6"><span class='ocrx_word' id='word_1_364' title='bbox 283 1171 307 1184; x_wconf 62' lang='lat' dir='ltr'>&#39;us</span> <span class='ocrx_word' id='word_1_365' title='bbox 321 1163 371 1184; x_wconf 85' lang='lat' dir='ltr'>illud</span> <span class='ocrx_word' id='word_1_366' title='bbox 381 1163 479 1185; x_wconf 73' lang='lat' dir='ltr'>sublatum</span> <span class='ocrx_word' id='word_1_367' title='bbox 506 1164 572 1184; x_wconf 62' lang='grc' dir='ltr'>γονεὺς</span> <span class='ocrx_word' id='word_1_368' title='bbox 588 1162 660 1187; x_wconf 78' lang='lat' dir='ltr'>fuerit3</span> <span class='ocrx_word' id='word_1_369' title='bbox 673 1162 686 1182; x_wconf 85' lang='lat' dir='ltr'>fi</span> <span class='ocrx_word' id='word_1_370' title='bbox 701 1161 712 1182; x_wconf 72' lang='grc' dir='ltr'>ὲ</span> <span class='ocrx_word' id='word_1_371' title='bbox 726 1162 803 1182; x_wconf 71' lang='lat' dir='ltr'>nutrice</span> <span class='ocrx_word' id='word_1_372' title='bbox 819 1161 905 1190; x_wconf 81' lang='lat' dir='ltr'>pendeat</span> <span class='ocrx_word' id='word_1_373' title='bbox 922 1162 975 1183; x_wconf 80' lang='lat' dir='ltr'>acri-</span> 
     </span>
    </p>

    <p class='ocr_par' dir='ltr' id='par_1_9' title="bbox 283 1171 977 1220">
     <span class='ocr_line' id='line_1_39' title="bbox 283 1171 977 1220; baseline -0.004 -7"><span class='ocrx_word' id='word_1_374' title='bbox 283 1192 334 1218; x_wconf 77' lang='lat' dir='ltr'>›nia‚</span> <span class='ocrx_word' id='word_1_375' title='bbox 345 1199 379 1213; x_wconf 87' lang='lat' dir='ltr'>aut</span> <span class='ocrx_word' id='word_1_376' title='bbox 386 1192 431 1219; x_wconf 84' lang='lat' dir='ltr'>illa,</span> <span class='ocrx_word' id='word_1_377' title='bbox 445 1171 505 1220; x_wconf 59' lang='lat' dir='ltr'>quoti³</span> <span class='ocrx_word' id='word_1_378' title='bbox 508 1192 569 1213; x_wconf 84' lang='lat' dir='ltr'>tutius</span> <span class='ocrx_word' id='word_1_379' title='bbox 578 1193 597 1212; x_wconf 75' lang='grc' dir='ltr'>ὁ(</span> <span class='ocrx_word' id='word_1_380' title='bbox 606 1190 683 1212; x_wconf 78' lang='lat' dir='ltr'>brevius</span> <span class='ocrx_word' id='word_1_381' title='bbox 693 1190 729 1216; x_wconf 81' lang='lat' dir='ltr'>est,</span> <span class='ocrx_word' id='word_1_382' title='bbox 741 1189 863 1210; x_wconf 72' lang='lat' dir='ltr'>immumnda</span> <span class='ocrx_word' id='word_1_383' title='bbox 889 1197 924 1211; x_wconf 85' lang='lat' dir='ltr'>aut</span> <span class='ocrx_word' id='word_1_384' title='bbox 933 1190 977 1211; x_wconf 79' lang='lat' dir='ltr'>san·</span> 
     </span>
    </p>

    <p class='ocr_par' dir='ltr' id='par_1_10' title="bbox 283 1205 977 1249">
     <span class='ocr_line' id='line_1_40' title="bbox 283 1205 977 1249; baseline -0.004 -7"><span class='ocrx_word' id='word_1_385' title='bbox 283 1222 297 1242; x_wconf 80' lang='lat' dir='ltr'>is</span> <span class='ocrx_word' id='word_1_386' title='bbox 312 1219 354 1246; x_wconf 80' lang='lat' dir='ltr'>ejus</span> <span class='ocrx_word' id='word_1_387' title='bbox 370 1220 467 1249; x_wconf 83' lang='lat' dir='ltr'>specificis</span> <span class='ocrx_word' id='word_1_388' title='bbox 485 1222 507 1242; x_wconf 77' lang='grc' dir='ltr'>ὅ(</span> <span class='ocrx_word' id='word_1_389' title='bbox 525 1221 566 1242; x_wconf 79' lang='lat' dir='ltr'>acri</span> <span class='ocrx_word' id='word_1_390' title='bbox 585 1218 693 1240; x_wconf 68' lang='lat' dir='ltr'>dominanti</span> <span class='ocrx_word' id='word_1_391' title='bbox 711 1218 805 1246; x_wconf 71' lang='lat' dir='ltr'>oppositis</span> <span class='ocrx_word' id='word_1_392' title='bbox 822 1205 977 1240; x_wconf 64' lang='lat' dir='ltr'>medicamentis</span> 
     </span>
    </p>
   </div>
  </div>
 </body>
</html>
