4226 5916
55 1799 62 1806 -
188 1746 311 1828 etiam
328 1772 401 1826 cau

654 320 1132 442 curturis,
1504 433 1589 520 m

198 487 411 578 clroeolata
424 551 438 600 ,
464 487 552 578 satis
572 515 720 576 norunt
742 517 906 598 omnes,
932 521 1049 608 atque
1071 508 1166 596 adeo
1190 528 1278 616 «254
1299 545 1423 625 ,w
1450 552 1468 590 ι
1495 578 1500 590 .

197 605 362 691 resinosa
383 607 484 702 sitim
507 635 590 717 quae
612 604 692 718 ipsa
719 602 767 688 ab
795 605 971 691 ariditate
995 614 1137 722 pendet
1158 608 1368 728 ΜΨ,
1393 594 1488 726 J*
1508 626 1513 637 '
1535 610 1557 645 ’4
1581 660 1588 670 ·

197 722 360 831 quisque
375 723 417 802 in
437 719 582 834 seipso
602 721 770 832 experiri
791 721 928 832 potest.
948 721 1055 806 Nam
1077 757 1175 836 quot
1191 737 1273 826 sum
1291 705 1461 856 22:32⁵(
1476 717 1523 757 '³¹
1543 727 1551 743 ·
1573 768 1587 789 ,

196 833 393 941 adimunt,
415 859 481 918 aut
495 829 603 916 coffe
614 894 629 939 ,
645 858 712 932 aut
731 834 823 916 vina
844 837 1056 918 aromatica
1071 837 1277 932 Gallorum
1287 841 1356 960 ‚'}·;
1373 877 1399 924 ¹.
1409 828 1483 965 af]
1529 823 1588 877 ’44

169 975 278 1056 ·.quae
309 949 337 1032 st
368 948 562 1033 somniare
586 946 735 1052 smant,
765 973 848 1028 non
884 949 1082 1056 quietem,
1113 951 1179 1036 [εά
1207 943 1448 1062 mrbuletaels·
1471 928 1556 976 W
1588 989 1592 996 “

193 1062 380 1174 soporem
394 1065 590 1168 excitant,
610 1086 819 1144 vexantem
839 1057 1067 1169 insomniis,
1088 1070 1129 1147 δι
1148 1069 1290 1180 vigiliis
1311 1078 1400 1192 sape
1417 1049 1586 1183 wass

192 1173 299 1260 dum.
326 1172 630 1290 Surgentibusi
659 1172 726 1258 tali
752 1170 895 1254 somno
925 1176 1051 1279 cutis,
1078 1171 1134 1256 lin
1189 1208 1240 1286 a,
1267 1183 1399 1278 dentes
1425 1169 1588 1300 ueto„

188 1287 592 1402 Perspirationisvesti
622 1291 704 1371 ium
718 1282 873 1370 nullum
883 1346 899 1392 ,
915 1287 1021 1370 unde
1035 1290 1078 1370 in
1091 1206 1267 1375 habitum
1282 1278 1608 1420 traditae&

189 1429 325 1490 veram
346 1401 509 1487 inducet
527 1320 759 1484 ariditatem.

246 1516 295 1598 In
316 1517 425 1600 hisee
446 1513 630 1599 omnibus
649 1515 888 1604 causrscutis
905 1544 998 1599 cum
1017 1517 1164 1602 caeteris
1183 1519 1392 1609 visceribus
1410 1527 1493 1632 jure
1509 1503 1614 1634 conl.

187 1631 330 1714 mercii
351 1638 392 1714 ὅ(
404 1660 483 1824 pro
505 1631 657 1712 ratione
676 1627 895 1739 superficiei
917 1628 1136 1712 ariditatem
1154 1634 1309 1743 patitur.
1332 1637 1478 1725 Veritm
1496 1663 1616 1759 potest

420 1772 441 1825 a
459 1740 542 1826 dari
561 1745 603 1822 in
622 1765 756 1824 cutem
775 1739 899 1823 solam
919 1769 1061 1852 agens,
1083 1768 1150 1824 aut
1165 1744 1193 1823 [ι
1209 1746 1356 1829 ceteris
1373 1752 1618 1852 interiorum

185 1854 367 1962 adjunsia
383 1857 452 1959 stt,
477 1857 519 1936 in
544 1879 678 1951 cutem
703 1881 844 1936 eorum
867 1857 1061 1937 altionem
1085 1853 1360 1940 determinans.

245 1969 349 2052 Hac
371 1968 498 2073 adest,
522 1967 549 2048 [ι
569 1969 628 2050 vir
648 1992 740 2049 cute
760 1963 848 2048 sani
873 1975 913 2050 br
933 1964 1094 2049 humidi
1112 1965 1285 2052 donatus
1309 1965 1331 2051 i
1355 1968 1457 2058 locis
1476 2004 1623 2174 tempe-

186 2083 281 2164 ratis
302 2107 419 2190 atque
438 2077 548 2164 coelo
574 2078 734 2188 quidem
752 2107 877 2191 puro,
902 2078 969 2163 [εά
992 2078 1247 2164 mediocriter
1263 2083 1453 2190 humid0,
1476 2091 1524 2174 ad
1561 2122 1623 2178 ef.

151 2213 154 2220 '
183 2193 323 2280 ventia
344 2193 428 2278 sole
445 2193 654 2277 diresliore
675 2189 768 2274 loca
787 2190 1037 2296 amandetur,
1058 2189 1194 2299 ibique
1220 2219 1386 2304 cogatur
1409 2202 1529 2282 vitam
1554 2204 1623 2290 de.

186 2299 299 2420 gere.
324 2304 435 2388 Huic
458 2307 563 2388 enim
584 2307 684 2388 cutis
702 2304 808 2386 arida
829 2306 897 2407 fit,
922 2300 1139 2414 &abipso
1160 2301 1295 2387 calore
1318 2309 1509 2394 exsiccata
1524 2345 1624 2402 con-

182 2421 367 2502 trahitur.
379 2416 489 2530 Saepe
501 2440 632 2498 totum
646 2433 790 2528 corpus
805 2413 1056 2528 phlysloenis,
1072 2444 1153 2500 non
1166 2419 1313 2498 criticis
1328 2417 1420 2526 illis,
1437 2423 1504 2508 [εά
1520 2433 1623 2536 quast

183 2527 469 2656 erysipelatosrs
481 2525 503 2610 i
516 2528 692 2628 distraslo
703 2527 885 2634 vasorum
895 2551 1159 2611 eutaneorum
1175 2553 1275 2610 tono
1291 2528 1405 2616 rubet
1420 2536 1623 2650 ardetque,
1753 2635 1762 2652 ‚

179 2673 263 2746 nec
273 2640 743 2834 ramsudorprorumpere
753 2641 893 2754 potest,
906 2636 1298 2753 obcomprelsronem
1308 2640 1457 2730 ibidem
1467 2675 1622 2763 natam,

179 2757 257 2842 sed
275 2759 393 2839 haret
411 2759 452 2837 in
469 2782 581 2840 textu
597 2781 645 2836 ce
662 2752 804 2860 sulari,
833 2749 967 2863 ibique
985 2781 1076 2836 acer
1096 2753 1141 2836 fit
1157 2760 1197 2834 bt
1219 2752 1375 2842 rodens.
1402 2758 1623 2865 Tollantur

182 2871 243 2956 stc
270 2867 520 2984 epidermidis
542 2865 702 2952 vincula
716 2931 730 2974 ,
756 2874 797 2952 δι
825 2866 907 2980 ipse
936 2895 1075 2950 mucus
1100 2868 1140 2950 in
1164 2891 1274 2952 textu
1300 2869 1499 2958 reticulari
1521 2904 1623 2964 con·

179 3009 321 3068 tentus
342 2983 558 3066 exsiccatur
570 3045 584 3088 ,
608 2983 733 3091 fitque
754 2979 901 3092 species
917 2981 1134 3094 'porriginis
1158 2979 1334 3089 quaedam
1355 3011 1439 3066 non
1460 2990 1621 3099 critica,

177 3095 254 3180 sed
288 3091 418 3207 plures
456 3094 705 3227 permenses
745 3091 962 3199 durabilis,
998 3094 1026 3174 [ι
1062 3091 1269 3205 prasertim
1305 3097 1478 3208 regionis
1516 3103 1622 3207 allus

177 3205 390 3292 increscat.
418 3206 572 3292 Fruitur
598 3205 758 3306 tandem
787 3203 958 3310 malum,
987 3206 1177 3315 acquisito
1205 3233 1316 3291 nouo
1346 3215 1389 3292 dt
1418 3210 1468 3295 ad
1486 3217 1622 3326 regio·

176 3347 280 3408 nem
299 3317 589 3434 proportionali
607 3323 649 3404 in
668 3345 761 3403 cute
780 3343 904 3425 tono,
925 3314 992 3401 sed
1008 3317 1087 3401 sem
1117 3345 1159 3402 er
1174 3345 1350 3404 remanet
1367 3319 1475 3406 fusca
1495 3330 1620 3441 magis
1658 3377 1665 3390 ·

176 3435 290 3520 cutis
310 3435 458 3543 vixque
476 3431 546 3516 sub
565 3433 832 3548 temperatiori
856 3428 967 3514 coelo
992 3433 1069 3512 ami
1101 3461 1144 3514 us
1167 3429 1284 3514 color
1302 3435 1523 3520 restituitur.

236 3547 343 3630 Non
353 3544 500 3630 eodem
541 3546 634 3630 tadu
645 3545 712 3629 illa
721 3547 918 3658 experitur
930 3544 1031 3628 cutis
1041 3539 1243 3628 muliebris
1254 3573 1406 3653 quae,ut
1415 3545 1619 3636 substantii
1739 3549 1742 3557 ’

173 3661 345 3746 tenuior
362 3661 414 3742 est
428 3686 497 3773 per
512 3577 554 3742 le
563 3719 578 3764 ,
597 3666 639 3744 bc
655 3660 782 3748 minias
802 3652 1081 3769 perspirabilis,
1101 3657 1228 3740 mimis
1248 3659 1366 3742 etiam
1385 3653 1618 3748 inflammari

171 3771 219 3855 se
248 3771 350 3854 sinit.
372 3773 560 3856 Attamen
582 3769 676 3854 solis
702 3771 803 3852 adlio
830 3765 1004 3873 tardiirs,
1031 3765 1098 3851 sed
1123 3771 1247 3881 magis
1273 3769 1510 3884 irreparabili
1526 3771 1617 3860 labe

172 3887 221 3968 in
243 3909 334 3967 eam
358 3885 450 3997 agit.
476 3883 575 3967 Inde
597 3885 650 3972 est
675 3881 848 3968 enormis
870 3885 1026 3994 prorsbs
1052 3878 1270 3980 differentia
1289 3886 1389 3967 cutis
1414 3886 1515 3968 inter
1537 3885 1616 3970 rus-

169 3998 305 4082 ticam
332 4002 374 4079 &
397 3996 546 4082 fuscam
573 3991 842 4107 Thestylidem
860 4019 976 4104 atque
989 3991 1156 4078 urbanas
1179 3991 1298 4088 laidas
1320 4022 1415 4104 quas
1440 3994 1615 4104 seneslus

172 4111 359 4196 venustas
384 4108 513 4194 adbbc
538 4117 580 4193 dt
601 4113 749 4194 nitente
772 4131 864 4192 cute
886 4106 1098 4192 candentes
1118 4132 1302 4219 occupat.
1329 4107 1501 4194 Rusticis
1517 4113 1617 4203 verb

172 4220 401 4334 virginibus
430 4221 500 4308 ubi
531 4217 580 4306 ab
608 4220 747 4306 umbri
776 4228 818 4304 dt
857 4221 961 4332 quasi
988 4219 1085 4302 nido
1117 4245 1296 4302 materno
1327 4217 1403 4304 soli
1444 4225 1616 4336 primum

173 4337 513 4442 committuntur,
534 4361 744 4445 antequam
758 4329 865 4414 fusca
885 4333 953 4413 fiat
974 4335 1075 4414 cutis
1086 4390 1101 4436 ,
1120 4328 1235 4415 rubet
1248 4334 1419 4446 primlsm
1436 4333 1616 4446 intense,

172 4447 277 4532 dein
297 4446 397 4530 sarra
418 4451 564 4534 emittit
589 4455 631 4531 bt
656 4443 784 4558 longo
800 4443 972 4552 ¹quidem
995 4470 1188 4557 tempore.

243 4557 335 4640 Imb
381 4557 479 4673 sape
524 4560 733 4671 quotannis
785 4557 869 4671 post
914 4553 1137 4665 hyemalem
1180 4558 1412 4672 temperiem
1457 4561 1500 4645 in
1539 4559 1616 4672 qud

172 4667 576 4782 quiescentis'naturae
590 4672 709 4787 sopor
729 4672 856 4753 otium
877 4670 1023 4752 rusticis
1039 4671 1229 4783 imperat,
1246 4671 1425 4784 &frigus
1446 4671 1614 4761 inclusas

175 4783 299 4872 dorni
314 4785 536 4896 continuit,
551 4783 620 4872 ubi
633 4784 682 4872 ad
696 4811 826 4872 novos
839 4779 997 4869 labores
1011 4779 1081 4870 sub
1097 4781 1165 4870 dio
1179 4781 1433 4984 tolerppdos,
1447 4783 1615 4873 calidior

1336 4925 1388 4981 rr
1404 4925 1434 5009 q
