4188 5916
494 417 573 492 322
945 376 1051 464 DE
1121 372 1491 498 Monurs

491 552 504 630 i
534 549 605 636 sriss
628 546 779 631 inutilia
806 543 945 654 scripta
966 536 1068 621 bene
1089 540 1318 650 cognitam,
1342 541 1384 617 δι
1409 533 1646 650 sapientibus
1671 533 1923 626 formidatam

490 580 689 766 illedicis,
711 656 829 742 nimis
849 649 1110 767 imprudentis
1132 651 1180 733 ad
1205 648 1346 733 similes
1371 647 1460 730 usus
1483 646 1658 733 celebrat
1680 649 1924 765 negligenter

493 777 681 879 nimihnr,
710 799 760 854 ne
782 769 911 850 dicam
933 763 1080 868 noxie,
1104 770 1196 847 chm
1219 765 1451 876 topicorum
1471 760 1561 845 usus
1581 765 1622 845 in
1649 765 1857 876 herpetum
1885 777 1924 850 δε

496 889 675 970 omnium
698 879 892 964 malorum
913 903 1172 962 cutaneorum
1197 878 1401 959 curatione
1420 878 1597 958 maximat
1617 875 1662 959 stt
1686 879 1777 970 artis
1801 909 1923 993 opus,

494 995 538 1082 bt
564 995 809 1112 prudentiam
837 989 1004 1106 pbstulet
1026 1020 1109 1073 non
1134 1016 1404 1073 communem.

550 1105 666 1192 Nihil
693 1110 812 1219 igitur
841 1109 984 1188 mirum
1014 1105 1040 1185 st
1068 1107 1136 1187 vix
1161 1101 1242 1186 ulls
1271 1101 1465 1186 methodo
1495 1102 1617 1208 freti,
1648 1102 1923 1218 specificorum

495 1218 635 1307 contris
655 1247 821 1302 numero
845 1215 998 1324 obruti,
1025 1219 1263 1300 curatoriam
1283 1211 1519 1316 methodum
1541 1213 1660 1328 paulo
1682 1218 1799 1304 fustus
1826 1247 1922 1302 eno·

496 1335 588 1418 dare
613 1332 908 1444 aggrediamur,
939 1360 1056 1440 quarn
1081 1355 1213 1414 tamen
1234 1331 1288 1412 ira
1312 1326 1441 1411 usibus
1464 1326 1767 1440 uniuscujusque
1794 1317 1970 1444 aptare⁰

491 1448 646 1560 semper
668 1450 742 1530 erit
761 1475 924 1556 magnus
946 1446 987 1524 in
1005 1442 1174 1526 Medico
1194 1439 1334 1547 labor,
1358 1445 1452 1524 chm
1468 1437 1489 1522 ὲ
1507 1443 1636 1553 primo
1655 1445 1769 1526 unitis
1789 1437 1924 1558 herpe-

493 1563 543 1642 tis
570 1561 719 1672 impetu
751 1557 800 1641 ad
831 1557 1026 1640 summum
1059 1554 1181 1666 usque
1209 1552 1302 1638 mali
1334 1553 1530 1666 gradum,
1560 1580 1632 1639 tot.
1649 1563 1690 1637 dt
1717 1584 1826 1641 tanta
1855 1559 1923 1640 lint

492 1669 722 1777 intervalla,
744 1696 788 1753 ut
808 1667 916 1754 nulla
942 1673 1043 1752 inter
1062 1697 1186 1751 unum
1204 1666 1430 1781 herpetibus
1449 1663 1694 1752 laborantem
1718 1671 1922 1754 hominem

494 1793 537 1868 dt
566 1784 731 1868 alterum
758 1784 1004 1896 comparatio
1030 1786 1071 1864 iri
1096 1780 1218 1896 gradu
1245 1777 1340 1863 mali
1367 1780 1484 1894 possrt
1509 1783 1661 1864 institui.
1696 1783 1787 1865 Imb
1817 1788 1922 1868 &in

459 1963 472 2002 ‚
493 1895 765 2014 promittendo
794 1899 901 2009 parci
927 1903 968 1978 ὅ(
998 1899 1103 1977 cauti
1127 1892 1274 1978 debent
1298 1894 1376 1978 elle
1398 1892 1660 1998 medicantes,
1688 1900 1787 1978 chnr
1816 1895 1922 1980 alteri

493 2011 714 2124 aegrotanri,
729 2039 828 2092 unus
859 2015 900 2090 dt
929 2005 1123 2091 solitarius
1151 2010 1291 2120 herpes
1322 2034 1403 2090 ram
1433 2005 1551 2090 facile
1586 2007 1788 2116 deleatur,
1818 2010 1921 2094 alteri

493 2125 590 2208 verb
624 2122 752 2206 fomes
785 2120 1114 2212 inexhauriendus
1146 2117 1169 2203 ὲ
1206 2116 1367 2234 lymphd
1401 2122 1456 2203 ita
1482 2119 1731 2228 succrescat,
1768 2149 1813 2206 ut
1844 2150 1922 2206 tota

492 2235 575 2349 lym
604 2236 655 2318 ha
677 2239 718 2316 in
744 2236 947 2348 herpetem
970 2259 1119 2330 mutata
1140 2233 1331 2316 videatur.

590 2373 753 2432 tautem
773 2351 813 2430 in
833 2345 907 2430 haic
926 2350 1156 2431 tractatione
1177 2343 1333 2428 lucidus
1361 2345 1462 2429 ordo
1488 2344 1565 2428 suis
1588 2349 1693 2429 varia
1715 2348 1922 2458 pharmaca

494 2462 597 2546 locis
619 2488 745 2574 aptet,
773 2465 828 2544 ita
854 2463 1101 2544 curationem
1122 2461 1389 2563 instituemus,
1417 2482 1463 2540 ut
1491 2458 1545 2540 1⁰.
1574 2456 1741 2541 sciamus
1770 2462 1864 2569 quid
1884 2467 1922 2544 in

494 2601 640 2688 genere
655 2571 834 2688 herpetes
846 2574 1042 2679 indicent,
1054 2574 1132 2656 srve
1143 2571 1193 2655 ad
1205 2569 1495 2655 medicamenta
1507 2573 1667 2655 interihs
1682 2569 1922 2682 adhibenda,

495 2691 573 2774 srve
598 2688 647 2772 ad
671 2687 823 2771 diaetam
846 2683 1196 2801 praescribendam,
1220 2688 1303 2767 thm
1325 2681 1403 2794 qus
1426 2687 1607 2790 rarione,
1636 2713 1716 2794 quo
1743 2711 1924 2800 tempore

495 2812 539 2887 ὃ(
561 2797 671 2906 cujus
691 2803 844 2915 generis
863 2804 998 2914 topica
1019 2799 1222 2883 admoveri
1242 2797 1407 2911 poffint,
1429 2797 1549 2908 idque
1571 2801 1612 2879 in
1631 2795 1810 2880 omnibus
1828 2800 1924 2885 mali

495 2910 680 3028 gradibus
696 2945 707 3012 3
722 2911 859 3025 posted
877 2915 974 2996 verb
992 2913 1041 2994 de
1061 2911 1184 2995 tribus
1201 2913 1406 3026 herpetum
1419 2907 1624 3024 speciebus
1641 2911 1819 2995 curandis
1836 2942 1925 3028 age-

487 3034 605 3130 ·rnus',
628 3022 859 3109 universalia
879 3023 1141 3140 peculiaribus
1164 3050 1339 3136 aptantes
1362 3050 1481 3134 atque
1505 3023 1870 3110 accommodantes.

548 3139 791 3220 Extraneum
812 3140 864 3220 cst
879 3147 919 3221 ὅ(
936 3140 1278 3221 excremenritium
1293 3136 1483 3247 quidquid
1498 3166 1572 3251 pro
1589 3141 1796 3251 herpetum
1811 3137 1923 3224 causti

494 3249 630 3336 haberi
650 3251 801 3362 potest,
831 3249 1011 3360 adebque
1036 3247 1155 3333 debet
1174 3279 1223 3333 ex
1245 3251 1418 3333 instituto
1445 3277 1588 3333 natura
1611 3250 1633 3334 ὲ
1658 3279 1833 3364 corpore
1853 3253 1924 3336 eli-

493 3365 646 3450 minari.
668 3361 778 3444 Huic
802 3387 933 3446 aurem
956 3361 1194 3476 expellendo
1214 3388 1389 3477 patentes
1410 3367 1492 3448 vias
1516 3363 1705 3448 offerresr
1726 3364 1922 3471 volueris,

494 3484 707 3563 humorem
725 3473 852 3588 ipsum
869 3475 1047 3560 fluxilem
1060 3477 1180 3559 facias
1197 3503 1378 3589 oportet,
1397 3480 1450 3560 ita
1471 3503 1516 3559 ut
1527 3505 1597 3592 per
1616 3475 1798 3562 occlusas
1817 3477 1923 3563 anteit

492 3597 576 3678 vias
604 3590 720 3706 poffir
747 3587 855 3670 facili
880 3617 1022 3674 naturae
1049 3590 1161 3673 cursu
1189 3587 1311 3704 abripi
1338 3619 1424 3704 pars
1449 3591 1601 3697 virosa,
1629 3593 1777 3674 haerens
1800 3589 1923 3676 anteit.

496 3707 675 3821 Oportet
692 3703 809 3784 eriam
831 3706 976 3787 utvasa
998 3705 1147 3787 efficias
1167 3701 1369 3812 meabilis,
1388 3705 1444 3786 ita
1464 3730 1509 3786 ut
1523 3708 1564 3786 in
1588 3707 1698 3787 omni
1721 3709 1924 3789 curatione

495 3825 703 3934 herpetum
727 3817 861 3896 omnia
886 3817 1039 3900 adhaec
1062 3817 1143 3900 duo
1163 3816 1377 3900 referantur
1388 3880 1400 3921 ,
1419 3820 1598 3900 humoris
1616 3819 1799 3901 nocentis
1821 3821 1923 3900 miti·

493 3935 746 4036 ficationem,
773 3926 953 4012 vasorum
980 3932 1077 4014 verb
1104 3927 1217 4014 antei
1247 3929 1532 4014 obstrusiorum
1560 3928 1782 4015 libertatem
1817 3933 1924 4014 resti·

491 4047 690 4136 ruendam.

549 4160 798 4248 Humoribus
824 4159 1035 4246 mitificatis
1049 4219 1064 4263 ,
1092 4181 1210 4266 atque
1237 4153 1485 4267 vastsaliqual
1510 4155 1708 4242 laxatione
1738 4156 1893 4242 donatis
1907 4217 1924 4262 ,

494 4271 749 4387 expellendus
778 4279 830 4360 est
859 4280 1004 4359 humor
1032 4300 1081 4357 ex
1108 4271 1191 4384 Hip
1221 4272 1364 4354 octaris
1389 4299 1586 4386 precepto
1611 4300 1680 4384 per
1707 4269 1927 4354 loca‘con-

493 4389 690 4470 venientia
715 4419 728 4488 ;
759 4420 841 4500 quae
865 4388 1026 4501 quidem
1047 4413 1120 4501 pro
1146 4299 1326 4490 suljetri,
1356 4389 1554 4497 regionis,
1577 4383 1733 4468 habirirs
1757 4389 1928 4468 varieta-

491 4495 597 4584 tibus
616 4499 765 4586 diversa
787 4502 885 4586 sunt.
915 4501 1030 4585 Unde
1052 4498 1218 4584 alterum
1243 4499 1438 4582 curationi
1461 4525 1615 4610 tempus
1640 4500 1753 4582 datur
1777 4501 1817 4580 in
1842 4525 1927 4608 quo

493 4615 682 4698 convenit
696 4613 842 4727 eligere
855 4613 1163 4720 medicamenta,
1179 4643 1263 4724 quae
1278 4616 1396 4718 aetari,
1414 4614 1568 4724 regioni
1580 4609 1930 4695 accommodanda

437 4812 439 4818 ,
489 4755 540 4814 ex
564 4722 685 4806 causis
709 4724 1036 4838 praecedentibus,
1062 4755 1112 4810 ex
1134 4722 1493 4816 concomitantibus
1515 4724 1631 4838 signis
1651 4721 1887 4837 seliguntur.

546 4835 671 4928 Hoste
693 4841 931 4956 profligate,
954 4867 998 4924 ut
1017 4839 1113 4956 sepe
1135 4867 1204 4954 per
1222 4841 1424 4924 intricatos
1444 4834 1614 4954 lympha
1631 4863 1786 4926 meatus
1805 4841 1933 4924 barret
