4250 5898
657 409 1154 537 ournurts
1544 447 1632 570 ιη

197 595 501 718 nigrescentium
536 617 763 720 proventus.
801 612 893 696 Nec
926 613 969 696 in
999 610 1150 713 morbis
1185 608 1361 727 plurimis
1399 609 1626 701 indifferens
1754 657 1756 664 v

199 719 250 799 est
269 717 528 828 ‚notasse-quo
550 724 635 829 quis
657 722 799 806 colore
824 721 1059 837 capillorum
1081 721 1247 808 donatus
1271 726 1328 808 srt.
1361 725 1509 810 Verum
1535 729 1628 812 ante

200 833 333 913 omnia
352 831 501 916 notasse
517 831 708 939 sufficiat,
727 835 842 945 quod
864 863 908 920 ut
927 835 1065 946 aliquis
1086 835 1194 918 tufus
1215 835 1367 919 dicatur
1386 867 1467 920 non
1494 839 1630 924 neces.

197 939 337 1022 sarium
358 927 414 1026 ¹fit
442 969 489 1026 ut
517 973 655 1029 omnes
689 947 797 1057 aeque
832 977 879 1030 ca
906 945 966 1031 illi
1000 975 1117 1058 atque
1149 947 1219 1061 pili
1254 947 1398 1032 eodem
1429 952 1626 1037 donentur
1672 965 1678 977 '

199 1050 371 1136 colore:
407 1054 505 1139 scire
537 1055 728 1143 debemus
756 1058 840 1144 dari
870 979 1120 1166 limi-rufos,
1150 1061 1425 1173 semi-nigros,
1462 1067 1539 1172 qui'
1561 1093 1630 1148 ea-·

197 1159 290 1247 dem
318 1168 602 1276 incommoda,
628 1169 695 1256 sed
720 1174 871 1256 'minori
899 1171 1078 1286 periculo
1107 1176 1321 1284 patiantur,
1346 1199 1400 1255 tta
1422 1199 1467 1257 ut
1493 1175 1632 1259 multis:

196 1275 433 1390 capillorum
466 1280 573 1366 rusus
603 1281 720 1366 color
748 1280 858 1368 fusc't
890 1283 1006 1368 barbal
1037 1285 1259 1368 redimatur.
1292 1284 1450 1368 Parcius
1479 1286 1528 1369 ad
1555 1315 1631 1371 eos

196 1391 325 1473 nostra
343 1465 347 1474 .
365 1395 552 1508 pertingit
581 1397 736 1480 theoria
764 1425 777 1496 ς
802 1395 870 1508 sed
907 1397 1137 1480 adamussim
1169 1397 1217 1480 ad
1251 1425 1321 1480 eos
1361 1400 1529 1510 pertinet
1557 1403 1633 1508 qui·

194 1499 442 1615 superciliis,
473 1504 573 1590 ciliis
587 1569 602 1614 ,
627 1505 747 1592 barbi
774 1515 814 1590 dt
847 1507 997 1622 capillis
1028 1508 1192 1626 pilisque
1222 1513 1395 1594 cutaneis
1425 1512 1498 1592 rufi
1524 1509 1627 1596 sunt.

68 1690 70 1698 .
195 1613 276 1698 His
296 1616 398 1702 odor
412 1617 886 1733 undequiquepeffimus,
899 1628 940 1704 dt
955 1625 996 1704 in
1006 1620 1155 1705 morbis
1171 1625 1288 1705 etiam
1302 1622 1496 1734 anginosrs
1509 1627 1631 1732 atque'

192 1725 333 1840 gulam
344 1728 629 1924 occupantibus
645 1734 859 1816 maximum
874 1735 930 1816 eis
917 1730 1167 1929 Tpericulum
1181 1733 1465 1847 portenderunt
1476 1735 1628 1844 Syden-

192 1841 334 1924 hamus
362 1849 404 1923 dt
429 1847 452 1926 a
504 1839 577 1926 illo
604 1843 882 1928 Boerhaavius.
959 1851 1025 1928 lun
1049 1849 1145 1930 verb
1170 1843 1422 1958 periculosius
1447 1844 1530 1930 aliis
1557 1850 1628 1932 vili

69 1964 75 1973 ’
191 1951 285 2036 sunt
305 1951 465 2036 variolis
483 1957 724 2062 conflislari,
753 1963 793 2040 δι
817 1956 973 2065 siquod
997 1957 1303 2060 exanthema,s1
1329 1961 1415 2065 quis
1435 1955 1630 2042 abscessus

193 2064 393 2170 effloruit,
410 2063 538 2150 multo
559 2063 707 2172 majora
728 2066 987 2152 incommoda
1002 2071 1049 2153 iis
1061 2067 1294 2182 impendent
1300 2071 1315 2173 3
1332 2071 1416 2152 imo
1437 2076 1478 2153 dt
1497 2069 1629 2154 multi)

190 2175 399 2284 difficilior
417 2179 470 2263 est
491 2183 655 2265 curatio,
682 2180 840 2264 Etenim
860 2210 943 2264 non
959 2211 1031 2296 pus
1052 2190 1189 2265 verum
1210 2177 1494 2292 &legitimum
1517 2185 1558 2264 in
1579 2184 1628 2268 iis

190 2292 480 2404 expediandum
502 2294 585 2394 est3
607 2291 675 2377 sed
695 2291 952 2407 pusillorum
978 2291 1086 2399 olet,
1108 2299 1151 2374 dt
1169 2291 1321 2403 semper
1341 2292 1460 2376 habet
1478 2291 1628 2404 aliquid

191 2405 382 2488 ichorosr.
489 2403 492 2409 ’
553 2437 559 2458 =

254 2512 375 2596 Certe
395 2541 501 2628 patet
512 2513 747 2600 differentias
766 2513 882 2601 hasce
895 2544 977 2627 quae
989 2518 1092 2601 inter
1106 2517 1213 2600 rufos
1227 2523 1268 2600 ὅ(
1283 2513 1478 2625 reliquum
1498 2517 1628 2602 homi·

191 2641 296 2711 num
321 2653 445 2740 genus
470 2625 719 2713 intercedunt
744 2627 820 2710 esse
841 2628 1069 2740 repetendas
1092 2626 1141 2711 ab
1163 2625 1246 2742 ipsi
1265 2653 1357 2711 cute
1372 2641 1459 2735 'quae
1485 2629 1628 2713 humo-

189 2769 282 2826 rem
302 2739 341 2823 se
369 2766 450 2824 arat
471 2743 704 2825 acerrimum
725 2741 767 2821 in
789 2742 955 2853 propriis
972 2739 1167 2852 glandulis
1188 2765 1307 2848 atque
1324 2737 1469 2826 loculis
1486 2742 1628 2828 'ardio-

76 2929 78 2933 Α
189 2769 471 2972 ribussplritui
491 2851 551 2938 illi
575 2853 718 2938 restori
739 2849 962 2938 exhalando
983 2855 1109 2968 aptis,
1132 2878 1178 2938 ut
1203 2853 1305 2938 odor
1328 2849 1398 2938 ille
1421 2852 1629 2944 axillarum

189 2963 383 3052 declarat

254 3076 319 3160 Ex
344 3075 482 3164 eidem
513 3081 667 3194 origine
695 3080 872 3164 oriuntur
901 3075 1111 3190 lentigines
1139 3074 1242 3184 illae,
1272 3107 1355 3189 quae
1382 3079 1557 3164 rontndae
1583 3091 1634 3168 ut

187 3188 433 3306 plurimum,
448 3192 514 3276 sed
532 3190 742 3303 aliquandi>
752 3196 806 3276 ita
819 3190 942 3278 densae
956 3214 1073 3298 atque
1088 3189 1274 3275 conferte
1286 3189 1516 3298 nascuntur,
1536 3223 1632 3307 prae«

187 3302 332 3388 sertim
353 3306 394 3386 in
418 3301 531 3388 vultu
554 3303 799 3416 brachiisque
812 3367 837 3411 ,,
852 3330 897 3388 ut
921 3300 1038 3386 color
1063 3304 1162 3387 cutis
1183 3303 1274 3388 inde
1298 3301 1320 3388 lt
1340 3303 1565 3388 nitidiss'mro
1584 3309 1628 3392 in

187 3418 346 3500 flavum
378 3416 509 3500 versus
538 3417 595 3500 stt.
629 3419 678 3501 In
709 3416 878 3502 brachiis
916 3414 1114 3516 &dorso
1141 3414 1264 3528 vulgo
1295 3420 1409 3500 nimis
1441 3415 1628 3502 consertae

187 3552 385 3668 apparent
413 3525 519 3636 illae,
558 3533 734 3640 quamvis
767 3527 978 3640 aliquandi>
1009 3554 1078 3641 per
1103 3526 1282 3639 glomere
1311 3526 1560 3622 cumulentur
1585 3532 1632 3616 in

186 3669 276 3728 una
294 3665 423 3753 parte,
448 3640 542 3723 ditm
557 3645 688 3725 vicina
706 3645 751 3725 iis
769 3668 888 3726 caret.
918 3635 1146 3728 Junioribus
1166 3645 1206 3720 dt
1228 3638 1389 3724 faeminis
1410 3641 1629 3756 praecipue,
1698 3690 1702 3698 ,

95 3809 99 3816 -
187 3751 410 3867 lentigines
434 3780 483 3836 ex
498 3753 604 3836 flavo
626 3751 719 3836 albae
741 3753 849 3859 sunt,
869 3752 1042 3836 senesius
1066 3777 1130 3834 eas
1153 3749 1279 3836 fuscas
1299 3752 1427 3837 reddit
1446 3761 1488 3835 dt
1502 3753 1630 3838 ferru-

186 3865 310 3978 ginei
335 3863 506 3973 coloris,
527 3863 747 3966 osiniensis
766 3867 913 3949 Graecis
936 3863 1049 3947 disin.
1072 3863 1187 3947 Unde
1208 3864 1307 3947 nihil
1325 3864 1478 3948 soedum
1503 3868 1631 3979 magis

187 3975 321 4090 quium
349 3979 528 4063 ruforum
556 3979 749 4084 canities,
782 4007 865 4089 quae
889 4003 934 4060 ut
959 3977 1102 4066 tardius
1129 4003 1321 4092 apparet,
1349 3976 1403 4060 fic
1432 3977 1563 4059 enam„
1577 3975 1629 4070 ab,

186 4092 392 4206 opposrtis
418 4092 597 4176 deforme
621 4091 738 4176 offert
761 4087 1038 4204 spectaculum.

254 4203 456 4287 Caeterum
481 4208 522 4287 in
549 4207 631 4288 hoc
657 4201 765 4288 malo
787 4202 980 4316 diagnofis
1005 4201 1191 4304 evidens,
1215 4201 1418 4314 prognolis
1438 4198 1627 4313 fimplex:

185 4341 295 4403 nam
317 4313 414 4400 licet
435 4317 621 4432 pollimus
638 4318 753 4401 variis
778 4316 1064 4428 plumbatisque
1084 4313 1290 4427 presertim
1315 4317 1487 4398 tinduris
1511 4313 1630 4398 colo-

183 4459 287 4518 rem
303 4427 538 4539 capillorum
554 4437 594 4512 ὃ(
612 4453 762 4510 mutare
770 4488 786 4534 ‚
804 4436 846 4510 dt
858 4424 1116 4529 dissimulare,
1131 4425 1367 4538 lentiginum
1383 4423 1633 4540 impossibilis

184 4547 250 4628 est
279 4543 457 4644 curatio,
485 4544 575 4622 clun
598 4539 767 4655 pendeat
785 4537 833 4622 ab
853 4536 935 4655 ipsal
949 4540 1049 4622 cutis
1074 4534 1286 4626 substantii.
1310 4537 1429 4621 Unde
1448 4537 1633 4624 mulieres

180 4651 335 4740 solent
356 4652 452 4734 suco
475 4650 639 4744 &albis
666 4649 875 4767 pigmentis
901 4676 1034 4736 cutem
1060 4677 1235 4736 onerare.
1264 4648 1516 4760 Diffimulant
1542 4655 1631 4760 qui-

184 4767 299 4852 dem
317 4763 370 4844 stc
392 4763 593 4878 praesentes
615 4764 813 4874 maculas,
836 4765 903 4849 sed
925 4762 1071 4850 interes
1096 4767 1235 4852 vitium
1258 4762 1476 4848 intendunt.
1504 4761 1631 4846 Colo-

179 4905 289 4972 rem
303 4877 410 4992 enim
423 4874 446 4962 ὲ
457 4877 562 4962 flavo
579 4879 620 4960 in
630 4877 784 4964 fuscum
796 4881 1025 4990 immutant,
1039 4879 1171 4991 sicque
1182 4877 1340 4971 demum
1352 4877 1633 4991 extinguuntun

1324 4991 1439 5104 Υιι,
