4730 5892
638 475 723 559 410
1097 445 1205 532 DE
1260 441 1623 533 Moxsrs

643 615 770 696 exitus
789 604 892 692 illias
913 606 1136 723 particulae,
1163 615 1206 693 ὅ(
1228 608 1284 694 nil
1306 639 1477 725 paucum
1498 613 1542 693 stt
1564 609 1770 714 criticum,
1794 627 1957 692 notante
1975 601 2076 721 Hip

643 747 834 842 pocrate,
865 751 950 804 non
979 747 1108 807 rarum
1137 723 1188 806 est
1219 750 1388 836 aegrotos
1416 754 1510 807 cum
1547 717 1615 805 tali
1644 720 1901 838 deputatione
1934 724 2076 834 emopi.
2183 730 2192 751 “

642 837 813 951 Signum
842 859 975 920 tamen
1009 834 1100 920 inde
1132 835 1346 952 petendum
1375 840 1451 942 est,
1485 833 1671 920 morbum
1707 862 1791 918 non
1819 865 1903 919 uno
1936 859 2075 918 tenore

642 943 881 1054 decurrere,
918 949 985 1034 sed
1017 977 1088 1063 pet
1112 951 1242 1034 varios
1267 949 1374 1033 uarie
1402 948 1532 1036 saevire
1566 947 1834 1064 paroxysmos.
1867 949 1916 1033 Id
1943 971 2075 1030 autem

644 1066 728 1177 igni
753 1058 923 1174 sylvestri
951 1066 1061 1146 omni
1089 1089 1305 1146 commune
1328 1064 1411 1168 est,
1435 1088 1480 1146 ut
1503 1057 1656 1178 parcibs
1680 1091 1790 1147 erum
1819 1089 1858 1146 at
1883 1063 2005 1145 aeliate
2034 1069 2076 1144 bc

642 1177 685 1258 in
700 1185 788 1258 aire
803 1172 1077 1281 clementiori,
1093 1175 1265 1258 ferocius
1279 1178 1377 1260 verb
1396 1179 1599 1286 hyeme&
1617 1201 1698 1261 tem
1729 1093 1862 1262 oribus
1876 1177 1919 1257 in
1934 1170 2077 1286 quibus

642 1286 870 1402 perspiratio
892 1287 1149 1373 &exhalatio
1169 1291 1343 1372 minores
1362 1287 1450 1372 sunt
1473 1321 1485 1389 ;
1516 1291 1633 1374 itaut
1652 1207 1858 1375 videantur
1878 1291 1988 1402 pueri
2009 1288 2077 1396 qui

643 1402 854 1510 quotannis
869 1403 954 1517 post
966 1405 1089 1515 prima
1104 1405 1207 1487 veris
1229 1427 1409 1516 tempora
1425 1402 1475 1486 ad
1493 1427 1724 1488 autumnum
1736 1401 1860 1513 usque
1873 1426 2009 1485 cutem
2020 1403 2077 1482 ni-

553 1527 558 1535 '
642 1512 767 1598 tidam
811 1514 1165 1622 estent,&srontis
1180 1518 1372 1600 ostentent
1384 1517 1582 1602 honorem
1595 1513 1782 1600 matribus
1801 1514 2079 1630 gratissimum

643 1653 684 1710 at
695 1623 764 1707 ubi
779 1543 898 1710 {exiit
911 1653 1139 1736 autumnus,
1159 1631 1419 1742 &tempestas
1439 1631 1480 1712 in
1496 1630 1619 1743 frigus
1635 1628 1866 1736 inclinatur,
1886 1629 2021 1712 omnia
2035 1627 2078 1710 in

643 1741 845 1851 pristinum
866 1744 1009 1824 ‘statum
1038 1741 1215 1826 redeunt.
1246 1741 1357 1824 Hinc
1385 1745 1478 1824 clam
1503 1741 1697 1855 dragnosrs
1732 1741 1816 1826 visu
1846 1737 1975 1824 facilis
2003 1740 2077 1843 stt,

644 1859 687 1936 bt
707 1855 913 1965 prognolis
934 1853 1097 1969 simplex
1124 1857 1236 1938 omni
1254 1881 1398 1938 vacare
1422 1853 1604 1969 periculo
1631 1875 1777 1968 agrum
1803 1850 2007 1956 declaret,
2028 1849 2079 1934 de

645 1965 853 2048 duratione
879 1993 1010 2064 tamen
1042 1963 1134 2049 mali
1165 1967 1234 2049 nist
1263 1969 1348 2080 post
1374 1997 1520 2052 annum
1551 1970 1731 2052 exastum
1758 1970 1956 2080 integrum
1984 1993 2079 2098 pro·

645 2079 823 2160 nuntiare
852 2077 1090 2193 impolsrbile
1118 2081 1193 2187 fit,
1225 2081 1277 2162 est
1304 2107 1402 2192 ergo
1430 2082 1532 2192 ignis
1564 2079 1752 2206 sylvestris
1777 2077 1935 2193 proprie
1956 2077 2080 2160 ditius

642 2186 807 2384 prothus
818 2189 993 2304 puerilis,
1009 2201 1050 2278 br
1062 2196 1104 2278 in
1113 2219 1328 2308 puerorum
1343 2194 1624 2278 constitutione
1639 2221 1720 2300 erus
1736 2191 1856 2276 causae
1870 2190 2080 2302 quaerendae

660 2329 742 2386 unt.
1595 2337 1600 2346 ·

699 2416 809 2500 Inter
827 2417 1054 2534 erysipelate
1075 2419 1361 2504 numerandum
1377 2416 1454 2503 elle
1475 2421 1610 2532 ignem
1629 2414 1850 2528 sylvestrem
1868 2416 1935 2502 rel
1952 2413 2077 2502 oculo

674 2554 776 2635 atet,
800 2528 867 2614 sed
879 2534 981 2616 inter
1000 2529 1103 2616 levia
1116 2558 1233 2642 atque
1246 2537 1288 2616 in
1303 2531 1508 2646 superficie
1520 2529 1604 2648 ipsi
1618 2534 1742 2636 cutis,
1757 2529 1824 2616 vel
1836 2531 1932 2614 vasrs
1952 2535 2078 2614 tenui-

644 2554 895 2740 busreticuli
918 2647 1070 2728 mucosr
1087 2643 1342 2761 malphigiani
1361 2645 1531 2761 politum
1548 2643 1626 2730 elie
1640 2640 1740 2728 illud
1754 2641 1949 2750 declarat,
1968 2643 2079 2753 qubd

644 2752 768 2838 rubor
782 2784 983 2867 nunquam
999 2757 1172 2844 intensus
1191 2759 1237 2842 srt
1248 2822 1263 2865 ,
1285 2759 1396 2867 qubd
1409 2782 1543 2842 tumor
1556 2755 1686 2842 nullus
1701 2782 1838 2843 cutem
1852 2755 2077 2872 exasperet,

643 2865 841 2982 separetur
859 2876 1010 2954 tantiam
1034 2872 1242 2987 epidermis
1262 2871 1283 2954 a
1304 2868 1474 2977 subjecta
1498 2895 1632 2986 parte,
1656 2869 1766 2982 qubd
1787 2869 1947 2954 demum
1968 2869 2079 2955 nulla

644 2983 687 3062 in
713 2979 865 3064 tenello
885 2985 1079 3068 infantum
1105 3011 1276 3098 corpore
1305 2984 1568 3097 symptomata
1592 2986 1773 3068 concitet
1803 2980 1967 3089 setalia,
2008 2985 2077 3068 etsr
2201 3007 2202 3084 3

647 3121 794 3206 corpus
807 3093 906 3178 illud
923 3095 1100 3208 alioquin
1117 3123 1198 3181 tam
1211 3095 1331 3182 facile
1349 3095 1608 3182 convellatur.
1633 3096 1699 3179 Est
1718 3123 1817 3209 ergo
1839 3093 1953 3180 causa
1975 3097 2077 3209 ignis
2201 3111 2202 3126 ¹

645 3203 834 3316 sylvestris
865 3235 1162 3296 excrementum
1193 3205 1297 3294 male
1330 3213 1489 3296 costum
1514 3208 1755 3324 perindeque
1781 3235 1872 3294 acre
1900 3211 2078 3294 humoris
2201 3249 2202 3254 Ν

644 3319 825 3423 mucosr,
855 3321 964 3430 quod
992 3326 1035 3406 in
1062 3320 1155 3407 loca
1180 3320 1389 3407 tenerrimi
1409 3321 1652 3441 epidermide
1679 3348 1816 3436 operta
1836 3321 2077 3436 deponitur,

647 3429 778 3540 qualia
799 3431 886 3515 sunt
908 3431 1036 3543 labia,
1059 3463 1192 3550 gena,
1221 3459 1478 3546 mentumque
1500 3440 1542 3520 in
1562 3464 1644 3548 quo
1666 3425 1880 3551 pluriririrm
1900 3438 2080 3521 humoris

646 3546 798 3629 mucosr
833 3541 961 3633 bulbis
998 3549 1269 3664 eomprehensr
1303 3552 1479 3634 cutaneis
1508 3553 1726 3666 reperitur,
1761 3546 1957 3664 precipue
1982 3553 2080 3634 verb

647 3655 701 3742 ob
732 3657 908 3742 dentium
934 3663 1121 3745 viciniam
1147 3690 1319 3772 quorum
1346 3657 1521 3746 exclusio
1551 3665 1763 3746 maximam
1791 3659 1937 3775 praebet
1960 3691 2082 3746 occas

645 3772 796 3855 fionem
814 3769 960 3857 morbo
974 3777 1068 3859 huic
1083 3777 1213 3859 nostro
1229 3773 1492 3889 procreando.
1508 3775 1573 3860 Et>
1587 3802 1717 3862 autem
1731 3773 1951 3860 evidentias
1966 3775 2082 3860 causa

645 3885 713 3968 hic
739 3884 874 3970 allerta
894 3890 1151 4000 proponitur,
1176 3889 1285 3998 qubd
1304 3887 1467 3975 morbus
1488 3891 1555 3972 hic
1574 3887 1670 4002 saepe
1689 3886 1793 4002 apud
1814 3917 1889 4000 pau
1918 3887 2084 3972 erculos

644 3994 729 4081 sola
745 3997 897 4082 sanetur
915 3997 1122 4110 patiendi,
1138 4026 1256 4110 atque
1269 4031 1339 4116 per
1356 4005 1545 4118 temporis
1559 3999 1724 4092 labantis
1737 3918 1959 4104 intervalla,
1982 4004 2084 4108 quia

616 4109 978 4230 ‚cuncosiionibus
1006 4111 1127 4198 robur
1163 4115 1452 4226 acquirentibus
1488 4113 1628 4200 meh'i'rs
1656 4137 1879 4225 coquuntur
1909 4114 2087 4198 mucosa

646 4248 899 4308 excrementa
920 4231 961 4307 ὅ(
981 4253 1029 4310 ex
1051 4225 1189 4310 ordine
1209 4253 1352 4312 naturae
1371 4226 1631 4344 expelluntur.

700 4333 793 4418 Nee
808 4335 1061 4450 certeparirm
1075 4340 1232 4427 confert
1247 4341 1413 4427 adhunc
1429 4340 1731 4459 producendum
1745 4337 1940 4426 continub
1955 4335 2085 4424 saliva

647 4448 781 4532 exiens
799 4447 822 4530 ὲ
837 4447 973 4534 buccis
992 4454 1213 4561 infantum,
1234 4457 1421 4542 mansum
1439 4455 1682 4542 sordidarum
1703 4454 1886 4566 frequens
1909 4451 1958 4536 ad
1980 4449 2085 4536 loca

646 4555 793 4643 morbo
817 4559 1029 4648 imbuenda
1058 4565 1295 4681 applicatio,
1323 4567 1553 4656 basiationes
1576 4567 1738 4655 sordidae
1750 4630 1766 4674 ,
1790 4567 1857 4652 sed
1884 4563 2091 4681 praecipue.

647 4675 881 4758 concodiot
892 4675 983 4761 arda
994 4677 1047 4761 ob
1061 4677 1372 4792 glutinosorum,
1388 4685 1600 4768 crassorum
1617 4679 1918 4785 alimentorum,
1938 4679 1963 4760 s
1983 4675 2092 4760 ont&

646 4781 913 4870 acescentium
931 4790 972 4872 in
999 4789 1159 4876 luviem.
1183 4793 1275 4878 Nec
1298 4825 1380 4879 non
1396 4795 1608 4913 culpandas
1629 4793 1866 4880 reddiderim
1885 4793 1929 4876 sat
1955 4709 2095 4874 {ma-

645 4923 739 5048 qes,
755 4927 837 5014 quae
848 4820 1086 5020 gravidtatis
1102 4931 1284 5023 tempore
1297 4938 1462 4998 nuscum
1474 4911 1678 4996 nutritium
1688 4821 2093 5023 ingentisonllunoc
