4166 5908
467 354 561 450 '328
924 333 1033 424 DE
1101 332 1468 423 MORBIS

479 535 533 586 tii
560 500 662 607 sistri
682 498 954 606 vocabantur,
977 497 1098 586 sivei'
1134 497 1228 588 iaia.
1268 501 1354 586 Has
1389 502 1431 582 in
1461 494 1526 583 sua
1556 494 1731 584 theriaci
1767 443 1924 616 recepil

478 615 807 720 Andromachus,
845 611 991 697 viribus
1030 533 1213 698 viribus
1249 613 1437 809 stipendis
1464 608 1615 697 habiles
1642 611 1924 698 &sudoribus

480 725 754 812 conciliandis.
777 725 892 810 Unde
914 729 1032 810 etiam
1059 726 1235 810 Galenus
1259 727 1301 809 nl
1314 757 1413 831 iuni,
1442 727 1675 809 rusticorum
1700 728 1924 810 theriacam

479 867 613 924 vocat.
642 841 836 950 Quamvis
860 865 991 924 autem
1014 839 1063 923 ad
1085 841 1264 952 herpetes
1285 838 1477 922 sanandos
1498 835 1602 922 illisis
1623 839 1786 923 remedii
1809 836 1924 923 nulla

480 954 527 1036 sit
555 950 657 1066 apud
685 977 836 1037 veteres
865 956 1045 1056 mentio,
1076 958 1347 1036 verumtamen
1374 956 1465 1036 ciirn
1498 949 1547 1034 ad
1574 955 1789 1035 inveterata
1815 948 1939 1036 cutis

480 1064 585 1147 mala
611 1061 712 1147 illud
739 1061 993 1169 adhiberent,
1027 1067 1111 1146 imb
1137 1062 1415 1179 elephantiasin
1442 1061 1574 1146 iisolo
1600 1067 1821 1176 viperarum
1847 1062 1924 1147 usu

479 1177 651 1260 sanatam
674 1174 815 1258 scribat
835 1179 1009 1260 Aretaeus
1018 1238 1031 1282 ‚
1054 1176 1209 1261 videtur
1228 1173 1309 1283 ejus
1328 1176 1440 1260 usum
1457 1174 1506 1260 ad
1526 1174 1718 1261 sanandos
1736 1180 1923 1290 herpetes

483 1289 710 1398 detorqueri
733 1287 853 1401 posse.
885 1290 939 1372 Et
969 1287 1103 1397 certe,
1137 1287 1234 1372 licet
1266 1288 1409 1372 durum
1440 1289 1485 1370 sit
1512 1316 1655 1402 negare
1687 1288 1923 1374 facultatem

481 1405 622 1514 viperae
652 1399 832 1486 carnibus
862 1427 1128 1485 attenuantem
1142 1465 1157 1509 ‚
1192 1432 1284 1484 cum
1312 1399 1597 1485 recentioribus
1631 1399 1759 1483 niultii
1792 1405 1923 1514 magis

482 1517 645 1598 eximias
665 1513 779 1596 dotes
804 1510 871 1596 sali
896 1513 920 1597 ὲ
945 1511 1080 1630 viperis
1098 1519 1273 1598 extrasio
1294 1511 1447 1598 volatili
1468 1511 1728 1597 concesserim
1748 1545 1761 1612 3
1783 1514 1923 1598 adver·

482 1624 648 1710 tendum
671 1651 806 1736 tamen
833 1627 885 1709 est
912 1628 1047 1709 omnia
1075 1655 1160 1736 qua
1182 1626 1394 1738 sequuntur
1415 1625 1604 1709 calidiora
1627 1624 1922 1710 medicamenta

480 1741 648 1852 vipereis
660 1742 778 1822 etiam
793 1735 1135 1851 preparationibuc
1150 1764 1198 1821 ex
1228 1736 1375 1822 robrari
1392 1737 1500 1852 posse
1514 1737 1785 1822 incommoda.
1800 1739 1921 1824 Unde

482 1851 662 1934 nonnisi
691 1845 905 1935 laxioribus
934 1858 977 1934 dt
1006 1770 1274 1938 diffluentibus
1305 1849 1385 1964 lym
1416 1848 1466 1934 hl
1496 1848 1732 1964 corporibus
1764 1878 1920 1935 conce-

482 1962 655 2068 duntur,
686 1970 729 2046 bt
755 1965 797 2048 in
824 1963 885 2045 his
914 1959 1062 2046 casibus
1082 1991 1223 2050 eorum
1246 1964 1364 2051 succe
1395 1992 1464 2049 um
1489 1960 1769 2079 comprobavit
1795 1991 1920 2078 cirpe-

479 2099 631 2159 rientia.
1457 2169 1461 2178 ,
1565 2109 1570 2116 ·

538 2185 734 2270 Eumdem
768 2188 809 2270 in
841 2185 954 2272 usum
992 2195 1034 2273 ὃ(
1062 2189 1324 2304 diaphoretici
1358 2191 1618 2304 simulatque
1648 2189 1918 2298 attenuantis,

481 2299 566 2382 imb
586 2301 600 2381 i
628 2296 713 2382 suni
731 2301 977 2414 herpeticum
999 2304 1104 2384 vitus
1124 2307 1311 2388 mutantis
1332 2303 1451 2389 titulo
1472 2303 1669 2389 adhibitus
1692 2304 1745 2386 est
1764 2330 1919 2386 mercu-

480 2414 574 2494 rius.
600 2329 639 2495 ls
656 2408 805 2517 illitus,
828 2421 868 2496 ὃ(
885 2409 1014 2496 formai
1035 2415 1257 2498 mercuriali
1273 2415 1484 2532 assumptus
1503 2421 1640 2532 pariim
1663 2413 1712 2498 ad
1733 2417 1917 2530 herpetes

479 2522 612 2607 valere
632 2520 857 2608 observatus
878 2529 958 2632 est,
983 2529 1075 2609 cum
1094 2525 1222 2611 sanati
1241 2525 1306 2612 lue
1329 2528 1497 2615 venerea
1514 2555 1714 2614 remanere
1735 2530 1787 2612 he
1858 2555 1919 2613 tes

479 2661 712 2720 annotatum
729 2637 775 2718 sit
789 2696 803 2743 ‚
829 2635 926 2722 lieet
942 2637 992 2722 ad
1008 2636 1172 2724 morbos
1188 2669 1381 2754 pecorum
1402 2669 1592 2727 cutaneos
1614 2640 1702 2724 ante
1718 2639 1807 2723 adhi
1838 2643 1920 2726 itus

430 2841 433 2848 ¹
480 2748 526 2832 sir
545 2747 662 2860 quam
685 2749 777 2833 inde
800 2749 850 2834 ad
873 2747 980 2834 luem
999 2778 1210 2837 veneream
1234 2754 1422 2839 detortus.
1447 2755 1598 2840 Verum
1620 2755 1921 2840 neotericoium

479 2860 661 2944 industria
680 2862 734 2946 ita
756 2861 1058 2946 semimetallum
1079 2867 1161 2948 hoc
1181 2864 1323 2950 'nobile
1341 2867 1499 2952 miscuit
1520 2875 1561 2950 dt
1577 2870 1917 2978 contemperavit,

479 2998 526 3098 pt
553 2975 595 3054 in
616 2970 690 3056 illo
720 2971 947 3096 herpetibus
972 2974 1222 3085 antidotum,
1253 3008 1338 3063 non
1361 2982 1443 3066 sine
1464 2977 1595 3093 aliquia
1616 2980 1769 3064 ratione
1795 2979 1917 3094 pollis

478 3113 564 3191 Jure
587 3113 769 3195 quarere.

536 3194 705 3391 Duplici
732 3221 864 3283 autem
890 3198 961 3282 sub
987 3197 1117 3286 sormi
1144 3206 1193 3290 ad
1225 3209 1406 3322 herpetes
1438 3208 1754 3293 commendatur.
1786 3201 1919 3292 Prima

478 3308 558 3414 est,
588 3339 615 3391 u
643 3313 658 3392 i
682 3311 811 3394 iesinae
835 3308 955 3396 alicui
979 3314 1164 3398 miscetur
1191 3321 1365 3404 intimiiis
1374 3383 1391 3428 ,
1410 3322 1491 3406 sive
1509 3323 1654 3406 mixtus
1678 3349 1772 3406 curn
1799 3319 1919 3404 acido

480 3417 685 3530 solvente,
707 3423 786 3508 sive
807 3419 915 3510 solus
940 3428 1251 3515 &trituratione
1274 3431 1360 3516 soll
1377 3435 1581 3517 extinsius.
1606 3433 1719 3522 Hinc
1742 3430 1919 3546 jungitur

478 3561 651 3650 panacea
664 3535 929 3644 mercurialis,
947 3538 1026 3624 sive
1041 3544 1258 3627 mercurius
1276 3543 1424 3650 dulcis,
1448 3547 1526 3630 sive
1540 3543 1755 3636 calomelas
1768 3543 1918 3659 Anglii

477 3673 568 3728 rum
590 3677 684 3731 cum
707 3645 912 3760 substantii
932 3648 1104 3736 resinossi
1132 3651 1335 3768 purgante.
1363 3659 1573 3742 Formatur
1596 3661 1638 3743 in
1656 3657 1799 3776 pilulas
1821 3659 1920 3742 varii

477 3787 552 3872 pro
570 3759 727 3844 diversis
743 3766 1059 3878 temperamentis
1102 3765 1287 3870 onderis;
1308 3771 1432 3880 fitque
1449 3771 1783 3861 medicamentum
1804 3771 1919 3881 quod

478 3871 568 3956 sero
584 3871 817 3987 assumptum
832 3877 914 3957 vim
929 3873 1042 3958 simul
1058 3795 1369 3991 diaphoreticam
1390 3911 1508 3994 atque
1528 3887 1781 3969 catharticam
1803 3909 1920 3968 exer·

480 4010 547 4066 cet
558 4044 572 4089 ,
604 3993 645 4068 &
662 3983 759 4100 sape
776 3983 870 4070 mali
889 3989 1012 4071 moris
1032 3990 1103 4072 her
1154 4016 1213 4076 tes
1237 3993 1369 4102 sanat,
1393 3997 1519 4082 modo
1535 4027 1617 4081 non
1632 3997 1819 4112 precipiti
1835 3999 1920 4078 im-

479 4121 574 4224 petu
594 4096 790 4182 deferatur
810 4127 880 4214 per
905 4096 1037 4184 alvuin
1085 4099 1268 4188 iularum
1288 4106 1480 4193 efficacia.
1507 4108 1629 4195 Tales
1649 4108 1736 4192 sunt
1754 4105 1920 4192 famosa

480 4201 556 4287 illae
583 4203 712 4319 pilula
741 4209 789 4294 ab
817 4215 1025 4298 inventore
1053 4131 1161 4299 ditia
1184 4215 1234 4301 de
1261 4215 1433 4305 Bellosie
1452 4229 1517 4326 (a)
1537 4253 1633 4334 quas
1657 4247 1921 4308 exornaverat

479 4320 540 4400 vir
556 4320 597 4400 in
615 4319 826 4436 Chirurgii
840 4353 922 4408 non
938 4327 1092 4442 ineptus
1112 4327 1161 4412 ad
1179 4326 1286 4416 luem
1300 4360 1508 4418 veneream
1527 4333 1827 4451 persanandam,
1849 4337 1921 4420 cui

479 4429 637 4514 effectui
660 4440 817 4546 proisiis
839 4434 1032 4523 inhabiles
1065 4439 1165 4525 sunt.
1194 4447 1251 4528 At
1273 4445 1381 4532 certe
1408 4449 1604 4532 retinuere
1629 4449 1679 4533 ad
1708 4449 1922 4563 herpetum

480 4537 722 4629 sanationem
746 4546 880 4635 multis
899 4550 941 4632 in
966 4549 1115 4638 casibus
1135 4584 1218 4640 non
1236 4562 1451 4672 precariam
1466 4557 1764 4666 celebritatem,
1790 4558 1922 4645 modi>

483 4653 698 4738 offerantur
725 4667 875 4746 tantiam
902 4663 950 4746 iis
980 4692 1173 4776 agrotum
1200 4670 1543 4760 constitutionibus
1573 4703 1659 4788 quae
1687 4701 1771 4758 non
1798 4671 1922 4762 facilc

478 4841 483 4850 .
521 4789 578 4872 (a)
601 4785 641 4854 V·
660 4786 764 4852 Eauinl
784 4793 951 4860 Pharmaciae
972 4815 1013 4858 ati
1035 4795 1143 4882 special.

1611 4889 1924 4998 inflammantur.
