4228 5898
452 391 507 470 m
704 379 799 466 on
845 350 1146 512 Monurs
1198 373 1601 464 curnnnrs.

454 569 615 651 cantur,
635 544 795 660 possunt
813 569 946 628 tamen
967 537 1017 624 a'd
1034 539 1138 656 ipsos
1164 541 1264 627 eutis
1284 537 1492 626 folliculos
1510 540 1629 625 nasci.
1651 533 1891 628 Indurantur

453 661 645 774 parietes,
674 660 819 772 stagnat
842 660 944 738 intus
971 654 1115 737 humor
1137 679 1348 740 contentus
1359 716 1373 761 ‚
1408 658 1476 766 qui
1498 656 1587 738 rari>
1612 651 1714 738 solvi
1740 656 1859 770 possit
1870 715 1887 762 ‚

454 772 588 906 saepius
604 769 815 884 Chirurgist
832 768 966 851 sanari.
979 765 1047 850 De
1060 769 1120 852 his
1141 767 1258 852 done
1273 793 1398 884 nuper
1420 776 1462 854 dt
1476 767 1526 852 ad
1540 789 1682 852 naturae
1705 796 1889 852 normam

454 911 540 999 egrt
571 883 702 968 Dotn
725 874 902 988 Girud‚
940 879 1128 965 Medicus
1160 879 1433 988 Marjuliensrs.
1473 881 1637 966 Honrm
1669 879 1889 993 diagnosrm

454 1001 521 1083 lrlc
539 999 734 1084 instituere
747 996 1031 1109 supervacuum
1042 993 1168 1102 foret,
1183 1003 1277 1078 curn
1297 1021 1438 1080 eorum
1456 996 1606 1108 figura,
1629 1020 1695 1076 aur
1713 999 1886 1080 circum

453 1112 623 1226 scrlpta‚
652 1137 719 1194 aut
742 1136 792 1193 ex
810 1110 926 1192 variis
942 1104 1162 1220 glomerata
1183 1106 1381 1215 sacculis,
1406 1107 1520 1192 tardo
1551 1107 1701 1191 incessu
1723 1137 1887 1223 progre-

457 1225 569 1310 diens
593 1234 635 1309 dt
656 1221 752 1338 saepe
773 1224 852 1306 fixa
871 1219 913 1305 in
938 1219 1085 1306 eodem
1103 1217 1334 1331 volumine,
1363 1247 1440 1308 uec
1467 1251 1550 1306 non
1574 1219 1783 1329 indolens,
1807 1226 1890 1307 ¹hos

455 1363 632 1425 tumores
654 1334 840 1449 designet.
889 1389 892 1394 -
1231 1359 1233 1362 ·
1557 1363 1562 1372 ·
1754 1425 1758 1429 ,

513 1453 664 1536 Verium
683 1447 749 1533 alii
769 1475 946 1534 tumores
976 1471 1110 1532 cutem
1137 1446 1373 1562 deturpant,
1399 1449 1480 1532 stne
1510 1444 1597 1529 ullo
1626 1447 1706 1532 alio
1732 1451 1890 1532 incom⁴

457 1563 605 1672 modo,
625 1565 709 1648 imo
739 1560 813 1645 abs
832 1591 884 1647 ue
912 1564 1088 1675 pruritu:
1112 1562 1230 1677 ,α’χνκι
1244 1559 1444 1644 vocabant
1464 1585 1618 1645 veteres
1641 1561 1751 1673 quod
1782 1563 1894 1653 lusor

458 1679 599 1766 Aetius
619 1680 686 1788 qui
706 1592 892 1760 eumsem
906 1673 1094 1764 esse.vult
1109 1701 1185 1760 nec
1209 1671 1426 1758 distinstum
1447 1697 1658 1758 tumorem.
1682 1674 1773 1758 Hos
1788 1679 1917 1759 inter·

459 1817 636 1878 tumores
654 1787 794 1873 locum
808 1786 964 1873 obtinet
978 1790 1082 1885 θύμος
1095 1785 1347 1874 tuberculum
1370 1787 1516 1870 dietum
1531 1791 1699 1897 antiquis
1716 1791 1891 1872 incarne

459 1905 674 2010 enascens,
703 1902 745 1986 id
765 1905 875 1990 estin
902 1901 1039 2017 adipe,
1054 1903 1163 2014 quod
1187 1903 1215 1984 fi
1241 1899 1264 1984 *a
1287 1897 1398 1984 brevi
1474 1899 1609 1984 diculo
1637 1899 1807 2016 pendeat
1826 1901 1891 1985 di-
1933 1995 1940 2008 ⁸

461 2021 566 2104 citur
583 2049 713 2122 ruunt,
737 2013 778 2100 id
801 2019 854 2106 est
873 2018 973 2100 sicus
983 2079 998 2122 ‚
1015 2013 1324 2124 describiturque
1351 2011 1373 2098 ir
1398 1928 1521 2097 Cpelso
1542 2011 1611 2098 lib.
1630 2045 1649 2126 5
1669 2077 1682 2120 ,
1700 2017 1804 2124 quasr
1825 2047 1891 2099 ru-

460 2130 577 2220 brum
591 2135 633 2214 dt
657 2125 908 2246 subasperum
918 2191 933 2238 ,
950 2132 1083 2239 estque
1102 2125 1226 2244 vulgis
1245 2131 1377 2244 potius
1393 2125 1495 2212 mala
1522 2129 1749 2213 constitutio
1765 2132 1891 2237 curis,
1997 2171 2000 2176 Δ

462 2249 580 2358 quim
594 2245 749 2330 vitium.
1132 2269 1137 2278 ·
1412 2265 1415 2293 ²
1494 2296 1499 2304 -
1635 2351 1639 2356 Ι

464 2410 467 2418 ·
520 2355 631 2473 Saepd
647 2382 823 2442 tumores
846 2355 905 2442 illi
924 2356 1058 2445 nasum
1084 2365 1127 2443 dt
1146 2357 1291 2441 faciem
1313 2381 1524 2471 occupant.
1546 2356 1712 2438 Guttam
1739 2355 1890 2439 roseam

463 2470 662 2560 vocavere
679 2469 813 2554 Latini
838 2473 979 2554 inlimae
999 2469 1198 2554 latinitatis
1225 2495 1293 2552 aut
1317 2469 1540 2584 cuptrostzm.
1566 2469 1670 2572 ‚Huc
1690 2493 1892 2552 tumorum

460 2587 673 2698 tongeries
703 2611 754 2667 ex
777 2582 929 2667 infinite
951 2585 1078 2696 parvis
1101 2579 1322 2666 tumoribus
1352 2585 1529 2665 constans
1554 2585 1661 2666 viros
1688 2581 1891 2687 innocue,

462 2696 648 2784 mulieres
670 2699 768 2782 vero
786 2692 895 2780 foede
913 2719 1032 2781 vexat
1049 2702 1093 2779 dt
1108 2693 1280 2806 difficilis
1302 2721 1438 2778 curatu
1458 2697 1522 2779 est.
1546 2695 1653 2778 Nam
1668 2694 1755 2780 vasa
1769 2694 1893 2778 hosce

463 2837 641 2897 tumores
671 2809 955 2893 circumdantia
981 2813 1021 2891 in
1039 2807 1208 2920 aliquam
1231 2809 1453 2892 intumuere
1470 2811 1611 2893 varicis
1633 2807 1803 2922 speciem
1815 2871 1830 2916 ,
1844 2806 1892 2892 u

464 2922 624 3006 dilatata
644 2921 734 3004 suos
751 2921 1177 3026 flexus'demonstrant,
1198 2921 1308 3032 quod
1322 2923 1462 3004 vitium
1486 2917 1667 3004 mulieres
1686 2923 1830 3029 flavas,
1850 2929 1893 3006 dt

466 3031 703 3116 nitidissrms'
724 3029 921 3144 fulgentes
949 3059 1042 3120 cute
1074 3035 1231 3140 afficit,
1268 3033 1354 3149 ipso
1391 3035 1544 3150 aspeslu
1569 3033 1677 3116 suam
1714 3036 1892 3121 efficiens

465 3145 528 3230 dia
559 3145 696 3229 nosrm.

403 3335 408 3364 ,
522 3179 619 3343 sluc
639 3261 758 3342 etiam
785 3258 930 3344 referre
951 3262 1004 3344 est
1025 3157 1200 3344 sensnm
1224 3264 1327 3345 curis
1348 3261 1620 3376 superficiem,
1646 3287 1729 3372 quoe
1748 3257 1893 3346 scabri-

465 3377 539 3458 ties
561 3374 587 3456 sr
609 3401 691 3456 non
714 3369 736 3456 ὲ
757 3369 931 3480 subjeslo
948 3372 1063 3488 adipe
1081 3373 1270 3489 pendeat,
1296 3374 1345 3457 ad
1363 3372 1539 3460 lichenes
1554 3379 1686 3490 potius
1705 3373 1822 3485 quim
1844 3374 1894 3458 ad

465 3509 642 3574 tumores
666 3483 855 3592 refertur,
883 3512 928 3570 ut
953 3495 997 3571 ὅ(
1021 3489 1155 3570 omnia
1184 3487 1258 3572 alia
1278 3513 1431 3572 mutatae
1463 3493 1503 3571 in
1526 3513 1619 3574 cute
1643 3490 1895 3573 cousrstentiae

466 3604 561 3686 vitia
583 3603 807 3712 quae,cl1m
832 3597 962 3684 oculis
986 3604 1252 3716 percipiantur
1265 3660 1279 3708 ‚
1305 3602 1481 3714 diagnosr
1502 3629 1585 3683 non
1616 3628 1764 3714 egent,
1798 3601 1895 3686 licet

465 3714 758 3829 apudGraecos
782 3717 887 3798 varia
914 3713 1123 3798 sortiantur
1146 3719 1335 3820 nomina,
1362 3721 1446 3798 tum
1473 3741 1680 3912 prodparte
1703 3719 1744 3796 in
1776 3737 1894 3826 quarn

465 3825 740 3935 decumbunt,
767 3829 853 3908 tlun
875 3856 949 3939 pro
970 3825 1100 3911 forms
1120 3856 1235 3938 quarn
1260 3828 1441 3914 affeslant
1454 3889 1468 3936 ,
1491 3859 1545 3911 un
1617 3823 1724 3910 nulls
1751 3829 1792 3909 in
1820 3825 1894 3911 alis

467 3940 700 4025 morborum
730 3938 1028 4024 nomenclatori
1068 3941 1304 4027 foecunditas
1327 3967 1471 4049 tanta,
1506 3970 1590 4052 quae
1617 3940 1656 4022 di
1687 3940 1894 4023 noscendas

468 4081 609 4136 naturae
633 4082 789 4140 noceat.
811 4049 922 4137 Hinc
949 4055 1160 4151 u’nuupu'sn
1178 4057 1293 4160 sque
1315 4055 1458 4139 dicitur
1477 4056 1577 4140 cutis
1600 3969 1893 4164 salsuginosa&

467 4165 600 4250 scabra
615 4171 655 4248 in
672 4167 918 4280 Aphorisnu's
939 4199 980 4251 ιι
996 4167 1114 4274 ,Lib.
1133 4199 1170 4273 2,
1190 4169 1273 4252 aliis
1291 4166 1608 4270 {spurtromoseu
1624 4166 1789 4271 ξπρασια.

522 4279 659 4390 office
680 4281 745 4362 seu
765 4299 934 4364 vertute
954 4283 1124 4398 speciem
1146 4281 1354 4392 quamdam
1374 4285 1540 4365 tumoris
1563 4277 1785 4392 specificam
1812 4281 1896 4363 cuti

469 4391 710 4476 constituunt
722 4451 736 4498 ,
760 4399 801 4476 ὃ(
825 4395 865 4474 in
886 4394 932 4477 eir
953 4395 1035 4480 sols
1068 4397 1200 4482 sedern
1224 4395 1358 4480 fixsre.
1380 4395 1457 4480 Eas
1474 4394 1712 4509 dignoscere
1737 4421 1818 4476 non
1843 4396 1897 4478 ita

468 4504 631 4590 arduum
644 4565 658 4610 ‚
680 4531 855 4588 naturam
883 4507 1104 4622 intelligere
1126 4541 1207 4596 non
1231 4509 1392 4628 perinde
1417 4507 1563 4606 sacile3
1586 4531 1639 4590 eae
1657 4509 1754 4592 verb
1769 4506 1896 4620 vulgi)

469 4619 680 4703 attritis&
711 4618 864 4702 callofis
889 4620 998 4703 fanis
1036 4631 1187 4709 nerveis
1219 4629 1323 4708 cutis
1347 4619 1500 4740 pupillis
1535 4619 1818 4706 adscribuntur.
1842 4622 1898 4703 At

469 4755 650 4822 verrucas
677 4729 887 4843 aliquando
903 4737 942 4815 in
967 4736 1125 4848 pelsrma
1150 4736 1251 4822 mala
1263 4739 1480 4850 degeneres
1497 4734 1575 4819 esse
1599 4739 1755 4818 testatur
1778 4737 1898 4818 histo-

395 4929 408 4952 „
466 4849 524 4936 ria
543 4843 735 4954 Medica,
770 4844 837 4932 ubi
862 4849 1144 4963 imprudentius
1177 4856 1343 4938 nattam
1375 4851 1424 4936 ad
1452 4848 1575 4964 usque
1602 4851 1713 4940 nerui
1737 4845 1898 4964 pulpam
