4188 5916
666 401 1151 504 CUTANEI&
1545 430 1628 526 3ss

192 558 364 654 aserosl
384 559 466 674 eius
486 591 596 684 parte
610 572 715 682 quast
729 574 771 658 in
784 572 940 666 floccos
958 574 1178 690 separatur,
1202 569 1312 686 quod
1326 577 1369 660 dt
1386 571 1633 689 insanguine

194 675 340 766 iveni
363 681 509 766 eduato
530 682 733 770 evidenter
753 688 1071 802 deprehenditur.

253 792 361 877 Cirm
380 798 483 880 cutis
500 793 581 910 ipsa
598 797 640 880 in
660 795 727 884 sua
740 798 947 914 superficie
965 805 1118 886 tantum
1137 826 1236 912 aegra
1255 800 1300 884 fit
1309 861 1325 907 ‚
1343 802 1431 882 rari>
1454 800 1497 882 in
1518 801 1628 894 hisce

189 903 347 994 morbis
373 905 537 1020 aliquod
558 936 735 1012 remanet
755 915 951 1001 cicatricis
968 914 1174 1026 vestigium
1185 973 1204 1017 ,.
1224 913 1294 994 nist
1313 938 1446 996 tamen
1465 911 1629 1026 aliquod

99 1083 100 1096 .
194 1043 244 1101 ex
266 1019 479 1134 emplastris
502 1025 759 1110 cathaereticis
779 1025 898 1112 fuerit
924 1024 1165 1142 applicatum
1172 1021 1338 1134 ,qualia
1355 1025 1444 1120 sunt
1460 1026 1632 1142 epispas*
1663 1027 1667 1038 ’

195 1132 277 1214 tica
292 1136 419 1241 varia,
439 1135 707 1249 digerentiave
719 1169 804 1250 qua
820 1139 948 1228 viride
961 1143 1043 1225 aeris
1061 1141 1282 1254 recipiunt,
1302 1163 1369 1222 aut
1382 1143 1631 1254 praecipitatis

193 1245 493 1332 mercurialibus
519 1253 752 1338 animantur.
834 1334 838 1342 ,
1580 1345 1582 1350 ,
1611 1333 1617 1348 ,

251 1359 309 1443 At
328 1358 468 1468 leuce,
490 1362 559 1448 seu
579 1366 700 1462 ausu
717 1361 842 1472 nrvxrr',
867 1362 966 1452 licet
988 1365 1134 1450 eodem
1155 1361 1226 1448 sub
1253 1363 1418 1452 nomine
1443 1392 1632 1479 compre·

195 1469 390 1558 hendatur
401 1537 416 1582 ,
436 1472 521 1582 jure
538 1501 672 1566 tamen
685 1477 756 1564 sub
772 1476 895 1565 titulis
913 1482 1029 1568 variis
1042 1475 1064 1562 b
1076 1475 1203 1565 Paulo
1227 1483 1296 1582 (a)
1323 1475 1371 1562 ab
1391 1479 1515 1565 netto
1538 1479 1629 1586 (b),

175 1693 178 1698 Ι
197 1582 369 1670 diffinere
384 1591 544 1678 tradiata
558 1593 635 1700 est,
654 1621 740 1705 que
758 1591 993 1706 profundior
1008 1591 1031 1674 a
1046 1590 1168 1678 Celso
1187 1588 1266 1698 jam
1281 1592 1531 1786 pronuntiata
1549 1591 1633 1688 fue·

194 1723 257 1780 rst
281 1705 322 1782 dt
344 1727 481 1790 curatu
501 1703 717 1792 difficilior.
743 1709 783 1790 A
805 1705 992 1820 ptaeditlis
1011 1707 1109 1792 verb
1131 1707 1279 1790 auetori
1307 1733 1354 1790 us
1374 1706 1416 1788 in
1441 1707 1522 1788 hoc
1544 1731 1633 1790 tan-

194 1809 433 1928 mmllepra
445 1815 690 1932 distinguitur
699 1820 809 1933 quud
819 1815 937 1906 leuce
946 1816 1095 1904 nullam
1106 1818 1351 1932 asperitatem
1362 1821 1445 1902 cuti
1454 1819 1633 1928 inducat,

195 1921 307 2038 lepra
325 1925 465 2015 contri
482 1930 655 2045 asperam
675 1957 809 2020 cutem
829 1933 990 2018 efficiat.
1017 1930 1246 2017 Aristoteles
1272 1933 1456 2016 homines
1480 1939 1634 2026 tantum

198 2044 262 2142 (c)
281 2058 405 2126 nrum
419 2047 499 2156 pati
514 2046 590 2153 ait,
608 2073 746 2132 caetera
760 2043 942 2134 animalia
955 2072 1224 2159 nequaqnam3
1237 2071 1382 2158 pueros
1395 2043 1636 2164 &mulieres

196 2153 327 2240 minirs
350 2153 469 2265 quim
492 2160 614 2244 viros.
639 2160 686 2246 In
711 2156 836 2276 primi
856 2160 1017 2271 quidem
1043 2185 1152 2272 parte
1179 2182 1280 2243 errat
1291 2218 1306 2264 ,
1334 2185 1425 2240 nam
1452 2162 1636 2273 porci&

197 2269 335 2350 omnia
362 2298 445 2379 quae
465 2268 620 2358 stabulis
646 2276 901 2360 continentur
924 2270 1105 2360 animalia
1131 2270 1247 2358 leuce
1273 2267 1564 2377 subjiciuntur:
1592 2275 1637 2358 in

198 2376 321 2464 alteri
346 2409 484 2467 verum
510 2384 634 2491 dicit,
656 2392 748 2470 cum
769 2385 953 2476 mulieres
976 2379 1277 2472 vacuationibus
1292 2385 1493 2468 menstruis
1511 2381 1533 2466 l
1548 2384 1638 2498 ple-

197 2492 326 2603 risque
353 2493 502 2580 morbis
530 2500 706 2584 cutaneis
731 2497 970 2602 liberentur,
1007 2498 1078 2582 nist
1105 2496 1155 2580 ad
1181 2497 1332 2592 senium
1386 2501 1636 2600 ervenerint;

199 2609 329 2720 pueris
347 2606 582 2695 morborum
599 2637 857 2706 cutaneorum
873 2612 987 2698 causa
1001 2607 1077 2694 alia
1090 2612 1136 2692 stt
1153 2635 1198 2694 ut
1214 2605 1292 2715 jam
1307 2527 1400 2691 alibi
1413 2611 1637 2724 expolitum

200 2721 273 2826 est,
295 2727 336 2804 bt
357 2723 476 2806 etiam
498 2720 574 2808 alia
594 2722 750 2831 forma,
770 2727 857 2814 dun
872 2722 928 2808 ob
942 2719 1163 2814 solidorum
1178 2719 1464 2829 mobilitatem,
1481 2726 1572 2807 tum.
1582 2720 1637 2809 ob
1688 2785 1690 2789 ,

198 2827 444 2942 liquidorum
469 2837 713 2923 tenuitatem.
1497 2915 1500 2924 .
1622 2887 1626 2897 ·

258 2946 366 3030 Clam
384 2973 517 3034 autem
527 2945 652 3034 multa
666 2947 717 3036 de
730 2947 848 3036 leuce
862 2946 967 3065 apud
979 2949 1158 3034 auilores
1173 2943 1413 3053 iubeantur,
1429 2948 1537 3030 hunc
1555 2974 1640 3036 tan·

200 3065 288 3146 tum
303 3061 374 3175 ipsr
391 3089 485 3146 curn
506 3061 629 3148 Celso
645 3067 881 3152 carailerem
903 3065 1121 3178 appingturt
1143 3059 1252 3171 qubd
1273 3057 1386 3144 altilis
1405 3058 1640 3172 descendat,

198 3173 314 3260 idest
334 3200 469 3259 cutem
489 3199 680 3284 excavet,
702 3183 744 3262 dt
763 3177 833 3292 ipsi
856 3176 1021 3262 inferior
1041 3201 1160 3287 atque
1179 3172 1353 3287 deprella
1372 3200 1574 3288 appareat,
1595 3179 1639 3260 in

201 3289 213 3372 i
244 3283 362 3397 llque
377 3286 448 3400 pili
464 3285 546 3372 albi
564 3290 639 3374 smt
657 3296 699 3376 δι
715 3286 893 3404 lanugini
908 3287 1053 3376 similes
1070 3320 1078 3373 ε
1103 3295 1145 3374 dt
1162 3281 1298 3376 revetb
1307 3290 1354 3370 in
1371 3284 1488 3373 leuce
1505 3291 1642 3398 exqui-

202 3317 271 3486 liti
294 3399 376 3486 duo
397 3403 456 3486 isti
480 3405 694 3490 caraileres
719 3429 976 3494 concurrunt.
1004 3403 1161 3488 Omnes
1180 3400 1319 3514 quide
1338 3398 1457 3485 leuce
1477 3400 1643 3598 scripse-

203 3539 294 3598 runt
312 3517 490 3600 tutiores
508 3521 552 3600 dt
570 3513 749 3631 plerique
763 3515 814 3604 de
832 3515 880 3604 ea
898 3519 1135 3602 nominatim
1155 3539 1347 3629 egerunt,
1370 3511 1471 3598 nihil
1492 3513 1541 3598 ad
1569 3540 1642 3606 unt

203 3624 318 3714 ulrrb.
347 3627 468 3741 Apud
494 3633 736 3716 recentiores
764 3631 863 3716 verb
889 3630 1101 3746 scriptores
1130 3627 1181 3714 de
1209 3624 1328 3712 leuce
1355 3624 1463 3710 nulla
1489 3630 1642 3712 mentio
1721 3649 1725 3658 '

202 3737 405 3849 injicitur,
427 3741 496 3828 sed
521 3742 714 3854 quidquid
738 3741 793 3828 de
808 3740 856 3828 eb
873 3741 1019 3828 dicitur
1039 3745 1180 3858 partlm
1199 3740 1365 3826 refertur
1388 3740 1438 3826 ad
1463 3737 1660 3855 lepram,
1792 3747 1795 3754 ’

203 3856 347 3970 partim
363 3857 459 3940 verb
480 3853 530 3940 ad
551 3851 660 3940 luem
680 3883 903 3942 veneream.

262 3965 384 4051 Certe
410 3968 615 4054 fatendum
640 3971 693 4056 est
718 3972 932 4055 maximam
956 3993 1109 4084 partem
1134 3994 1270 4054 earum
1297 3996 1381 4078 quae
1409 3962 1480 4049 sub
1508 3961 1645 4056 leucen

205 4083 373 4166 nomine
398 4084 685 4199 comprehendi
714 4082 872 4198 poliunt
897 4082 1150 4168 affetiionum
1169 4079 1200 4164 'l
1229 4105 1374 4165 venere
1398 4078 1570 4194 pendere
1601 4088 1645 4166 dt

205 4194 673 4284 remediisaantivenereis
697 4196 803 4286 reete
828 4201 1049 4313 expurgari.
1074 4192 1192 4279 Unde
1220 4190 1317 4276 licet
1342 4189 1439 4305 sape
1466 4191 1645 4278 succellu

204 4306 274 4392 illa
299 4311 519 4416 caruerint,
549 4311 596 4398 ad
617 4314 702 4396 vim
725 4308 877 4418 morbi,
932 4314 1036 4395 otius
1055 4315 1173 4419 qu'am
1187 4308 1479 4420 ignorationem
1497 4307 1646 4414 causat,

205 4423 297 4506 artis
322 4424 556 4536 impotentia
575 4421 696 4512 relata
717 4427 782 4508 est.
810 4341 935 4508 Cerri
959 4421 1063 4535 apud
1088 4447 1185 4526 nos,
1208 4418 1237 4503 fi
1258 4445 1444 4505 venerem
1465 4417 1648 4508 illicitam

206 4529 348 4644 tollas,
363 4531 501 4647 leuce,
521 4535 659 4630 saltem
677 4536 890 4650 exquisita,
909 4563 995 4622 rata
1010 4534 1083 4646 est,
1105 4539 1149 4622 dr
1161 4533 1228 4626 vix
1240 4533 1517 4644 unquamvisa.
1533 4531 1649 4620 Mor-

249 4749 307 4822 (o)
323 4727 518 4810 Lcco'cimo.

249 4825 307 4904 (b)
323 4827 442 4890 Terrab.
456 4849 496 4900 4,
517 4825 606 4895 Serm.
626 4849 661 4909 r,
679 4849 742 4916 cap.
758 4850 827 4912 ¹33·

252 4915 309 4989 (c)
327 4908 423 4972 Probi.
436 4907 501 4974 sed.
519 4927 566 4970 ιο.

1299 4987 1372 5102 Yy
1395 4985 1422 5096 ij
