4250 5898
517 419 601 516 '520
966 327 1494 485 nn'iioiinis

516 563 613 648 ralia
627 547 971 649 nume'tanda'sunt.
984 563 1193 646 Cornuum
1206 563 1439 647 naniralium
1451 557 1647 674 originem
1661 551 1955 674 prositquiciim·

517 713 583 768 tot
610 693 652 767 dt
678 685 774 764 tanti
799 681 871 762 viri
895 673 1002 760 cited
1024 703 1112 758 eam
1137 679 1319 787 egregios
1342 674 1585 761 contulerint
1606 670 1783 783 labores,
1805 705 1950 762 vanum

517 801 617 882 inihi
639 799 795 911 protelis
816 789 996 895 videtur,
1023 785 1134 871 &ab
1159 792 1331 871 instituto
1356 791 1487 872 nostro
1515 784 1699 870 alienum.
1725 789 1818 872 Nec
1844 793 1949 872 enini

517 912 568 994 ad
585 912 708 994 cutim
725 907 923 1020 pertinent
940 901 1154 983 monstrosa
1168 928 1342 1006 cornua,
1366 906 1460 985 clini
1479 899 1611 1014 legem
1629 903 1670 981 in
1689 925 1780 983 arte
1790 905 1949 986 statuere

516 1053 600 1106 non
621 1021 764 1132 possint
787 1049 799 1115 3
826 1019 893 1098 vix
914 1008 1122 1097 adeorum
1141 1001 1337 1097 niedelam
1357 1011 1463 1096 aliud
1477 1010 1731 1097 necessatium
1746 1017 1798 1096 est
1816 1041 1949 1127 prater

517 1137 783 1235 excisionem,
802 1137 842 1211 δι
858 1128 970 1239 supra
984 1155 1125 1211 eorum
1141 1127 1285 1210 osseam
1306 1129 1500 1240 originem
1515 1129 1682 1210 cicatrix
1696 1126 1947 1234 adducenda,

517 1273 610 1332 cute
641 1247 669 1328 si
705 1247 791 1327 fieti
824 1243 949 1356 potest
984 1236 1221 1353 prolongat&
1254 1247 1294 1321 ὅ(
1354 1239 1522 1324 rotensi.
1559 1239 1709 1322 Verum
1742 1245 1835 1323 clim
1867 1271 1947 1324 non

515 1360 655 1444 eadem
677 1358 723 1438 sit
739 1382 873 1440 natura
895 1349 1091 1438 cornuum
1113 1355 1154 1434 in
1169 1271 1400 1436 animalilus
1412 1416 1425 1460 ,
1448 1347 1700 1436 monentibus
1717 1347 1946 1466 jampridem

515 1468 726 1556 Aristotele
754 1476 796 1552 dt
820 1465 976 1573 Plinio,
1002 1494 1085 1548 non
1113 1463 1251 1550 eadem
1275 1469 1392 1579 etiarn
1412 1490 1547 1548 natura
1566 1467 1620 1547 est
1639 1465 1945 1548 monstrosorum

512 1579 677 1668 illorum
715 1581 1011 1697 produslorum.
1056 1579 1156 1666 Non
1195 1607 1291 1692 ergo
1328 1577 1497 1661 videnda
1537 1580 1686 1660 tantlim
1725 1577 1840 1682 sunt,
1880 1579 1945 1661 sed

506 1696 666 1781 mature
696 1693 982 1806 exploranda,
1025 1715 1070 1778 ut
1107 1694 1259 1775 constet
1296 1689 1347 1774 de
1381 1689 1575 1774 methodo
1612 1689 1786 1774 curatius
1829 1721 1944 1802 quain

512 1809 720 1926 postulant.
999 1911 1003 1920 ἢ
1126 1827 1131 1835 ’

569 1927 626 2006 At
642 1920 888 2036 aegritudines
909 1919 985 2002 illa
1006 1947 1089 2029 quae
1115 1948 1308 2001 cornuum
1332 1943 1507 2036 nguram
1527 1919 1655 2031 primo
1680 1919 1826 2000 intuitu
1847 1919 1945 2031 &fe-

513 2062 605 2119 runt
624 2035 754 2116 forsan
778 2042 819 2115 ὃ(
838 2032 1152 2144 longitudinem,
1178 2035 1291 2114 ineo
1314 2029 1572 2143 ‘avulgarium
1597 2059 1792 2114 cornuum
1815 2061 1941 2116 carac-

512 2173 597 2230 tere
615 2145 825 2250 differunt,
848 2145 957 2255 quod
974 2147 1210 2256 inorganicae
1227 2145 1301 2227 siit
1311 2208 1324 2250 ‚
1344 2143 1454 2254 quod
1466 2140 1532 2226 vel
1547 2171 1596 2226 ex
1612 2142 1818 2228 inconditas
1833 2143 1940 2228 simul

510 2287 534 2341 a
563 2258 665 2370 gestfi
694 2255 880 2364 materis,
913 2261 1131 2371 tophorum
1158 2260 1199 2338 in
1228 2285 1381 2339 morem
1414 2256 1762 2361 coiiflentur‚⁷vel
1791 2255 1938 2341 laminis

510 2289 581 2454 idi
612 2371 858 2486 superpositis
890 2369 1107 2480 sensimque
1145 2367 1459 2453 accrescentibus
1489 2371 1692 2474 constent,
1726 2372 1769 2451 in
1801 2370 1938 2479 quibus

482 2528 485 2536 ⁴
509 2483 673 2568 laminas
694 2484 884 2567 distinilas
902 2480 1004 2566 'facit
1025 2483 1237 2565 successiva
1254 2485 1490 2566 accretionis
1512 2481 1668 2583 sorma;
1688 2510 1782 2566 com
1813 2485 1938 2568 reffio-

509 2599 569 2680 nis
578 2599 674 2681 veria
689 2597 908 2682 adventitiae
920 2597 1190 2709 phoenomena
1203 2595 1546 2710 deprehendunnir
1558 2598 1599 2677 in
1614 2513 1826 2678 molecuiis
1836 2595 1935 2682 male

508 2712 756 2823 aggregatis,
784 2706 1020 2792 annulorum
1043 2711 1179 2813 instar,
1207 2712 1302 2791 hinc
1322 2707 1423 2791 inde*
1439 2707 1518 2791 sese
1536 2707 1934 2822 superscandentibits.

508 2822 674 2905 Cornua
699 2820 807 2906 certe
830 2849 913 2931 quat
943 2823 1023 2905 hoc
1050 2847 1291 2904 mererentur
1316 2848 1488 2926 nomen,
1519 2851 1720 2932 nunquam
1739 2821 1852 2928 vidi,
1875 2823 1934 2908 sed

506 2937 631 3018 varias
660 2932 943 3026 excrescentias
969 2937 1011 3016 in
1042 2961 1212 3047 corpore
1242 2940 1285 3016 dt
1311 2960 1403 3017 cute
1428 2931 1598 3016 humans
1625 2932 1871 3020 innascentes
1895 2945 1934 3021 ὅ(

507 3047 617 3128 extis
640 3074 774 3131 cutem
798 3044 927 3129 formal
949 3045 1131 3159 singulari
1153 3042 1442 3156 succrescentes
1461 3051 1546 3156 quis
1570 3076 1652 3130 non
1671 3047 1803 3132 vidit?

564 3155 718 3242 Eorum
752 3184 885 3243 autern
920 3157 1206 3274 superfluorum
1245 3188 1459 3273 corporum
1491 3185 1601 3242 extra
1642 3185 1776 3244 cutem
1815 3159 1931 3275 longe

504 3275 816 3384 prominentium
855 3275 979 3386 prima
1011 3269 1134 3355 classis
1171 3270 1219 3354 ab
1257 3275 1410 3385 origine
1448 3275 1608 3355 trahunt
1640 3273 1795 3358 natalia.
1838 3275 1937 3358 Hac.

505 3411 599 3465 cum
625 3388 741 3468 naevis
775 3388 960 3468 maternis
992 3384 1236 3467 confundere
1267 3382 1375 3469 licet.
1405 3385 1497 3468 Alia
1523 3411 1672 3500 partem
1701 3386 1929 3500 superfluam

505 3500 734 3608 organicam
757 3499 1018 3604 constituunt,
1035 3523 1079 3579 ut
1098 3497 1226 3580 sextus
1245 3496 1415 3610 digitus,
1434 3529 1539 3580 nunc
1555 3499 1733 3613 inpede,
1759 3529 1864 3580 nunc
1883 3499 1927 3582 ad

502 3637 663 3691 manuni
675 3672 687 3714 ‚
710 3612 829 3694 etiani
851 3609 1095 3694 transvetslm
1121 3609 1483 3724 positus,oss1culo
1506 3615 1683 3695 constans
1708 3619 1749 3695 ἃ
1771 3640 1924 3725 ungue,

500 3719 570 3804 sed
585 3721 698 3804 nullo
712 3750 786 3806 nec
801 3721 983 3827 tendisse,
1002 3749 1077 3805 nec
1091 3719 1273 3824 musculo
1284 3763 1297 3826 i
1313 3749 1358 3804 ut
1370 3723 1465 3808 vidi.
1484 3721 1583 3806 Alia
1602 3725 1760 3808 demum
1781 3753 1926 3838 partem

499 3835 772 3946 inorganicam
788 3835 961 3917 referunt
980 3835 1146 3945 suntque
1166 3839 1267 3920 cutis
1286 3837 1404 3941 vitia,
1430 3863 1474 3918 ut
1493 3833 1630 3920 tubera
1649 3836 1839 3920 in'senfilia
1859 3837 1926 3922 ali-

492 3947 661 4054 ,quando
692 3946 794 4060 pene
828 3974 975 4029 cornea
1010 3955 1050 4029 δι
1092 3947 1223 4032 cultro
1262 3947 1547 4055 rescindenda,
1582 3957 1624 4034 ὅ(
1658 3950 1929 4038 recrescentia.

499 4055 600 4142 Hac
613 4057 737 4171 vulgo
749 4061 996 4172 superficiem
1012 4061 1254 4173 granulatim
1263 4123 1277 4168 ,
1294 4091 1499 4145 mororum
1514 4061 1563 4144 ad
1579 4065 1713 4168 instar,
1730 4064 1919 4167 referunt,

492 4171 658 4254 interius
673 4171 805 4272 levia3
822 4171 888 4254 sed
903 4176 979 4256 aeri
995 4176 1192 4288 exposita,
1208 4177 1290 4256 liaec
1306 4173 1450 4258 laevitas
1461 4178 1612 4290 perit&
1628 4173 1736 4262 brevi
1749 4173 1923 4288 granulo·

499 4309 587 4362 runi
609 4283 993 4396 agglomerationem
1042 4287 1157 4370 ariter
1179 4286 1364 4369 referunt.
1393 4288 1439 4369 In
1464 4313 1554 4370 cute
1568 4285 1658 4390 sossi
1680 4291 1763 4373 hac
1786 4287 1922 4410 ultinia

497 4392 708 4480 nascuntur
721 4405 762 4480 &
777 4427 868 4481 curn
884 4395 929 4482 est
947 4315 1112 4482 molilia
1124 4399 1223 4482 sunt.
1240 4397 1425 4514 Corpora
1434 4397 1571 4484 similia
1584 4403 1696 4510 equis
1710 4399 1922 4488 secundlitn

495 4531 639 4590 natura
668 4510 847 4622 ordinem
875 4514 916 4592 in
946 4539 1114 4620 quatuor
1140 4511 1317 4596 cruribus
1342 4517 1606 4625 contingunt,
1639 4511 1789 4596 callosa
1815 4514 1921 4620 sunt,

493 4619 785 4736 pendentque}
801 4627 1061 4708 concretione
1081 4633 1122 4708 dt
1140 4655 1233 4708 com
1265 4625 1429 4710 telsione
1443 4626 1571 4708 textlis
1586 4623 1804 4708 reticulatis
1822 4627 1922 4710 illisis

493 4729 749 4844 malpighiani
761 4797 774 4838 ,
800 4733 876 4818 uns
900 4764 991 4817 cuni
1010 4737 1135 4822 terres
1156 4655 1399 4852 epiclermide
1423 4767 1504 4846 quae
1531 4739 1861 4850 organisationem
1883 4747 1922 4822 dt

490 4843 664 4932 sormam
690 4849 827 4934 amisit.
858 4845 933 4932 Illa
957 4855 1109 4938 curatui
1129 4849 1308 4938 difficilia
1327 4851 1439 4962 sunt,
1460 4851 1540 4950 siue
1563 4855 1779 4956 cicatrice3
1804 4851 1921 4935 bafini

957 5021 958 5025 ¹
1818 4991 1920 5052 emm
