4186 5908
672 461 1169 558 CUTANEI&
1560 493 1638 589 a&

207 620 305 712 verb'
328 623 495 742 opiparo
520 623 628 714 vitiu
654 653 833 736 utentes,
856 627 1058 742 linteaque
1086 655 1203 746 atque
1227 629 1375 722 indusra
1396 635 1640 750 frequentiis

205 739 450 825 immutanda
472 737 661 825 habentes
689 742 877 827 adoritur.
905 743 940 827 F
941 744 1078 829 aciliias
1099 751 1217 830 etiam
1236 750 1277 830 in
1301 746 1459 836 lautiori
1480 753 1639 841 sortunb

204 851 359 936 sanatur
379 850 497 962 quim
520 854 622 966 apud
642 856 802 968 inopes,
825 851 965 966 quibus
988 853 1052 941 lac
1073 886 1302 973 corruptum
1319 864 1479 950 inhaeret
1492 869 1575 949 cuti
1595 875 1638 954 ὃ(

204 965 436 1077 epidermidi
445 1029 459 1072 ,
476 963 654 1077 illudque
669 965 942 1075 involucrum,
962 999 1039 1083 prae
1056 969 1243 1080 qualitate
1259 969 1366 1058 laetis
1389 975 1501 1060 acidi
1519 1004 1637 1090 atque

205 1075 409 1184 solvente,
431 1081 472 1160 in
488 1076 733 1162 substantiam
753 1106 918 1164 terream
936 1079 1138 1184 dissolvit3
1158 1086 1242 1167 imb
1263 1086 1424 1172 morbus
1446 1091 1512 1174 hic
1533 1091 1638 1204 apud

204 1183 456 1306 plebeculam
475 1193 618 1275 infimae
638 1191 752 1276 sortis
774 1192 880 1304 quast
897 1194 1127 1281 endemicus
1153 1199 1227 1304 est,
1259 1206 1300 1281 δε
1324 1202 1391 1284 vix
1415 1198 1516 1285 ultra
1540 1235 1637 1320 pro-

204 1303 391 1418 greditur.

258 1417 303 1500 N
306 1445 359 1499 on
381 1417 488 1502 idem
513 1415 727 1500 dicendum
751 1417 801 1502 de
823 1415 943 1502 alters
963 1417 1094 1503 morbi
1116 1418 1277 1525 hujusce
1301 1419 1429 1514 sormi
1451 1423 1545 1508 dum
1567 1455 1636 1542 per

202 1527 461 1644 superficiaria
477 1530 659 1641 quidem,
676 1529 744 1614 sed
760 1529 899 1614 latiora
913 1535 1083 1647 erumpit
1099 1531 1257 1636 ulcera,
1274 1531 1296 1618 *a
1312 1537 1413 1620 veris
1426 1539 1636 1626 exordium

200 1640 318 1725 sumit
337 1640 522 1757 pustulis,
546 1669 643 1757 pure
664 1639 791 1726 laeteo
813 1669 877 1727 tur
905 1642 1090 1750 entibus,
1113 1669 1209 1728 runc
1239 1673 1289 1730 ue
1311 1651 1458 1761 pruritu
1480 1657 1635 1737 enormi

200 1755 365 1839 infames
381 1754 470 1839 sunt
483 1754 571 1838 illae.
593 1759 651 1850 At
669 1755 736 1838 ubi
756 1674 999 1862 increliunt,
1021 1783 1138 1868 atque
1158 1677 1487 1874 mdltiplicantur,
1506 1767 1636 1850 minus
1736 1783 1738 1788 ’

203 1867 363 1977 quidem
378 1869 545 1983 pruriti1s
560 1864 888 1982 atquescalpturae
903 1871 1094 1976 afferunt,
1110 1869 1178 1954 sed
1193 1871 1291 1956 visui
1307 1874 1429 1986 magis
1444 1875 1610 1960 horridae
1617 1936 1634 1989 ,

200 1978 388 2065 ruborem
408 1983 548 2064 vicinas
577 1983 659 2064 cuti
687 1983 1015 2086 communicant,
1055 1989 1097 2065 bt
1128 1982 1296 2066 odorem
1325 1988 1509 2070 intensrirs
1542 1988 1634 2073 feti-

201 2092 325 2200 dum,
357 2095 441 2176 imb
473 2101 515 2177 ὃ(
549 2091 760 2202 aliquando
789 2095 830 2176 in
859 2095 1028 2207 pessimis
1056 2090 1217 2199 hujusce
1273 2101 1398 2181 eneris
1432 2098 1634 2186 affetribus

200 2232 292 2290 cute
318 2205 573 2320 depressiores
601 2207 730 2288 crusta
762 2232 975 2322 apparent,
1007 2205 1119 2317 quod
1150 2209 1191 2290 in
1222 2125 1471 2322 esephantiasr
1501 2210 1634 2326 postei

199 2316 411 2403 notabitur.
432 2319 551 2403 Odor
566 2320 684 2423 verb,
699 2343 788 2402 utut
801 2319 951 2431 ingrate
966 2318 1097 2402 sensus
1110 2317 1320 2432 percellat,
1336 2321 1516 2405 nauseam
1532 2353 1633 2409 con-

198 2436 349 2516 citat&
365 2430 415 2515 ad
430 2433 550 2516 animi
564 2427 782 2542 deliquium
801 2429 955 2515 inducit
969 2433 1105 2546 'potibs
1120 2429 1238 2542 quim
1261 2432 1407 2519 foetore
1422 2437 1503 2518 acri
1515 2464 1634 2546 atque

198 2542 430 2658 percellenti
458 2571 569 2627 nares
596 2542 737 2648 feriat,
768 2543 940 2628 &acidi
967 2541 1071 2626 male
1099 2543 1321 2628 fermentati
1350 2571 1467 2655 atque
1493 2547 1634 2632 fracidi

197 2659 334 2742 idaeam
354 2653 518 2740 inhibet.
540 2655 621 2738 Sed
644 2660 832 2766 quantiam
853 2655 967 2760 mali,
989 2660 1179 2765 quantiam
1203 2656 1429 2742 diversrtatis
1449 2662 1489 2740 in
1507 2658 1634 2773 symp-

199 2767 414 2855 tomatibus
426 2770 614 2854 invehere
627 2765 807 2882 poll'unt,
830 2765 1091 2881 srpalpebras,
1109 2765 1252 2852 oculos
1262 2829 1277 2875 ,
1296 2795 1496 2875 mentum,
1513 2798 1633 2883 genas

198 2882 353 2998 pustulae
380 2881 465 2965 illae'
483 2906 710 2994 occupent,
735 2877 841 2962 unde
872 2877 969 3074 sape
998 2877 1130 2994 sarpiirs
1164 2878 1318 2965 latentis
1352 2878 1427 2965 luis
1456 2889 1635 2967 venereae

198 2993 426 3081 inconsulta
453 2995 520 3078 sus
539 2997 728 3096 itiones,
760 2999 802 3074 bt
836 2990 927 3094 mal·
967 2992 1155 3076 ominosa
1183 2997 1368 3078 mercurii
1394 2994 1632 3079 administra-

198 3113 325 3194 tiones
339 3107 487 3194 malum
505 3025 599 3191 dnm
613 3101 843 3212 eludebant,
864 3107 1049 3219 phthifim
1067 3112 1109 3188 ὃ(
1127 3102 1256 3191 febres
1273 3105 1398 3191 lentas
1417 3133 1632 3220 potuerunt

197 3222 396 3307 arcessere.

252 3333 368 3444 Quid
395 3335 445 3419 de
471 3335 554 3416 hoc
580 3327 727 3416 morbo
751 3327 821 3414 srbi
847 3328 985 3414 relislo
1012 3355 1244 3414 eventurum
1273 3331 1400 3438 foret,
1429 3361 1630 3443 nunquam

197 3449 295 3532 mihi
325 3445 438 3532 licuit
466 3446 514 3530 de
543 3443 786 3550 rehendere,
817 3448 909 3526 ciam
938 3471 1078 3527 omnes
1107 3441 1176 3526 tali
1204 3442 1311 3528 malo
1336 3443 1557 3530 laborantes
1587 3452 1630 3528 bt

196 3561 369 3645 remedia
396 3475 591 3673 postussnt
616 3566 660 3643 bt
684 3559 835 3670 negaris
864 3551 1057 3640 doleant:
1087 3556 1194 3639 certe
1220 3585 1266 3640 ea
1291 3559 1343 3642 est
1367 3559 1467 3644 cutis
1494 3582 1629 3640 natura

195 3699 238 3758 ut
253 3669 389 3784 longis
406 3671 586 3783 fatigaret
610 3699 728 3782 agras
751 3673 958 3753 tormentis
980 3668 1162 3862 perversa
1184 3668 1357 3754 funditias
1379 3677 1419 3752 bt
1443 3668 1630 3758 destructa

194 3789 411 3870 humorum
439 3779 594 3888 moles,
624 3787 716 3866 ciam
746 3784 864 3864 etiam
890 3810 980 3864 mor
1008 3809 1053 3864 us
1079 3778 1275 3868 seduliore
1300 3786 1479 3868 tractatus
1507 3777 1627 3886 curi,

195 3896 329 3983 tandiit
353 3894 492 4001 duret,
516 3890 618 3980 salvi
633 3901 675 3976 ὃ(
692 3891 843 4004 integri
856 3891 956 3999 viti,
973 3892 1199 3980 dolentibus
1215 3922 1348 3980 tamen
1366 3891 1566 3996 articulis,
1585 3898 1628 3974 bt

193 4005 439 4098 insomnibus
460 3995 639 4092 nobiibus
650 4066 664 4112 ,
687 4002 785 4086 licet
804 4009 970 4089 restituta
988 4007 1134 4092 fuerint
1156 4009 1405 4092 menstrua&
1427 4001 1508 4117 ipsa
1532 3999 1629 4126 legi·

194 4122 290 4209 time
308 4123 443 4205 fluant.
467 4116 596 4230 Quod
618 4145 701 4201 non
720 4113 800 4201 unb
820 4121 910 4203 vice
933 4147 1027 4202 cum
1046 4119 1189 4204 dolore
1206 4116 1300 4204 vidi.
1718 4135 1725 4150 ·

247 4235 348 4320 Non
368 4234 545 4318 inusitata
565 4233 617 4318 est
633 4233 789 4342 utrique
816 4234 960 4316 horum
986 4233 1195 4315 affectuum
1218 4229 1347 4311 forma
1369 4224 1479 4340 qubd
1504 4255 1627 4338 quan-

196 4345 329 4457 doque
358 4345 630 4448 conticescat,
657 4347 878 4454 iterumque
899 4342 1095 4426 redivivus
1126 4340 1398 4446 recrudescat,
1426 4367 1499 4453 pro
1524 4366 1627 4423 tern-

193 4461 381 4574 peslatum
400 4483 438 4542 at
465 4485 517 4542 ue
535 4455 659 4542 visitis
681 4457 853 4559 ratione,
875 4451 1014 4567 praeviai
1030 4478 1161 4536 tamen
1181 4453 1332 4568 semper
1353 4459 1395 4535 bt
1417 4451 1627 4538 exordium

194 4567 390 4687 praebente
410 4487 614 4656 febricula.
641 4565 748 4650 Ciam
769 4563 1004 4650 conticescit
1024 4589 1142 4675 atque
1163 4564 1231 4648 fibi
1251 4562 1358 4654 belle
1376 4564 1504 4648 sanata
1518 4564 1628 4648 vide-

193 4710 258 4772 tur
275 4681 534 4789 muliercula,
559 4707 691 4767 rerum
711 4707 852 4792 gnarus
869 4705 961 4761 curn
978 4673 1062 4790 ipsit
1081 4703 1213 4762 tamen
1228 4707 1313 4784 non
1332 4677 1471 4782 sentit,
1492 4677 1626 4760 namsl

191 4823 348 4892 textum
363 4799 464 4883 cutis
477 4797 657 4880 attentius
670 4790 898 4896 lustraverit,
914 4795 956 4873 bt
969 4785 1048 4876 levi
1062 4789 1243 4875 frictione
1254 4793 1428 4876 nativum
1444 4786 1626 4872 colorem

190 4907 412 5024 abstulerit,
428 4903 668 5028 apparebunt
676 4908 830 4998 extunc
841 4905 942 4994 cutis
954 4901 1106 4993 cellula
1118 4905 1501 5107 turgenteqqhumore
1510 4897 1627 4986 inerti

1356 5045 1385 5099 n
1402 5042 1429 5124 ι]
