4292 5904
690 461 1168 566 cernuam.
1312 401 1315 406 ¹
1422 437 1424 442 ’
1563 483 1639 590 641

263 631 373 720 curn
394 657 525 720 autem
545 661 655 752 gutta
673 629 784 725 rosea
803 637 921 728 facile
942 639 1134 726 confundi
1154 635 1271 752 possrt
1289 664 1383 725 cum
1401 639 1486 727 aliis
1507 643 1641 732 multia

210 745 360 832 morbis
382 753 584 856 cutaneis,
613 780 739 866 operae
765 759 934 870 pretium
963 756 1016 838 est
1044 783 1131 838 eam
1152 755 1368 839 accuratibs
1394 755 1639 868 describere,

210 861 305 942 ebm
324 863 365 943 in
388 861 464 946 hstc
487 863 749 978 descriptione
769 893 855 952 tota
877 869 1029 952 constet
1049 866 1255 980 diagnosrs.

266 970 609 1060 Mulieribuscute
624 977 828 1092 praesertim
842 985 992 1066 nitente
1002 979 1180 1084 donatis,
1197 980 1441 1088 srmenstrua,
1456 1007 1523 1088 aut
1533 983 1639 1069 dese·
1751 1077 1756 1086 ,

211 1085 358 1191 corint,
380 1114 446 1170 aut
456 1092 665 1198 vitientur,
680 1095 772 1175 viris
786 1092 1064 1177 haemorroides
1080 1093 1190 1207 passis
1201 1154 1214 1197 ,
1229 1091 1307 1196 jam
1327 1095 1435 1176 fluxu
1454 1093 1526 1178 illo
1545 1097 1638 1205 qus-

209 1220 385 1305 cumque
404 1199 453 1283 de
473 1201 589 1286 causi
605 1209 814 1313 coercito,
838 1203 1030 1291 edonibus
1052 1205 1259 1318 presertim
1283 1209 1399 1316 atque
1421 1204 1640 1308 bibaculis;

210 1304 288 1390 illis
311 1313 427 1394 etiam
451 1318 518 1424 qui
543 1320 584 1398 in
606 1343 777 1429 utroque
800 1320 897 1404 sexu
918 1321 1076 1402 affesius
1099 1321 1219 1400 animi
1242 1317 1361 1402 duros
1381 1345 1498 1431 atque
1518 1323 1649 1406 tristes.

211 1417 278 1500 diu
297 1429 474 1538 experti,
496 1429 536 1508 in
562 1431 608 1514 iis
632 1427 753 1543 longs
773 1413 1030 1517 meditatione
1051 1456 1382 1537 commorantur,
1396 1455 1506 1544 gutta
1530 1433 1640 1518 rosea

78 1583 83 1592 ·
209 1534 385 1636 accidit3
406 1538 454 1620 ad
473 1540 589 1626 hasce
601 1544 731 1657 causap
749 1539 958 1630 referenda
972 1545 1060 1627 sunt
1072 1573 1196 1657 pravae
1212 1543 1406 1640 viscerum
1423 1545 1613 1629 diatheses
1622 1587 1644 1653 ,·

211 1643 239 1724 st
270 1675 363 1727 cum
395 1647 546 1763 spasmo
575 1662 616 1738 δι
645 1656 778 1769 aliquo
807 1656 1095 1771 conjungantur
1118 1657 1342 1740 erethismo.
1374 1653 1525 1765 Quales
1550 1657 1639 1744 sunt
1676 1733 1679 1740 .

84 1847 98 1866 ,1
207 1751 380 1869 illiquos
391 1764 615 1874 praefervidus
631 1765 775 1874 jecoris
788 1773 977 1884 temperie
991 1769 1214 1856 laborantes
1226 1766 1418 1876 Galenus,
1431 1768 1639 1856 Fernelius

217 1873 263 1950 dt
289 1868 495 1986 Ballonius
522 1879 772 1996 descripsere.
1392 1903 1397 1911 '

266 1981 380 2068 Patet
395 1987 487 2074 inde
506 1985 614 2101 qudd
632 2021 771 2081 omnes
788 1994 909 2080 causat
928 2023 1012 2106 quae
1031 1995 1224 2106 sanguinis
1242 1994 1436 2105 impetum
1451 1990 1499 2074 ad
1519 2019 1640 2188 caput

206 2088 488 2208 determinant,
510 2102 643 2216 ibique
656 2136 747 2192 eum
760 2112 929 2192 retinent
940 2133 1057 2216 atque
1070 2127 1281 2209 coercent,
1300 2131 1351 2190 ne
1369 2102 1486 2187 facilb
1496 2105 1573 2188 dila
1603 2133 1638 2191 a·

207 2225 273 2286 tur
287 2269 301 2312 ,
331 2213 537 2324 prasertim
568 2221 596 2298 sr
627 2220 715 2304 vasa
744 2245 904 2326 tenera,
936 2216 1108 2320 flexilia,
1142 2241 1261 2323 atque
1291 2214 1428 2297 mollia
1460 2217 1606 2302 fuerint
1620 2279 1636 2326 ,

205 2341 336 2426 gutta
354 2325 471 2406 roseae
496 2329 624 2408 ansam
652 2331 860 2440 praebeant.
893 2331 1068 2408 Affectus
1095 2324 1163 2408 ille
1185 2351 1333 2407 nomen
1359 2323 1563 2408 barbarum
1588 2329 1638 2411 ab

209 2433 280 2510 aevi
293 2435 420 2514 infimi
442 2435 617 2520 Medicis
631 2445 810 2552 accepit,
833 2443 925 2521 cbm
945 2436 966 2520 b
987 2440 1120 2550 graccis
1136 2463 1254 2547 atque
1269 2435 1397 2520 latinis
1412 2439 1637 2526 auctoribus

206 2539 321 2624 nullo
347 2544 472 2628 modo
497 2546 615 2632 suerit
643 2551 881 2666 descriptus,
903 2579 978 2634 nec
994 2549 1243 2656 observatus,
1275 2551 1354 2633 srve
1370 2551 1636 2638 vitium'illud

203 2649 497 2742 senescentis&
518 2659 618 2744 adeb
636 2664 791 2747 intensa
805 2664 973 2747 luxuriei
987 2663 1107 2746 sottus
1120 2665 1186 2768 stt,
1202 2686 1319 2771 atque
1334 2660 1483 2744 defidiae
1501 2666 1636 2778 priscis

201 2768 449 2880 temporibus
463 2774 697 2888 incognita,
711 2777 789 2861 sive
802 2779 943 2861 vitium
957 2803 1033 2860 nec
1046 2774 1207 2879 dolens,
1227 2799 1303 2858 nec
1318 2775 1493 2888 pruriens
1509 2775 1637 2892 negle·

93 2895 97 2904 “
201 2882 334 2964 xerint
347 2940 361 2986 ,
378 2882 457 2967 srve
472 2885 633 2970 demum
649 2886 754 2996 alio,
780 2885 943 3000 ἱξερύθρων
970 2887 1149 2997 scilicet,
1175 2888 1337 2971 nomine
1355 2891 1492 3001 partim
1517 2907 1634 2975 nota·

199 2985 286 3073 bile
312 2993 460 3078 malurn
485 3029 536 3081 co
567 3005 761 3086 noverint.
1147 3045 1150 3051 ·
1528 3013 1530 3024 '

237 3127 238 3132 ‘
261 3103 466 3217 Juvenes,
487 3029 564 3196 sed
577 3115 812 3199 incrementi
836 3117 989 3227 apicem
1017 3111 1252 3198 &adultam
1273 3131 1425 3192 atatem
1448 3107 1524 3216 jam
1546 3115 1633 3204 exi-

201 3243 343 3328 gentes
360 3223 557 3332 adoritur,
578 3227 710 3341 sapius
722 3255 853 3318 tamen
870 3232 911 3311 in
929 3226 1172 3312 senescentes
1187 3222 1338 3310 incidit.
1354 3222 1446 3305 Nec
1463 3255 1635 3336 pueros,

203 3356 283 3411 nec
316 3332 434 3420 decre
462 3342 539 3421 itos
567 3341 676 3424 senes
697 3371 869 3452 unquam
898 3339 1082 3445 invadit,
1119 3339 1228 3424 fibris
1261 3361 1378 3443 atque
1405 3339 1528 3445 vasis,
1564 3365 1632 3424 aut

200 3444 321 3526 nimis
344 3367 581 3536 flexibilibus
601 3457 642 3534 in
661 3458 792 3568 priore
811 3479 921 3538 aetate
933 3514 950 3561 ,
974 3480 1042 3538 aut
1066 3457 1180 3536 nimis
1204 3449 1338 3564 rigidis
1362 3449 1403 3528 in
1427 3450 1631 3564 posteriori

197 3555 292 3642 vitae
312 3557 491 3645 decursu.

260 3666 398 3782 Vulgo
423 3701 492 3786 per
516 3674 689 3757 maculas
716 3701 853 3761 tenues
877 3677 1025 3786 vixque
1053 3669 1270 3780 notandas,
1298 3669 1515 3788 leviterque
1541 3675 1632 3760 fari-

199 3780 320 3866 nosas
341 3785 491 3898 incipit.
520 3784 709 3869 Calorem
731 3788 924 3874 viscerum
949 3789 1136 3871 incusant.
1166 3786 1270 3868 Mox
1289 3785 1447 3904 serpunt
1470 3787 1633 3873 maculae

196 3892 307 4000 illae,
338 3904 379 3980 bt
409 3895 612 3982 tubercula
640 3897 709 3981 srbi
728 3900 946 3984 adsciscunt
972 3897 1110 4006 rubra,
1137 3899 1249 4013 supra
1278 3927 1424 4095 partem
1449 3900 1632 4008 jamsca⁴

198 4004 338 4114 bram,
367 4017 498 4126 &per
520 4012 561 4094 se
582 4009 721 4096 leviter
744 4039 963 4099 tumentem
990 4011 1113 4122 elata,
1142 4019 1183 4098 δι
1208 4011 1279 4126 sap
1324 4041 1392 4126 per
1411 4039 1541 4098 totum
1563 4035 1632 4098 exa

197 4120 418 4206 tenduntur
439 4123 569 4220 vultsts
593 4121 799 4210 ambitum.
828 4127 974 4242 Sapibs
994 4154 1063 4240 per
1088 4153 1207 4238 genas
1232 4124 1368 4207 diffusa
1388 4143 1498 4236 gutta
1521 4125 1633 4208 rose'a

198 4255 387 4346 tempora
406 4234 590 4346 labraque
605 4267 686 4319 non
706 4243 861 4352 attingit
884 4275 892 4322 :
915 4240 1047 4322 nasum
1067 4237 1212 4320 rubore
1225 4239 1437 4330 *inhonesto
1458 4237 1632 4322 dedeco-

196 4373 265 4428 rat
276 4411 290 4455 ,
313 4358 354 4432 δι
372 4350 511 4432 frontis
534 4333 700 4435 nitidt'rm
725 4354 920 4435 honorem
944 4353 1135 4463 deturpat.
1163 4346 1206 4428 Si
1228 4348 1401 4432 maculas
1425 4345 1511 4434 illas
1537 4377 1632 4464 pro·-
1664 4399 1669 4408 ·

196 4465 293 4578 pius
312 4461 546 4574 inspexeris,
573 4463 682 4576 quod
701 4462 773 4547 tibi
793 4468 897 4579 pribs
919 4461 1075 4546 massam
1092 4461 1331 4544 uniformem
1353 4461 1632 4576 negligentiori

195 4574 375 4688 aspesiui
403 4571 637 4683 exhibebat,
663 4575 742 4684 jam
763 4577 945 4661 vasorum
969 4574 1037 4658 srbi
1054 4577 1279 4658 vicinorum
1298 4581 1338 4656 ὅ(
1360 4579 1463 4685 quast
1479 4579 1632 4692 apposi-

169 4715 335 4780 torum
353 4689 645 4772 intricationem
668 4689 930 4806 repraesentat,
952 4717 1022 4808 per
1043 4685 1246 4772 intervalla
1264 4689 1424 4771 minima
1445 4689 1630 4793 divisam,

192 4831 288 4913 qua
304 4799 451 4912 stngula
461 4797 571 4905 vasa,
585 4801 679 4885 ditm
692 4801 800 4888 extri
812 4801 1067 4920 protuberant
1072 4863 1087 4912 ,
1105 4799 1348 4907 scabritiem,
1367 4806 1496 4914 potitis
1514 4799 1632 4912 quim

189 4940 401 5004 tumorem
422 4913 643 5002 efformant.
1502 4953 1506 4959 ·

1249 5023 1454 5110 Mmmm
1525 5052 1531 5060 ·
