4226 5916
490 401 579 520 ¹uu·
944 405 1057 494 or:
1112 400 1473 508 monera

495 569 701 682 competit.
731 569 787 654 At
810 571 997 655 tenacitas
1027 568 1248 652 acrimonia
1274 567 1447 650 evidenti
1471 567 1615 670 mixta,
1639 561 1783 679 gypsea
1807 566 1861 650 est
1886 565 1926 652 a

396 695 401 712 '
494 707 702 786 cretacea,
735 679 905 792 nataque
932 684 1013 765 hoc
1042 683 1083 762 in
1111 682 1278 763 humore
1309 681 1524 762 acrimonia
1550 676 1765 761 mediocris
1797 681 1851 761 est
1883 707 1926 762 ut

493 791 731 901 plurimum,
753 802 794 877 dt
813 795 1043 906 stagnationi
1063 791 1294 876 exundantis
1318 792 1495 874 humoris
1517 787 1662 874 debita.

485 913 487 918 ’
552 903 695 988 Cmsiae
728 909 769 1010 in
801 903 906 1002 rinei
937 905 1041 1016 quast
1071 902 1230 1019 lapidee
1259 901 1501 1018 superposrto
1533 927 1620 985 cata
1647 899 1809 986 lasmate
1842 931 1924 988 non

494 1014 779 1124 emolliuntur,
803 1015 902 1129 aquai
928 1015 1092 1130 simplici
1110 1045 1193 1100 non
1211 1013 1428 1105 solvuntur.
1457 1013 1511 1096 Et
1531 1040 1576 1096 ut
1638 1011 1747 1123 iquid
1768 1021 1923 1128 prorsira

491 1126 618 1212 simile
636 1157 728 1211 cum
746 1158 867 1214 muco
881 1127 1041 1222 animali
1055 1159 1114 1212 ars
1130 1130 1308 1211 chemica
1321 1151 1526 1241 procreet,
1547 1125 1699 1211 necesse
1714 1130 1767 1212 eh
1776 1189 1790 1230 ,
1807 1154 1925 1242 expe·

486 1241 671 1324 rimentis
689 1240 820 1350 saetis,
840 1269 884 1326 ut
899 1270 1026 1345 creta,
1039 1243 1119 1324 'aut'
1131 1267 1234 1324 tetra
1250 1237 1464 1324 absorbens¹
1476 1268 1569 1321 cum
1581 1267 1703 1320 muco
1717 1241 1923 1324 misceatur

492 1353 535 1432 in
552 1352 641 1436 vase
662 1352 804 1467 plano,
827 1357 959 1466 sicque
978 1379 1179 1467 evaporet.
1199 1351 1289 1434 Post
1305 1381 1476 1464 paucum
1496 1353 1601 1434 enim
1620 1375 1774 1466 tempus
1796 1350 1922 1436 molet

489 1459 562 1545 illa
581 1467 751 1578 primitm
770 1467 914 1574 fluida,
937 1471 977 1557 in
995 1495 1139 1578 eorpus
1157 1463 1427 1548 solidissimum
1441 1463 1667 1546 durescit&
1686 1463 1921 1550 concrescit.

492 1573 731 1688 superficies
752 1581 850 1664 verb
866 1580 962 1664 dura
984 1585 1024 1662 dt
1044 1576 1137 1662 vere
1156 1577 1312 1692 lapidea
1331 1579 1536 1686 materiem
1554 1578 1790 1660 crustaceam
1809 1599 1920 1662 tene·

490 1687 639 1771 riorem
661 1692 989 1777 &humidiorem
1011 1693 1221 1804 contegit,
1252 1719 1357 1800 quae,
1380 1685 1449 1772 ubi
1471 1687 1757 1794 a‘e'remsenfit,
1788 1692 1920 1803 paucis

463 1891 467 1904 ¹
490 1805 682 1914 temporis
698 1807 857 1888 minutis
875 1804 1053 1889 eamdem
1073 1806 1240 1913 acquirit
1255 1801 1456 1906 duritiem,
1476 1801 1542 1885 sed
1563 1804 1691 1913 magis
1705 1798 1920 1886 friabilem:

489 1912 575 1994 haec
592 1919 726 2007 omnia
743 1921 771 1998 fi
791 1917 933 2001 diutius
953 1916 1208 2020 asservantur,
1235 1915 1393 1998 finditur
1410 1913 1634 2028 superficies
1653 1943 1701 1996 ac
1721 1912 1919 1998 filamenta

489 2026 661 2129 emittit,
697 2034 738 2110 dt
774 2028 888 2112 sttum
921 2026 1128 2110 mucosum
1160 2029 1370 2110 contrahit.
1412 2025 1610 2139 Pracipud
1636 2027 1733 2110 verb
1765 2023 1916 2110 lenibus

488 2134 612 2220 acidis
640 2141 803 2221 remixta
831 2137 1073 2226 seleniticam
1104 2165 1340 2332 compagem
1368 2137 1522 2245 efficit,
1583 2140 1695 2221 artirn
1726 2135 1914 2244 solidam,

487 2251 629 2360 partim
655 2252 976 2358 humescentem,
1006 2250 1181 2336 olentem
1235 2255 1343 2356 tevi,
1375 2258 1417 2334 dt
1435 2169 1655 2334 tenuillrma
1673 2254 1914 2336 emittentem

487 2355 586 2466 fila,
616 2364 929 2469 intricatishma,
961 2362 1098 2446 hmilia
1117 2361 1374 2449 tenuioribus
1400 2361 1478 2446 illis
1502 2393 1584 2472 quat
1603 2360 1627 2446 ὲ
1644 2366 1784 2476 capite
1816 2367 1914 2448 tinea

487 2470 706 2586 propellit,
738 2507 845 2588 quae,
875 2478 941 2561 etsr
968 2476 1172 2562 videantur
1193 2474 1215 2559 *a
1238 2502 1331 2560 cure
1360 2479 1484 2581 oriri,
1514 2479 1591 2558 ini
1620 2472 1739 2585 sique
1768 2475 1912 2560 radicet

485 2580 699 2693 assumere,
718 2613 850 2674 tamen
871 2598 913 2674 dt
934 2591 1013 2673 stne
1030 2587 1193 2694 dolore,
1218 2598 1261 2674 dt
1285 2590 1365 2672 stne
1385 2591 1479 2672 nixu
1503 2506 1745 2692 avelllrntur,
1765 2594 1808 2672 δι
1829 2587 1913 2671 nul·

485 2687 568 2778 la'm
593 2699 775 2786 videntur
801 2701 920 2785 basrm
952 2699 1144 2786 obtinere.
1181 2703 1447 2812 Quantumvis
1471 2702 1592 2813 porrb
1618 2729 1703 2783 non
1729 2726 1912 2813 negemur

484 2804 689 2921 ingentem
701 2815 947 2901 intercedere
955 2815 1214 2898 differentiam
1225 2809 1327 2897 inter
1338 2810 1550 2917 subjeetum
1559 2816 1910 2927 experimentorum

483 2946 584 3004 mox
599 2923 868 3036 prolatorum,
892 2935 933 3011 dt
953 2927 1106 3011 causam
1124 2931 1235 3011 tinet
1251 2925 1517 3032 efficientem,
1538 2954 1621 3008 non
1643 2928 1769 3039 potest
1785 2949 1911 3009 tamen

483 3038 620 3228 hepati
636 3064 743 3121 certa
763 3070 846 3149 quae
865 3043 967 3123 inter
982 3065 1194 3152 utrumque
1212 3038 1448 3153 produeiurn
1465 3039 1561 3122 inest
1576 3035 1773 3154 analogia.
1790 3035 1912 3122 Tetra

484 3147 527 3230 vi
555 3173 640 3230 etur
663 3177 712 3233 ex
734 3155 975 3236 nutrimento
994 3153 1127 3261 olleo,
1154 3179 1223 3236 aut
1238 3150 1417 3258 uberior,
1448 3176 1516 3235 aut
1533 3153 1668 3236 vitiata
1691 3156 1733 3234 in
1761 3150 1910 3236 dneoso

483 3283 741 3345 excremento
766 3263 1005 3369 redundare,
1031 3295 1113 3374 quae
1139 3269 1230 3348 cirm
1255 3268 1368 3348 tineae
1385 3266 1587 3348 materiem
1607 3261 1772 3378 prabet,
1796 3266 1851 3348 ita
1873 3266 1912 3347 in

450 3373 454 3380 ’
483 3367 607 3454 bmtis
620 3375 664 3464 in¹
677 3404 827 3459 cornua
847 3385 889 3460 dt
904 3376 1070 3490 ungulas
1088 3375 1190 3484 abit,
1210 3404 1278 3461 aut
1290 3375 1482 3460 excrescit
1494 3377 1536 3458 in
1550 3374 1679 3459 nodos
1693 3383 1791 3460 &to
1819 3379 1909 3479 hot,

483 3485 755 3570 mechanismo
778 3516 896 3599 quern
917 3488 1105 3604 sagaciter
1124 3494 1166 3573 dt
1183 3489 1233 3574 ad
1251 3514 1394 3572 natutae
1416 3515 1597 3572 nonnam
1617 3487 1672 3577 R·
1691 3490 1763 3576 Ru
1795 3485 1909 3594 el(u)

483 3597 678 3710 exposuit.
1637 3627 1639 3632 ·
1709 3655 1715 3664 .

539 3707 768 3820 Aliquando
788 3717 933 3821 etiarn,
952 3713 1020 3799 sed
1043 3713 1133 3800 calu
1156 3743 1266 3822 rato,
1294 3717 1335 3798 in
1358 3709 1585 3796 hominibus
1607 3710 1809 3798 exundans
1833 3715 1914 3797 hac

480 3826 664 3908 materies
697 3855 847 3910 cornua
879 3831 1021 3910 imitari
1047 3828 1129 3912 visa
1159 3831 1213 3910 est
1227 3890 1242 3935 ,
1275 3826 1344 3910 sed
1374 3825 1615 3936 frequentiis
1645 3825 1696 3908 ad
1726 3823 1914 3910 articulos

481 3933 620 4021 tubera
641 3938 737 4022 facit
759 3937 966 4048 nodosque
992 3943 1204 4024 rachiticos
1225 3971 1237 4040 ;
1258 3943 1300 4022 in
1323 3938 1472 4054 spinam
1492 3933 1685 4022 dorsalem
1712 3935 1883 4022 defledlit
1894 3997 1909 4042 ,

480 4051 666 4160 variaque
688 4051 813 4136 efficit
832 4051 1320 4164 deformitatumgenera,
1348 4049 1472 4135 solida
1496 4053 1632 4132 uniens
1659 4077 1778 4160 atque
1805 4079 1912 4134 com·

480 4163 646 4276 pingens
669 4193 752 4273 quae
775 4163 947 4278 separata
972 4165 1049 4249 esse
1077 4161 1301 4248 debuerant.
1479 4237 1484 4246 .

536 4273 629 4356 Nec
656 4277 743 4357 raro
763 4276 856 4360 ditm
876 4307 958 4362 uno
983 4280 1024 4362 in
1049 4274 1146 4361 loco
1173 4273 1367 4380 exundat,
1392 4275 1436 4356 in
1456 4273 1581 4360 altero
1604 4272 1751 4358 delicit.
1779 4269 1915 4358 Tube·

481 4381 651 4494 ronique
677 4385 769 4468 dum
798 4389 986 4476 articulos
1015 4388 1152 4506 opplet
1184 4388 1403 4502 farragine,
1441 4388 1581 4470 ossium
1620 4385 1916 4498 longitudinem

481 4493 671 4580 deficiens
695 4496 923 4587 molliorem
947 4503 1070 4610 facit,
1098 4511 1138 4588 dr
1163 4503 1343 4586 incurvat
1363 4497 1501 4583 contri
1523 4525 1665 4582 naturae
1688 4496 1884 4586 ordinem.

537 4607 630 4690 Nec
656 4605 754 4693 illud
782 4611 904 4696 velim
932 4617 1062 4729 accipi
1092 4612 1199 4700 circi
1228 4615 1438 4699 crustarum
1466 4611 1706 4706 ,tineosarum
1735 4637 1916 4692 naturam

479 4719 585 4836 quast
603 4713 650 4802 ab
670 4721 875 4835 hypothesi
894 4731 1088 4841 petitum,
1110 4726 1178 4816 sed
1194 4729 1236 4815 in
1250 4753 1392 4816 nature
1410 4721 1685 4812 observatione
1702 4721 1912 4810 fundanam

516 4887 577 4964 (a)
596 4881 748 4946 OEtonom·
763 4900 848 4946 natur.
866 4887 1000 4970 inglaad.
