4226 5916
374 1016 598 1184 DE
704 969 1397 1190 moutarn

417 1293 1284 1504 chTANEJS

193 1540 1589 1614 aaasaaaasamnassassaamsmnmav

325 1709 688 1838 ‘PARS
790 1708 1474 1841 SECUNDA.

403 1917 490 2025 De
520 1919 713 2026 Morbi-r
743 1922 795 2024 in
829 1922 934 2064 ide
966 1919 1408 2062 succrescentibus
1450 1995 1454 2004 -

181 2054 494 2254 Hucusque
516 2170 585 2257 per
604 2141 772 2258 longum
790 2167 907 2256 atque
926 2142 1129 2229 taediosum
1146 2139 1324 2226 laborem
1346 2142 1511 2232 morbos
1527 2146 1622 2235 illos

181 2256 385 2390 prosecuti
414 2257 545 2340 sumus
576 2287 678 2368 quos
707 2261 809 2342 cutis
835 2287 918 2340 non
946 2259 1074 2390 parit,
1104 2255 1171 2340 sed
1199 2255 1312 2338 fovet
1342 2285 1543 2374 acceptos.
1575 2265 1650 2364 ln,

181 2368 262 2453 rllis
281 2364 434 2473 juntlus
451 2369 725 2482 perspiratorio
744 2372 904 2452 humori
918 2369 1081 2453 vrtiosus
1099 2370 1244 2451 humor
1264 2369 1415 2452 exitum
1432 2372 1623 2480 molitur,

181 2490 229 2566 ὅ(
241 2480 426 2592 deturpat
437 2508 630 2592 organum
642 2481 910 2566 secretorium.
925 2481 1007 2566 Istc
1024 2478 1137 2595 ipsrbs
1153 2483 1255 2564 cutis
1266 2479 1470 2566 substantia
1481 2489 1623 2568 vitium

119 2623 123 2636 ·
182 2591 384 2705 suscepit,
408 2590 630 2704 susceptum
651 2591 720 2676 alit
741 2601 782 2676 &
806 2597 963 2678 enutrit.
989 2591 1106 2676 Unde
1127 2593 1228 2675 cutis
1245 2591 1466 2678 functiones
1485 2601 1627 2681 vitiata

182 2703 347 2815 reliquo
379 2707 540 2820 corpori
575 2701 707 2789 labem
737 2705 924 2789 inferunt.
959 2705 1090 2788 Potest
1119 2729 1251 2787 autem
1283 2706 1349 2787 hlc
1379 2708 1533 2794 admitti
1558 2708 1629 2794 illa

164 2835 275 2930 squae
300 2815 532 2902 divifionem
558 2818 691 2900 nostras
713 2821 845 2932 prima
867 2821 984 2932 partis
1008 2819 1143 2902 effecit
1167 2816 1398 2902 differentia.
1481 2841 1488 2850 “

169 3035 170 3040 Ν
240 2927 475 3040 Aliquando
492 2928 646 3020 scilicet
666 2931 845 3015 universa
872 2935 972 3016 cutis
992 2933 1141 3015 'vitium
1172 2930 1373 3013 contrahit
1384 2993 1400 3038 ‚
1428 2959 1495 3016 aut
1523 2965 1628 3020 con-

181 3045 348 3237 tralhere
374 3045 511 3157 potest.
546 3040 775 3154 Aliquando
800 3047 942 3130 vitium
971 3045 1039 3128 uni
1064 3043 1163 3157 parti
1188 3045 1392 3158 proprium
1414 3047 1467 3129 est
1492 3055 1533 3132 dt
1553 3051 1629 3134 sm-

260 3183 341 3239 are.
1285 3211 1290 3220 ·

182 3187 366 3352 guUnde
385 3267 576 3355 sediones
596 3268 680 3354 duae
698 3271 936 3368 nascuntur3
958 3270 1083 3382 prima
1106 3267 1157 3352 de
1177 3265 1327 3364 morbis
1350 3271 1632 3360 universalibus

182 3384 324 3488 cutis,
346 3379 466 3465 altera
489 3383 539 3468 de
560 3380 710 3466 morbis
731 3379 985 3496 singularibus
1007 3377 1169 3487 alicujus
1201 3384 1318 3495 partis
1343 3385 1384 3465 in
1411 3411 1502 3468 cute
1531 3413 1634 3471 trac·-

181 3492 306 3579 tabit.
343 3492 479 3603 Quam
501 3495 662 3605 quidem
685 3493 916 3580 divisionem
941 3497 995 3576 ita
1021 3493 1262 3577 admittimus
1289 3518 1334 3576 ut
1360 3495 1561 3580 fatendum
1584 3500 1631 3582 fit

179 3608 451 3722 posteriorem
504 3611 695 3691 artemin
721 3603 846 3722 primb
874 3604 956 3690 fere
985 3630 1109 3688 totam
1144 3607 1352 3688 contineri.
1382 3610 1494 3692 Idem
1523 3613 1631 3694 enim

180 3719 274 3804 fere
305 3638 503 3832 peccandi
526 3720 670 3803 modus
694 3723 813 3803 estin
841 3715 1023 3832 singulari
1051 3744 1184 3831 parte,
1211 3745 1328 3828 atque
1353 3723 1394 3802 in
1422 3749 1511 3806 roto
1538 3753 1632 3806 cor-

182 3859 295 3946 pore
321 3892 336 3937 ,
370 3833 440 3914 nist
466 3856 597 3915 tamen
627 3831 924 3944 discrepantiam
950 3827 1121 3940 aliquam
1145 3830 1286 3913 inferat
1315 3833 1394 3946 ipsa
1418 3838 1600 3919 strudura
1614 3897 1631 3944 ,

184 3969 230 4028 at
260 3969 319 4026 ue
351 3941 502 4028 fabrica
521 3945 688 4055 partium
710 3945 838 4048 cutis,
861 3969 905 4025 ut
925 3940 998 4024 suo
1018 3941 1172 4026 dicetur
1193 3941 1303 4026 loco.
1640 3987 1641 3990 κ

184 4149 187 4156 ,
292 4081 388 4139 runt
403 4083 501 4170 ergo
530 4057 660 4169 operis
687 4057 804 4140 nostri
828 4055 1154 4164 festinandae,
1180 4055 1460 4138 subdivisa-ones
1486 4055 1633 4170 plures.
1702 4115 1709 4126 ·

181 4169 239 4253 In
262 4167 408 4279 quibus
430 4167 591 4280 quidem
611 4165 653 4253 id
677 4167 945 4260 annotandum
964 4165 1132 4252 velimus
1151 4166 1303 4275 aliquos
1322 4165 1400 4248 elle
1423 4168 1586 4255 morbos
1610 4169 1635 4254 a.

182 4279 318 4366 nobis
341 4311 425 4364 non
445 4281 574 4386 visos,
597 4280 664 4365 sed
684 4279 755 4364 sub
779 4281 901 4364 fidem
928 4284 1132 4363 antrorum
1148 4279 1390 4391 descriptos,
1411 4309 1513 4388 quos
1535 4314 1631 4396 pra-

184 4395 417 4480 termittere
430 4393 684 4479 voluissemus
700 4424 712 4494 3
726 4397 892 4496 verbm,
909 4417 961 4474 ne
975 4396 1131 4502 integro
1153 4393 1329 4473 nauatui
1346 4389 1492 4500 aliquid
1512 4394 1634 4502 desrt,

185 4509 248 4594 de
266 4508 317 4590 iis
330 4503 581 4591 scribendum
599 4505 686 4590 fuit.
712 4501 932 4588 Hortamur
953 4503 1050 4614 ergo
1069 4526 1247 4616 autoptas
1271 4529 1316 4586 ut
1335 4507 1465 4587 vineta
1491 4507 1634 4592 cedant

181 4623 284 4705 haec
310 4619 467 4724 nostra,
505 4617 748 4728 melioraque
775 4615 948 4699 doceant
974 4617 1124 4728 experti
1163 4617 1401 4728 inexpertos.
1434 4615 1547 4722 Talia
1582 4623 1636 4703 est
1663 4653 1666 4656 ·

184 4729 309 4848 plica
332 4729 527 4814 Polonica
538 4793 554 4838 ‚
581 4729 764 4837 cujusne
788 4727 984 4812 elementa
1004 4725 1165 4837 quidem
1189 4725 1305 4810 ullibi
1330 4726 1422 4812 alibi
1444 4756 1636 4815 terrarum
1761 4797 1768 4807 .

182 4845 461 4958 reperiuntur.
