4250 5898
665 429 1156 523 CUTANEI&
1352 499 1356 511 1
1548 465 1631 551 ςπ

188 592 317 712 'dispar
345 595 397 680 est
420 582 657 710 capillorum
677 600 832 706 forma,
856 597 1001 707 color,
1032 595 1251 714 prolixitas.
1286 597 1506 688 Infantibus
1538 609 1628 688 raro
1667 673 1672 680 .

190 713 233 792 ni
261 737 303 794 er
325 707 443 794 color
466 737 659 796 connatus
681 715 746 795 est.
774 712 856 796 Sed
878 716 946 824 qui
968 715 1073 827 priirs
1096 710 1311 797 albicantes
1336 715 1472 821 fuere,
1496 716 1629 828 postest

188 741 290 908 niet
315 823 500 907 evadunt.
526 825 583 910 At
602 823 733 910 nullus
753 827 871 909 fixior
893 823 1012 911 color
1036 824 1155 938 quim
1174 827 1243 939 qui
1263 823 1381 914 ruber
1402 835 1443 910 dt
1465 827 1631 916 rutilans

187 931 454 1020 ddiversttate
478 939 580 1021 cutis
604 945 646 1025 ὃ(
669 935 882 1023 bulborum
914 937 1073 1054 pendet.
1104 943 1232 1025 Aiunt
1259 936 1443 1024 mulieres
1473 939 1632 1028 abrasos

188 1048 324 1163 sapitas
350 1074 467 1160 atque
497 1050 635 1135 tonsos
661 1049 833 1167 ‚capillos
867 1055 909 1136 δι
941 1054 1128 1138 fortiores
1160 1053 1289 1138 todire
1319 1059 1361 1136 dt
1386 1051 1631 1162 validiores,

188 1159 331 1245 contri
353 1167 450 1246 veto
470 1161 586 1248 frittu
605 1170 649 1249 dt
669 1163 874 1251 evulsione
893 1164 1095 1251 calvitiem
1119 1167 1297 1251 accetsrri
1318 1196 1331 1267 3
1357 1163 1489 1280 sapida
1509 1170 1631 1250 etiam

189 1273 386 1360 uneuoso
406 1275 563 1389 liquore
580 1279 727 1394 irrigati
746 1281 850 1389 quast
870 1279 1106 1366 crassescunt
1123 1278 1257 1394 capilli
1267 1343 1281 1386 ,
1303 1287 1344 1362 ὃ(
1362 1275 1631 1388 imbibuntur,

188 1388 409 1501 meliirsqpe
423 1394 558 1476 nutriti
579 1419 777 1507 apparent.
798 1393 880 1477 Sed
900 1397 983 1478 haec
1006 1397 1162 1500 omnia,
1178 1420 1223 1478 ut
1239 1395 1290 1478 ad
1306 1394 1505 1475 historiam
1524 1389 1632 1506 pilo·
1683 1415 1687 1421 ·
1729 1496 1731 1504 7

191 1529 281 1586 rum
301 1501 517 1589 naturalem
535 1505 710 1621 spedant
723 1509 854 1622 potitis
874 1505 993 1618 quim
1015 1509 1064 1593 ad
1085 1511 1186 1592 cutis
1205 1504 1394 1611 morbos,
1411 1504 1529 1590 susrlrs
1548 1505 1631 1592 des-

190 1613 386 1702 cribendo
403 1618 576 1704 enodare
590 1619 732 1704 inutile
743 1623 818 1727 est,
837 1626 929 1704 clam
943 1615 1021 1728 jam
1063 1619 1182 1705 luries
1197 1617 1220 1703 *a
1233 1620 1390 1705 diversrs
1407 1616 1633 1713 sudoribus

91 1809 92 1812 a
188 1734 351 1814 traciata
366 1733 458 1837 smt,
473 1735 575 1826 inter
592 1762 694 1847 quos
709 1651 1358 1848 eminangeniolffimatranatio
1372 1730 1633 1838 ClBoutru,

149 1926 150 1932 a
189 1839 348 1926 Medici
360 1843 600 1953 Parmensis,
620 1877 670 1930 arr
681 1847 757 1962 pili
763 1847 937 1962 plantae,
958 1851 1000 1932 in
1022 1844 1099 1962 qui
1119 1843 1243 1931 multa
1264 1849 1372 1930 circi
1387 1848 1489 1928 hanc
1510 1869 1633 1930 mate·

189 1956 291 2038 riem
318 1955 476 2072 physica
502 1960 695 2073 congelsrt
714 1964 929 2046 tentamina
948 1961 998 2044 ad
1017 1987 1160 2046 natura
1181 1987 1363 2044 normam
1387 1956 1490 2042 bend
1515 1985 1633 2042 com-

221 2095 336 2152 mm
1036 2092 1041 2104 ’

164 2095 218 2182 Ῥ
254 2183 405 2267 Verlrm
438 2187 479 2268 in
512 2187 703 2270 vitiontm
736 2187 839 2271 cutis
871 2183 1132 2269 meditatione
1167 2183 1241 2266 tria
1277 2180 1451 2295 pilorum
1487 2210 1633 2296 genera

189 2294 367 2379 notanda
388 2297 488 2380 sunt.
508 2297 742 2381 Tenuissrmi
761 2299 850 2380 sunt
869 2299 988 2409 primi
1009 2321 1111 2405 quos
1127 2296 1194 2380 vix
1217 2325 1311 2377 cum
1330 2292 1466 2402 aliquo
1489 2293 1634 2380 dolore

191 2403 370 2511 avellas,
392 2406 527 2516 quales
552 2409 641 2489 sunt
667 2405 726 2490 iili
753 2410 823 2518 qui
848 2405 1042 2490 infantum
1069 2405 1313 2491 nascentium
1340 2412 1383 2489 ὅ(
1406 2403 1634 2490 lassentium
1705 2415 1708 2420 ’

193 2545 368 2631 corpora
401 2520 446 2602 sae
477 2516 788 2625 e'obvolvunt‚
812 2519 917 2628 quast
943 2517 1207 2624 flocculenti‚
1238 2521 1306 2602 vix
1336 2516 1454 2601 ullists
1483 2517 1635 2604 colmie

222 2634 416 2744 articipes.
437 2551 636 2745 liraecipue
656 2634 699 2714 in
724 2633 855 2746 pueris
874 2632 982 2714 flavo
1001 2631 1143 2717 colore
1158 2633 1318 2715 donatis
1339 2627 1539 2714 abundant
1559 2631 1634 2718 illi.

189 2660 275 2826 i'ix
301 2774 475 2856 unquam
502 2744 863 2830 animadvertuntur
885 2748 927 2828 in
952 2745 1071 2853 rufis,
1099 2769 1167 2828 aut
1197 2741 1338 2828 inillis
1361 2750 1403 2827 ὃ(
1426 2742 1635 2834 solidiores·

190 2855 350 2941 sunt&
379 2860 445 2941 his
465 2857 519 2942 idi
542 2887 589 2942 ac
613 2856 723 2966 duri,
757 2858 826 2943 sed
855 2858 1034 2941 rariores.
1063 2857 1124 2941 Hi
1143 2854 1235 2971 pili,
1259 2855 1512 2945 decrescente
1532 2860 1636 2943 cutis

188 2967 397 3079 mollitie,
426 2889 517 3055 sirio
546 2970 661 3055 frittu
675 3033 690 3078 ‚
719 2968 804 3055 sola
828 2972 915 3056 vitae
939 2973 1094 3056 afflone
1120 2971 1380 3075 deteruntut,
1410 2973 1516 3053 &in
1542 2995 1635 3056 cute

191 3084 393 3168 unduosts
421 3085 720 3171 medicamentis
745 3083 912 3198 longum
936 3111 1007 3200 per
1034 3109 1187 3199 tempus
1215 3081 1408 3197 cooperta
1429 3080 1636 3168 renascun·
1729 3186 1733 3194 Ι

189 3221 261 3280 tut
272 3256 287 3301 ‚
311 3223 355 3280 ut
374 3199 419 3282 fit
438 3203 480 3282 in
526 3197 670 3282 artibus
686 3217 781 3309 quas
798 3199 1007 3312 unguentis
1026 3227 1079 3280 co
1109 3201 1211 3280 imur
1228 3220 1451 3312 protegere.
1474 3195 1532 3278 Hi
1554 3195 1636 3282 stne

189 3305 324 3394 bulbo
345 3307 394 3393 ab
413 3316 478 3426 epi
505 3312 665 3398 ermidis
684 3308 880 3396 radicibus
901 3310 1008 3394 nasci
1029 3229 1232 3416 videntur,
1256 3316 1299 3395 ὅ(
1324 3307 1452 3393 Gallis
1471 3311 1635 3395 nomine
1682 3339 1684 3344 ·

183 3421 278 3538 pois
286 3421 429 3532 fallet,
450 3423 499 3510 ab
522 3423 607 3510 aliis
627 3427 923 3540 distinguuntur.
950 3421 1088 3508 Altera
1110 3425 1260 3538 species
1281 3419 1455 3537 pilorum
1474 3421 1637 3506 illorum

190 3537 273 3640 est,
296 3539 387 3644 qui,
410 3542 483 3621 rari
505 3538 688 3649 quidem,
718 3547 760 3623 ὅ(
786 3536 809 3620 *a
829 3537 1062 3621 seinvicem
1085 3535 1253 3641 semoti,
1273 3562 1360 3617 -non
1379 3533 1459 3618 stne
1478 3533 1635 3618 summo

191 3644 344 3732 dolore
375 3648 624 3754 avelluntur,
650 3649 718 3733 sed
748 3648 864 3760 crispi
890 3645 950 3729 illi
976 3646 1064 3743 sunt
1091 3655 1133 3730 δι
1162 3648 1314 3762 semper
1342 3646 1468 3751 aridi,
1501 3645 1637 3757 quales

189 3761 287 3845 sunt
307 3759 364 3842 illi
381 3764 450 3869 qui
467 3761 666 3870 utridsque
690 3759 802 3844 sexds
823 3755 1008 3873 genitalia
1027 3756 1206 3844 obsident
1217 3819 1232 3866 ,
1255 3761 1322 3870 qui
1338 3757 1473 3842 axillas
1494 3762 1638 3874 pariter

191 3868 432 3986 occupant,
460 3874 656 3958 densiores
678 3877 718 3955 in
738 3875 830 3957 viris
849 3867 968 3982 quim
992 3875 1033 3955 in
1054 3870 1211 3956 seminis
1222 3935 1237 3979 ‚
1261 3873 1344 3955 imo
1369 3880 1411 3955 ὃ(
1432 3874 1638 3957 thoracem

193 3987 399 4092 virorum,
419 3987 628 4101 prasertim
648 3986 772 4071 densis
794 3984 947 4100 capillis
968 3984 1167 4097 densique
1186 4012 1225 4071 at
1249 3981 1360 4099 nigri
1379 3980 1498 4068 barba
1517 3986 1639 4069 dona·

191 4128 369 4203 torum,
400 4101 607 4212 obtegunt.
638 4098 697 4182 Hi
720 4125 790 4214 per
818 4097 968 4212 spinam
988 4100 1090 4182 dorsr
1111 4099 1282 4212 protensa
1306 4097 1354 4180 ad
1375 4124 1492 4178 anum
1517 4098 1640 4207 usque

189 4211 494 4320 extenduntur,
512 4211 645 4298 liberis
666 4207 812 4295 interei
834 4209 1000 4318 scapulis
1021 4238 1138 4320 atque
1157 4207 1323 4314 lumbis,
1353 4207 1442 4292 dein
1465 4208 1639 4317 semota,

193 4353 317 4411 cruta
331 4386 345 4430 ‚
372 4324 531 4411 brachia
550 4329 692 4442 pariter
717 4349 955 4439 protegunt,
980 4327 1022 4405 in
1044 4325 1090 4406 iis
1115 4321 1320 4435 presertim
1347 4317 1519 4435 partibus
1541 4323 1642 4408 defi·

193 4441 355 4525 cientes
383 4438 549 4551 adquae
577 4467 709 4524 motus
737 4463 855 4552 atque
880 4436 1013 4520 frisius
1038 4439 1255 4632 pertinlpiu
1279 4461 1353 4518 nec
1382 4433 1642 4521 differentiam

193 4545 328 4636 ullam
353 4578 538 4637 anatome
563 4556 706 4670 reperit
734 4553 835 4636 inter
863 4574 998 4635 cutem
1023 4579 1107 4660 quae
1155 4552 1233 4633 'os
1254 4575 1337 4632 non
1359 4545 1502 4654 habet,
1524 4577 1644 4661 atque

102 4745 106 4756 „
193 4660 316 4756 illam
337 4695 422 4776 quae
443 4664 568 4782 pilosa
586 4669 665 4775 est,
687 4665 811 4776 iisque
835 4663 977 4749 referta
998 4579 1236 4749 densrllimis.

261 4774 440 4862 Tertiam
475 4777 665 4864 habemus
698 4778 873 4896 pilorum
908 4777 1080 4892 speciem
1111 4779 1153 4859 in
1187 4771 1340 4893 capillis
1374 4800 1491 4886 atque
1526 4770 1647 4857 barba

194 4891 395 4982 virorum.
420 4891 481 4980 Hi
495 4920 635 4980 omnes
648 4922 698 4978 ex
717 4890 848 4980 bulbis
866 4917 1066 4979 turmatrm
1081 4916 1229 4978 exeunt
1238 4953 1260 5001 ,¹
1276 4887 1649 5089 &Fssiii'ffltpmm

1447 5029 1472 5106 ¹1
