4186 5908
489 425 575 524 276
931 417 1040 510 DE
1111 413 1474 508 MORBIS

489 579 603 668 illud.
622 580 799 670 Acutum
813 580 924 672 brevi
941 583 1149 670 deseviens
1169 585 1252 670 citis
1269 581 1440 698 perimit.
1464 573 1759 664 suffocationes
1774 577 1922 688 anxiae,

490 696 788 808 c‘onvulsrones,
805 699 1014 802 diarrhaeae,
1030 697 1275 809 dysenteria,
1290 721 1468 782 tumores
1487 688 1760 807 glandularum
1777 693 1923 890 suppu-

490 815 645 917 ratorii,
663 807 878 896 acrimonia
890 807 967 916 jam
980 811 1182 896 diathesrm
1195 811 1537 893 inflammatoriam
1552 803 1785 920 suscipiente
1798 839 1851 890 vu
1869 811 1925 920 gb

492 949 663 1036 corpora
682 922 870 1046 puerilia,
893 948 960 1006 aut
981 922 1091 1008 brevi
1112 924 1328 1008 certamine
1348 919 1498 1006 tollunt
1517 919 1540 1002 ὲ
1558 918 1721 1025 medio,
1750 947 1817 1006 aut
1836 923 1924 1008 crisr

492 1032 695 1120 salubriter
717 1034 818 1120 fasti
837 1032 1017 1120 liberant.
1034 1035 1134 1118 Haec
1154 1063 1239 1118 non
1263 1037 1317 1116 ita
1341 1031 1511 1120 feliciter
1530 1033 1745 1137 eveniunt,
1767 1037 1927 1143 quoties

493 1151 617 1232 tacito
632 1147 737 1262 passu
752 1145 836 1232 lues
851 1150 892 1232 in
904 1147 1053 1233 viscera
1065 1144 1256 1232 decubuit
1275 1154 1318 1229 bt
1331 1175 1378 1231 ea
1396 1147 1476 1230 fine
1493 1143 1706 1230 erethismo
1723 1142 1925 1232 obstruxit.

495 1259 667 1344 Cralhor
693 1263 799 1345 enim
820 1257 988 1375 lymphae
1014 1261 1127 1344 crasrs
1151 1256 1221 1343 ubi
1245 1258 1387 1344 insedit
1409 1255 1516 1342 lente
1542 1261 1584 1341 in
1607 1254 1702 1341 loca
1726 1255 1925 1372 glandulis

492 1369 575 1482 lym
606 1375 744 1456 haticis
765 1370 888 1457 obfita
904 1402 950 1457 ea
965 1375 1007 1456 in
1028 1373 1218 1456 scirrhum
1236 1368 1347 1456 brevi
1362 1373 1560 1457 convertit
1574 1369 1924 1471 immedicabilem.

491 1402 640 1570 Nulius
666 1485 767 1570 adest
785 1483 929 1593 dolor,
959 1483 1066 1569 nulla
1094 1489 1292 1588 anxietas,
1324 1512 1363 1569 at
1381 1515 1472 1596 'quar
1496 1481 1814 1595 iglandularum
1835 1513 1925 1600 per·

487 1596 735 1684 meabilitate
758 1599 932 1713 pendent
957 1593 1177 1684 funilioncs
1200 1624 1495 1712 pervernmtur,
1526 1620 1592 1678 aut
1623 1595 1800 1698 celsant3
1829 1602 1927 1684 hinc

493 1709 706 1795 infantibus
732 1736 869 1794 venter
894 1711 1144 1817 intumescit,
1180 1736 1318 1794 catera
1343 1710 1613 1814 marcescunt,
1648 1705 1928 1822 obstrutiisque

485 1819 689 1934 glandulis
703 1824 920 1908 mesaraieis
937 1852 1074 1907 omnes
1095 1821 1176 1907 cibi
1194 1825 1261 1906 vix
1278 1826 1383 1906 cotli
1401 1850 1469 1936 per
1489 1821 1621 1904 alvum
1635 1820 1819 1907 diarrhaei
1835 1855 1927 1937 pro-

492 1933 722 2040 truduntur,
738 1935 889 2042 donec,
904 1934 1177 2020 deficientibus
1189 1932 1357 2041 viribus,
1376 1934 1637 2042 omnibusque
1651 1935 1846 2041 archibis,
1866 1967 1928 2052 pc·

494 2073 605 2130 reant
616 2110 631 2152 ,
649 2073 716 2131 aut
728 2046 874 2155 tabidi,
898 2075 964 2131 aut
984 2053 1203 2162 interrupto
1224 2045 1392 2164 lympha
1407 2051 1574 2132 circuitu
1589 2045 1818 2162 hydropici,
1843 2080 1927 2160 quae

486 2159 684 2270 pereundi
709 2160 837 2256 forma
860 2161 1072 2246 infantibus
1095 2161 1245 2244 summe
1272 2161 1470 2246 familiaris
1491 2163 1555 2246 est.
1579 2159 1691 2243 Raris
1714 2161 1925 2275 pulmones

495 2300 600 2354 occu
631 2298 669 2355 at
687 2275 826 2357 vitium
850 2277 951 2359 cutis
975 2273 1258 2387 retropulsum,
1286 2281 1378 2358 ciam
1399 2273 1515 2358 locus
1542 2271 1612 2356 ille
1630 2277 1759 2359 minhs
1779 2275 1924 2364 scateat

495 2302 690 2496 glandblis
715 2383 994 2502 lymphaticis,
1019 2395 1157 2472 verbm
1181 2385 1381 2473 obstructis
1405 2384 1599 2501 glandulis
1629 2383 1925 2476 bronchialibus

496 2495 789 2584 immedicabile
815 2502 958 2584 asthma
979 2497 1133 2610 aliquos
1162 2493 1383 2615 opprelsrt5
1413 2499 1522 2610 quod
1545 2498 1705 2610 quidem
1731 2505 1872 2588 vitium
1902 2503 1924 2588 i

496 2608 717 2724 retropulso
749 2615 917 2696 humore
946 2618 1037 2696 cbm
1072 2611 1216 2728 pluries
1244 2615 1286 2696 in
1314 2611 1455 2696 adultis
1486 2611 1799 2720 observaverim,
1835 2619 1925 2703 rari)

496 2725 663 2806 omnino
683 2726 724 2807 in
744 2725 968 2810 infantibus.
995 2725 1130 2810 Semel
1149 2752 1282 2830 tamen
1302 2724 1324 2810 b
1344 2724 1501 2839 frigoris
1522 2728 1672 2840 impetu
1694 2730 1814 2810 crusta
1837 2759 1926 2817 are-

493 2833 593 2918 fatia
612 2839 652 2918 in
671 2865 794 2950 puero
818 2836 951 2922 bienni
971 2869 1020 2920 an
1049 2842 1153 2922 inam
1175 2837 1288 2922 srmul
1311 2865 1489 2945 trucem,
1512 2831 1625 2922 fimul
1645 2843 1927 2953 peripneumo-

496 2949 603 3028 niam
621 2947 895 3056 emulabatur,
917 2980 999 3060 quae
1014 2870 1201 3036 ismenus
1217 2952 1309 3034 solis
1322 2951 1468 3066 pedum
1484 2958 1526 3034 ἃ
1540 2951 1657 3038 faciei
1669 2953 1811 3068 tepidis
1823 2957 1924 3042 intrir

494 3085 707 3169 paucarum
723 3064 906 3145 horarum
925 3061 1089 3176 spatium
1106 3062 1320 3148 sanabatur.

552 3168 616 3252 Ab
637 3175 697 3256 his
717 3171 1054 3261 observationibus
1074 3202 1160 3261 tota
1206 3177 1326 3262 endet
1346 3174 1654 3262 adhibendamm
1675 3180 1923 3266 curationum

495 3281 725 3369 differentia.
760 3285 895 3369 Causae
920 3315 1040 3401 prout
1066 3208 1221 3376 diversa
1245 3290 1358 3396 sunt,
1392 3317 1509 3402 prout
1533 3290 1694 3374 effesius
1718 3295 1843 3400 varii,
1871 3297 1923 3378 ita

494 3397 676 3480 methodi
691 3397 922 3513 discrepant.
940 3402 987 3484 In
1002 3425 1148 3515 genere
1159 3401 1311 3488 levibus
1329 3401 1528 3502 affesiibus
1548 3403 1649 3488 levia
1663 3405 1923 3492 medicamina

497 3536 745 3623 competunt.
784 3513 837 3596 Et
867 3514 1028 3625 quidem
1058 3517 1148 3601 ante
1186 3521 1320 3602 omnia
1347 3515 1486 3600 sedulo
1518 3516 1840 3630 perpendendum
1872 3525 1924 3604 cst

495 3649 638 3708 naturae
661 3628 904 3711 curationem
929 3627 1129 3714 molientis
1149 3633 1464 3734 instrumentum,
1484 3627 1593 3713 nulli
1612 3631 1680 3712 nisr
1702 3661 1774 3743 prae
1805 3633 1925 3718 osted

496 3763 577 3820 arte
602 3739 870 3824 coercendum
893 3742 982 3826 elle.
1012 3743 1146 3826 Causa
1168 3743 1434 3848 medendum,
1459 3772 1549 3824 non.
1565 3743 1734 3828 effetlui.
1764 3661 1924 3830 liemo-

495 3850 630 3934 vendtt
646 3854 873 3966 occasrones
895 3852 1039 3940 morbi.
1059 3855 1183 3942 Prava
1197 3860 1357 3942 nutritio
1373 3856 1422 3940 ad
1436 3853 1544 3968 leges
1563 3859 1653 3940 artis
1667 3859 1923 3971 corrigenda,

497 3991 591 4072 quas
621 3967 686 4050 hle
717 3993 917 4081 exponere
946 3967 1053 4051 extri
1082 3975 1210 4083 operis
1245 3997 1367 4056 metas
1398 3969 1514 4053 soret.
1546 3969 1730 4053 Dentitio
1763 3998 1925 4057 exarte

497 4079 768 4192 promovenda
775 4144 789 4187 ,
805 4083 889 4170 imo
902 4087 943 4162 ὅ(
957 4084 996 4162 in
1009 4078 1202 4190 aliquibus
1219 4080 1367 4168 casrbus
1380 4111 1448 4198 per
1460 4081 1709 4194 Chirurgiam
1722 4083 1925 4188 facienda,

426 4221 429 4226 ·
498 4189 607 4294 quod
619 4194 777 4298 quando
794 4193 931 4300 liceat,
953 4224 1012 4276 ars
1027 4197 1145 4278 etiam
1161 4195 1294 4279 docet.
1318 4196 1511 4281 Mutanda
1525 4194 1607 4278 loci
1620 4199 1659 4277 in
1677 4226 1759 4305 quo
1776 4197 1927 4310 degunt

494 4299 662 4384 infantes
687 4307 891 4413 conditio,
914 4310 1103 4414 vestium,
1133 4311 1203 4391 stra
1231 4309 1390 4394 ulorum
1417 4341 1511 4394 cura
1538 4307 1771 4394 adhibenda.
1801 4310 1855 4394 Et
1882 4337 1927 4396 ut

497 4407 705 4497 clarilsrmo
718 4417 859 4504 Locke
874 4419 1034 4532 aliisque
1075 4341 1279 4508 adotribes
1296 4422 1512 4508 cultoribus
1526 4420 1696 4535 placuit,
1711 4423 1811 4506 nihil
1823 4425 1927 4510 adeo

494 4520 601 4607 favet
616 4531 715 4612 cutis
731 4531 888 4644 puerilis
903 4537 1022 4618 nitori
1036 4453 1226 4620 sdrvando
1234 4600 1247 4643 ,
1266 4535 1383 4648 qubm
1398 4535 1569 4621 sedulior
1583 4535 1788 4620 munditiei
1805 4567 1900 4621 cura
1908 4599 1925 4646 ,

495 4662 546 4719 ne
556 4641 809 4727 acrimoniam
825 4644 956 4728 sordes
969 4653 1216 4757 contrahant,
1231 4679 1281 4735 ne
1294 4649 1547 4763 prohibeatur
1557 4651 1786 4762 perspiratio
1801 4652 1928 4736 insen·

491 4748 592 4852 filis,
610 4756 727 4834 autin
742 4785 874 4842 cutem
891 4761 1131 4861 refletlatum
1147 4768 1353 4868 exercitia,
1375 4763 1469 4844 aeris
1485 4760 1598 4846 liberi
1619 4763 1763 4868 aditus,
1782 4763 1930 4851 balnea

492 4869 534 4950 dt
545 4861 613 4948 illa
625 4865 785 4975 quidem
797 4871 998 4984 frigidiora
1004 4901 1022 4978 ,·
1034 4878 1134 4958 inter
1149 4875 1380 4980 morborum
1392 4877 1611 4982 nostrorum
1625 4877 1933 4994 prophylatlica
