4250 5898
669 380 1162 490 CUTANEI&
1554 407 1641 504 ἴω

202 535 382 667 torporis
396 546 626 662 pungentis,
642 583 724 638 non
738 583 825 669 pus,
835 553 902 642 sed
912 581 1042 671 guttas
1054 554 1201 666 aliquas
1215 552 1312 642 levis
1324 539 1474 641 iclioris
1487 551 1634 662 fundit,

203 651 273 732 mfi
293 655 315 734 it
334 665 513 770 corporis
527 664 652 748 fundo
662 729 676 772 ,
695 671 988 780 humorumque
1003 672 1100 754 vitio
1116 672 1181 752 hic
1191 731 1205 773 ‚
1227 671 1482 753 vesicantium
1496 697 1610 752 more
1615 729 1631 776 ‚

165 822 169 844 i
200 789 306 845 nova
331 772 575 861 accersantur
600 778 872 893 symptomata.
904 785 960 866 At
984 780 1130 896 duplex
1154 784 1206 866 est
1229 781 1357 863 adhlic
1381 783 1510 864 forma
1532 812 1636 895 pun-

199 875 322 985 gendi
344 882 386 962 iri
409 887 539 972 infixis
556 897 824 1004 vegetantium
845 892 953 978 soliis
976 921 1093 1004 atque
1113 890 1322 1007 stipitibus,
1344 893 1459 1006 spinis
1479 893 1632 1000 dicam,

201 1012 253 1068 an
272 993 506 1104 corporibus
526 1002 640 1088 simul
659 1006 887 1091 tenuissimis
908 1005 1148 1120 rigidissimis
1169 1034 1243 1111 ue,
1265 1014 1307 1088 δι
1326 1008 1439 1088 instar
1462 1004 1487 1085 s
1506 1006 1634 1090 iculo-

199 1125 290 1182 rum
308 1109 512 1235 agentibus
528 1145 541 1215 3
557 1116 653 1201 tales
673 1119 761 1201 sunt
776 1123 909 1228 urticae
928 1119 1088 1234 spiculi,
1111 1037 1207 1203 tales
1227 1117 1314 1211 sunt
1334 1036 1510 1229 phaseoli
1528 1115 1633 1204 illies

194 1211 557 1419 Americaniapuod
572 1228 637 1313 vel
656 1227 781 1315 levitis
798 1229 943 1318 illitum
964 1235 1096 1316 manui
1116 1233 1306 1346 pruritum
1328 1227 1441 1313 illici)
1460 1231 1633 1330 excitat;

197 1323 308 1410 tales
323 1330 411 1418 sunt
469 1340 513 1420 iae'
537 1341 668 1426 multa
692 1341 832 1458 plante
860 1375 944 1455 quae
971 1342 1041 1427 sub
1070 1349 1212 1454 quovis
1239 1341 1349 1426 coelo
1376 1345 1663 1456 reperiuntur„

198 1435 336 1524 Insixae
357 1443 433 1529 illae
451 1453 634 1538 videntur
656 1484 768 1542 urere
790 1457 840 1540 ad
862 1457 1044 1541 sensum:
1069 1457 1170 1541 adeb
1194 1457 1308 1540 fortis
1328 1456 1381 1538 est
1398 1457 1642 1538 vehemens·

106 1624 107 1628 a
198 1577 280 1660 que
296 1583 413 1664 quem
431 1566 636 1651 concitant
680 1573 833 1655 ruritus.
857 1569 965 1652 Tum
980 1571 1076 1653 verb
1100 1571 1201 1654 cutis
1222 1598 1306 1651 non
1324 1565 1439 1652 rubet
1459 1569 1634 1670 tantum,

195 1663 269 1747 sed
297 1673 339 1750 ὃ(
366 1672 407 1752 iii
431 1676 591 1792 papulas
620 1600 817 1789 eldvarur,
842 1713 925 1792 quae
952 1678 1202 1790 ruberrimae‚
1231 1690 1273 1764 δι
1296 1685 1337 1764 iri
1363 1680 1498 1764 medio
1522 1683 1638 1792 apice
1719 1737 1724 1744 ·

194 1778 415 1889 perforata.

238 1891 307 1974 An
321 1899 416 1980 verb
432 1898 712 1990 solalrenuitati
731 1907 1174 2020 rigiditatiquehamatae
1190 1903 1431 2019 spiculorum
1448 1901 1608 1986 illorum
1616 1967 1632 2009 ,

195 2031 251 2086 an
275 2008 393 2091 etiam
413 2011 560 2124 liquori
584 2016 636 2100 ab'
654 2021 787 2104 urticis
808 2018 997 2103 exsilienti
1016 2023 1211 2135 pundurae
1235 2044 1352 2126 atque
1372 2019 1529 2098 ustionis
1550 2015 1634 2098 seri-

195 2116 265 2202 sus
282 2117 471 2210 debeatur
493 2125 641 2244 ambigi
661 2135 797 2246 potest.
816 2133 968 2216 Verum
989 2133 1224 2215 haecomiiia
1241 2129 1502 2243 symptomata
1524 2125 1634 2212 brevi

195 2226 402 2321 solutione
417 2243 510 2322 clini
528 2238 709 2327 sanentur
729 2244 939 2328 &furfure
958 2243 1179 2348 inde'nato‚
1200 2239 1254 2324 ob
1270 2241 1519 2353 epidermidis
1532 2239 1641 2354 sepa-⁴

193 2345 396 2429 rationein
415 2379 518 2460 quae,
545 2359 701 2462 quoties
724 2383 858 2438 tumor
878 2355 1017 2464 aliquis
1034 2355 1181 2459 adsuit,
1202 2353 1415 2436 necessario
1437 2352 1633 2461 sequitur,

193 2483 297 2539 cum
315 2457 409 2541 oleo
427 2465 720 2576 amygdalarum
741 2463 919 2566 dulcium
938 2464 1003 2550 uel
1020 2465 1214 2550 olivarum
1231 2463 1335 2548 illito
1358 2457 1475 2546 facile
1495 2464 1634 2546 curen-

100 2647 103 2658 .
194 2571 383 2672 tursimo
397 2579 440 2656 dt
453 2601 569 2659 aceto
584 2580 812 2692 mitigentur
826 2578 966 2686 facile,
984 2578 1130 2662 nullam
1149 2579 1330 2662 videntur
1344 2575 1462 2660 altam
1480 2576 1634 2690 impres-

194 2682 350 2767 sionem
368 2688 451 2769 cuti
466 2685 658 2806 infligere.
1140 2757 1142 2762 .

256 2795 318 2882 At
336 2793 412 2882 alia
435 2803 711 2916 est‘mprelsio
734 2803 886 2920 plenius
911 2805 1063 2886 irritans
1086 2810 1128 2888 ὃ(
1149 2803 1191 2885 vi
1215 2797 1379 2884 caustica
1403 2829 1522 2915 ageris
1549 2831 1633 2914 quae
1713 2803 1715 2813 ’

194 2908 322 2992 etiam
357 2913 401 2992 iri
420 2912 609 3000 xcadauer
628 2969 630 2980 ›
648 2915 880 3019 calefastum
919 2916 1089 3028 aliquam
1136 2915 1423 3029 impressionem
1471 2919 1632 3001 excitat.

193 3017 303 3104 Hac
328 3021 483 3115 uidetur
511 3054 627 3141 agere
652 3028 816 3114 cellulas
849 3033 976 3113 textlis
1006 3030 1159 3112 mucosi
1190 3027 1421 3111 destruendo
1448 3021 1632 3140 forteque

193 3133 408 3250 erysipelas
426 3139 666 3226 inducendo·
696 3140 841 3234 Talem
859 3145 942 3226 vim
960 3146 1000 3224 iii
1020 3143 1149 3226 resinis
1173 3139 1403 3249 quibusdam
1423 3139 1634 3225 lassescen-

191 3245 306 3334 tibus
337 3254 533 3363 reperias,
560 3254 785 3366 tytliimali‚
814 3255 1094 3340 toxicodendri
1160 3251 1259 3336 laste
1283 3254 1388 3336 flavo
1412 3252 1633 3338 chelidonii

188 3357 542 3479 majoris‚'lepidio
557 3369 624 3477 qui
637 3368 686 3452 ad
697 3365 893 3462 tollendas
906 3365 1084 3474 atalante,
1100 3317 1165 3450 seu
1177 3363 1350 3448 maculas
1363 3375 1510 3450 nomen
1522 3397 1633 3450 acce·

191 3478 272 3592 pit.
301 3475 349 3558 In
367 3471 467 3560 lafile
481 3479 633 3563 ‘ficuum
653 3479 815 3593 aliisque
838 3480 970 3566 multis
993 3485 1136 3594 pariter
1157 3477 1381 3585 invenitur,
1407 3478 1472 3584 sed
1496 3481 1632 3593 praeci-

189 3586 277 3704 pue
301 3590 342 3670 in
358 3593 519 3674 'cortice
543 3592 749 3704 thymeleae
773 3594 926 3708 superat
946 3624 957 3693 3
981 3596 1049 3674 hic
1073 3593 1178 3675 enim
1197 3587 1356 3674 vincula
1380 3591 1631 3704 epidermidis

186 3700 405 3816 crispando
421 3707 566 3818 rumpit
581 3702 792 3812 aliquanda
808 3736 899 3790 cum
914 3709 981 3788 vix
995 3703 1081 3786 ullo
1098 3700 1249 3786 doloris
1265 3698 1373 3812 sensu
1388 3735 1400 3804 3
1420 3701 1631 3813 aliquando

186 3815 332 3899 saevitis
341 3875 355 3918 ,
376 3812 541 3925 liquoris
559 3820 716 3900 caustici
734 3820 867 3924 instar,
885 3815 1080 3902 rubefacit
1122 3816 1243 3921 rimb,
1259 3814 1493 3925 servatisque
1509 3818 1631 3897 omni·

186 3928 270 4014 bus
288 3926 522 4043 erysipelatis
563 3927 717 4013 rudibus
729 3929 973 4046 phlysloenas
988 3845 1154 4036 attollit,
1175 3935 1216 4011 ὃ(
1233 3928 1262 4009 st
1278 3927 1420 4011 diutitis
1436 3929 1478 4009 iri
1495 3951 1630 4009 cutem

185 4067 312 4156 agat,
333 4065 418 4146 aut,
439 3959 561 4152 quod
568 4041 708 4126 melius
720 4046 791 4150 est,
814 4071 1026 4128 renovetur
1044 4040 1125 4150 ejus
1138 4045 1239 4124 aslio
1251 4103 1265 4145 ,
1284 4040 1480 4124 escliarani
1497 4043 1627 4125 inurit.

184 4153 315 4238 Unde
331 4152 400 4236 sub
422 4154 579 4240 eschara
598 4158 856 4240 inflammatio
864 4218 879 4262 ,
904 4160 1058 4241 irritatis
1082 4183 1221 4238 natura
1241 4149 1408 4256 viribus,
1429 4155 1626 4258 exoritur,

186 4277 236 4354 ὅ(
251 4293 349 4354 vera
363 4264 458 4350 subi
487 4266 528 4354 ss
540 4267 697 4352 'eschara
713 4269 950 4384 suppuratio.
977 4273 1115 4380 Agunt
1135 4269 1240 4349 enim
1257 4267 1428 4348 caustica
1445 4267 1501 4346 hae
1518 4263 1627 4346 subs-

186 4383 327 4467 tantiae
351 4382 393 4461 in
419 4302 544 4465 solida
567 4410 613 4463 ea
633 4381 838 4494 crispando
861 4385 1029 4494 primum
1041 4440 1054 4485 ,
1078 4379 1170 4462 deiri
1190 4380 1307 4460 etiam
1325 4375 1562 4482 lacerando,
1585 4385 1629 4460 δε

184 4495 403 4604 liquorum
432 4488 685 4576 affluerilium'
703 4518 855 4576 mutant
886 4517 1080 4576 texturam
1110 4514 1340 4604 coguntque
1365 4493 1406 4570 in
1433 4488 1635 4598 liquidum

183 4610 365 4695 irritans.
393 4605 441 4685 Iri
459 4608 505 4688 iis
524 4605 618 4689 inde
640 4603 849 4689 subsidium
870 4605 1004 4714 quaerit
1023 4631 1081 4687 ars
1101 4596 1256 4686 medica
1278 4630 1358 4714 quo
1379 4599 1628 4686 artificiosam

184 4716 351 4808 efficiat
371 4743 440 4830 per
459 4745 625 4801 cutaiiea
644 4719 732 4802 uasa
756 4718 1067 4830 depurationem.
1627 4737 1633 4746 ·

248 4823 366 4917 Alibi
400 4825 516 4916 locus
551 4829 632 4914 sese
670 4833 812 4926 offeret
849 4829 899 4914 de
938 4826 1226 4930 cantharidibus
1246 4827 1471 5026 loqppndi.
1508 4827 1632 4913 Nunc

1396 4973 1461 5026 irx
