4250 5898
666 359 1156 454 CUTANEIS.

548 567 1095 660 ARTICULUS
1153 561 1271 652 Ill.

724 783 792 868 us
820 744 1108 898 centigamus

250 984 485 1106 Lentigines
511 989 637 1106 vulgb
657 935 786 1076 roches
811 992 856 1076 de
882 993 1047 1106 rouffeur
1073 991 1176 1106 apud
1200 987 1344 1076 Gallos
1371 993 1519 1105 diets,
1534 997 1636 1116 saepb

197 1129 294 1186 cum
322 1103 569 1220 ephelidibus
596 1105 895 1191 confunduntur
925 1108 975 1191 de
1002 1103 1144 1216 quibus
1175 1103 1253 1213 jam
1286 1109 1416 1190 aslum
1447 1113 1512 1194 est.
1551 1111 1633 1203 Sed

195 1214 310 1299 abiis
330 1221 506 1302 tamenst
527 1243 703 1303 naturam
725 1217 991 1325 consulueris,
1014 1218 1200 1303 differunt
1222 1217 1276 1302 ιο.
1298 1221 1409 1330 qubd
1429 1222 1632 1336 ephelides

194 1330 320 1412 aestate
356 1331 605 1439 crescentes,
638 1329 708 1415 sub
738 1335 873 1447 aprico
898 1339 941 1416 bt
965 1357 1102 1446 aperto
1124 1331 1209 1416 sole
1233 1331 1389 1417 vultum
1424 1341 1465 1418 bt
1494 1363 1635 1428 manus

193 1441 417 1555 puellarum
431 1445 626 1530 foedantes
632 1448 743 1560 ,post
756 1447 909 1558 hyemis
922 1449 1047 1560 prima
1065 1445 1214 1559 frigora
1225 1443 1350 1560 vulgb
1362 1448 1635 1563 corrigantur,
1701 1549 1704 1556 Ἰ

193 1553 398 1642 &abeant
446 1558 602 1665 uidem,
630 1561 700 1642 nist
724 1557 814 1644 datb
839 1560 1051 1643 occasrone
1075 1587 1159 1642 non
1188 1559 1365 1643 reditura
1391 1591 1404 1662 ς
1437 1563 1494 1646 2⁰.
1524 1563 1664 1676 qubd¹

193 1693 335 1753 manus
345 1731 360 1776 ,
380 1587 534 1755 vdtum
551 1679 733 1786 &partes
751 1671 964 1757 denudatas
982 1676 1135 1755 tantbm
1153 1697 1327 1788 occupet
1347 1673 1498 1788 ephelis
1508 1738 1524 1783 ,
1545 1675 1635 1766 len-.
1678 1700 1681 1708 ’

194 1781 341 1893 tigines
355 1785 472 1891 verb,
495 1782 592 1868 licet
610 1787 651 1866 in
674 1786 734 1869 his
756 1783 930 1900 partibus
949 1786 1067 1868 etiam
1087 1809 1133 1868 ut
1152 1783 1365 1899 plurimbm
1380 1789 1573 1897 emicent,
1590 1795 1634 1877 itt

194 1917 325 1976 totam
338 1921 471 1980 tamen
486 1922 619 1982 cutem
633 1895 898 2004 decumbant,
918 1926 993 1982 nec
1011 1897 1249 2012 dispareant,
1265 1896 1331 1981 sed
1346 1901 1431 1982 sixae
1446 1905 1637 2015 perstent3.
1770 1993 1772 2008 Ι

194 2004 259 2113 3⁰.
286 2007 446 2093 dembm
470 2009 580 2122 qubd
605 2008 806 2124 ephelides
830 2011 879 2093 ad
905 2037 1042 2094 omnes
1064 2008 1172 2119 aequb
1190 2007 1364 2116 juniores
1387 2015 1635 2126 pertineant,

193 2117 409 2235 lentigines
428 2125 526 2208 verb
548 2151 619 2232 eos
639 2121 790 2208 tantum
814 2123 1039 2208 adoriantur
1059 2125 1128 2234 qui
1150 2121 1240 2238 pilis
1262 2123 1356 2208 rufis
1368 2184 1385 2231 ,
1412 2125 1480 2210 seu
1502 2133 1632 2228 aureis

194 2230 408 2321 donantur.

153 2439 158 2446 ¹
256 2345 311 2430 Et
336 2347 444 2432 cette
468 2375 517 2433 ex
537 2347 693 2434 duobus
716 2344 926 2462 gemellis,
952 2345 1049 2430 alter
1074 2348 1159 2429 hoc
1186 2346 1327 2432 colore
1350 2347 1513 2458 rutilet,
1537 2349 1640 2435 alter

197 2456 296 2542 verb
309 2458 518 2566 fuscussrt,
539 2461 762 2570 eodemque
775 2461 1018 2543 nutrimento
1042 2459 1098 2542 usr
1119 2458 1265 2545 fuerint
1285 2467 1327 2543 dr
1351 2458 1490 2546 eidem
1509 2461 1638 2578 ptimd

197 2567 493 2656 elementorum
516 2576 826 2678 communione,
852 2570 949 2656 latet
967 2576 1008 2654 in
1055 2571 1264 2683 rimigenio
1286 2570 1454 2682 semine,
1482 2577 1523 2658 in
1550 2576 1639 2660 for--

197 2687 387 2768 mationis
411 2683 639 2769 rudimentis
664 2684 813 2796 aliquid
833 2684 943 2794 quod
966 2601 1056 2766 rusb
1080 2681 1221 2767 colore
1241 2683 1466 2772 rutilantem
1485 2686 1534 2772 ab
1554 2679 1638 2773 alio

198 2795 435 2913 distinguat,
460 2825 673 2908 cutemque
699 2797 898 2907 utribsque
923 2793 1189 2902 discriminet,
1213 2799 1530 2912 quodquoniam
1552 2831 1637 2887 non

198 2910 429 3016 insaniretis
449 2915 599 2995 tantum
610 2973 625 3019 ,
648 2910 715 2994 sed
730 2917 771 2994 bt
784 2912 826 2992 in
845 2907 1080 2993 morborum
1099 2909 1325 2998 differentiis
1347 2910 1494 3024 aliquas
1516 2917 1638 3004 inurit

198 3049 318 3109 notas
340 3020 585 3138 peculiares,
613 3021 889 3108 observatione
913 3021 1033 3106 liceat
1055 3021 1254 3216 prosequi.
1542 3033 1544 3040 ’

256 3135 404 3219 Flavus
438 3134 557 3221 color
590 3135 673 3221 sete
707 3133 891 3219 omnibus
920 3135 1056 3218 infanti
1087 3167 1132 3218 us
1165 3134 1442 3245 nascentibus,
1472 3142 1511 3229 in
1533 3145 1639 3228 'raris

198 3245 414 3365 sparsrsque
439 3248 590 3364 capillis
614 3249 839 3333 communis
862 3249 946 3348 est;
976 3274 1043 3331 aut
1067 3246 1226 3356 saltem,
1244 3239 1325 3333 ’etsr
1354 3249 1507 3360 aliquot
1535 3255 1639 3340 fusci

200 3362 433 3469 irascantur,
460 3389 565 3448 rarus
585 3363 637 3446 est
659 3365 726 3446 hic
746 3357 864 3446 color
886 3390 962 3476 prae
981 3361 1175 3444 flavorum
1197 3390 1377 3464 numero.
1406 3363 1495 3448 Imb
1521 3369 1637 3451 multi

199 3476 295 3558 sunt
310 3471 388 3581 jam
407 3475 636 3588 grandiores
655 3504 756 3585 quos
776 3473 883 3558 rusus
903 3471 1021 3586 color
1043 3480 1085 3556 bt
1105 3501 1243 3557 aureus
1267 3503 1393 3558 comae
1416 3479 1637 3594 distinguit,

203 3585 351 3700 quibus
371 3613 504 3670 tamen
525 3613 635 3672 atate
657 3585 734 3694 jam
758 3583 944 3671 adultiori
966 3583 1100 3696 capilli
1112 3646 1125 3689 ,
1151 3583 1247 3698 pili,
1270 3583 1465 3700 barbaque
1489 3595 1636 3704 nigres-

202 3725 306 3785 cunt
316 3761 330 3806 ,
353 3705 395 3782 δι
412 3701 492 3810 qub
512 3701 675 3811 quisque
692 3727 789 3812 puer
808 3700 931 3810 magis
953 3722 1064 3779 atate
1080 3696 1308 3802 invalescit,
1336 3704 1385 3781 eb
1410 3695 1644 3812 differentiae⁸

202 3817 327 3900 etiarn
346 3808 602 3896 notabiliores
632 3811 816 3894 evadunt.
847 3811 904 3892 At
924 3811 1101 3919 quamvis
1123 3809 1201 3893 smt
1226 3815 1366 3894 erroris
1393 3837 1499 3897 metu
1522 3817 1638 3928 poffit

202 3926 451 4043 pronuntiari
466 3924 724 4009 diversrtatem
767 3920 911 4004 ilotum
928 3923 1070 4036 pariter
1084 3919 1343 4007 diversrtatem
1358 3924 1457 4032 cutis
1476 3919 1644 4036 notare,

204 4047 302 4124 ciam
330 4036 547 4122 notabilem
575 4039 616 4118 in
644 3951 914 4119 accidentibus
945 4032 1243 4148 discrepantiam
1270 4063 1351 4116 non
1378 4035 1527 4122 indicet
1554 4045 1638 4126 hac

202 4149 505 4266 qualiscumque
528 4147 773 4254 differentia,
802 4149 973 4230 nostrum
998 4176 1081 4231 non
1103 4150 1156 4231 est
1177 4145 1237 4229 illi
1263 4149 1470 4259 inherere,
1494 4152 1639 4237 melio-

203 4265 316 4352 ribus
334 4263 463 4347 forsan
483 4262 685 4373 quondam
703 4258 1013 4362 observabuntur
1037 4257 1178 4342 oculis.
1346 4271 1349 4284 '
1475 4275 1478 4353 ἵ
1564 4300 1567 4308 ·

267 4381 324 4461 At
344 4377 425 4460 duo
451 4375 539 4458 sunt
559 4374 732 4488 pilorum
759 4370 918 4456 colores
942 4375 1009 4482 qui
1035 4370 1255 4466 accidentia
1279 4369 1345 4454 sua
1368 4371 1437 4456 srbi
1465 4362 1611 4462 babent
1623 4442 1645 4490 ,0

129 4512 141 4520 ‘
206 4499 252 4574 bt
273 4493 314 4571 in
335 4489 435 4570 cutis
454 4485 603 4588 morbis
628 4483 792 4569 notandi
816 4484 929 4590 sunt,
960 4483 1070 4594 qu'bd
1093 4485 1215 4576 cutim
1242 4482 1391 4578 stimme
1410 4481 1555 4574 uariare
1580 4493 1604 4591 s
1621 4544 1639 4558 -

208 4603 333 4686 ciant.
359 4595 531 4682 Colores
549 4599 607 4682 illi
626 4599 713 4682 sunt
730 4599 829 4703 rusi,
852 4595 917 4679 seu
934 4595 1170 4701 ruso-aurei,
1197 4603 1236 4678 dt
1261 4594 1438 4684 absoluta
1453 4607 1491 4685 ni
1523 4609 1575 4714 ti,
1597 4604 1648 4709 id

210 4707 290 4817 est,
306 4712 371 4820 qui
388 4711 542 4822 nigrum
558 4710 737 4796 colorem
755 4715 808 4794 ita
824 4708 1011 4814 referunt,
1028 4710 1198 4791 ucetiam
1210 4711 1457 4824 pigmentum
1478 4634 1643 4828 aliquod

209 4827 300 4912 cuti
316 4821 484 4908 inferant
492 4883 506 4932 ,
527 4823 594 4934 qui
608 4822 725 4910 color
739 4853 845 4910 rarus
861 4823 914 4907 est
930 4817 1180 4934 &aliquibus
1200 4821 1395 4939 prosapiis·
1401 4822 1653 4942 gentilitium·
