4228 5898
492 450 573 526 rod
739 429 1195 522 DE'MORBIS
1252 427 1649 522 CUTANEIS.

465 689 468 696 ⁴
500 659 504 670 ·
544 601 601 686 At
621 598 690 683 ubi
714 595 792 708 jam
830 601 873 682 in
896 598 1046 684 senium
1072 598 1201 710 vergit
1223 599 1380 706 homo,
1404 594 1476 683 ubi
1507 597 1655 684 cessant
1682 591 1917 680 mulieribus
1945 664 1954 681 .

489 717 705 822 menstrua,
731 712 1011 828 perspiratione
1026 709 1265 816 deficiente,
1286 711 1386 796 cutis
1399 715 1527 796 rursbs
1541 713 1701 796 vitiatur
1711 771 1726 817 ,
1747 713 1840 792 clun
1856 737 1919 793 ru*

478 855 547 942 rga
572 825 739 912 subeunt
749 888 764 932 ,
794 833 835 910 ἃ
851 819 1032 938 praesare
1052 851 1147 907 cum
1168 825 1333 908 homine
1346 827 1473 938 agitur
1495 824 1523 906 fi
1541 820 1720 908 nonalia
1741 823 1918 930 irrepunt

489 943 598 1026 vitia.
621 939 741 1023 Tunc
765 940 870 1023 enim
894 939 1022 1019 rursirs
1045 934 1163 1020 facile
1189 938 1290 1020 cutis
1317 938 1567 1043 intumescit,
1585 936 1763 1045 vasaque
1788 938 1942 1042 minsa,

489 1056 623 1168 pervia
643 1049 838 1165 turgents
887 1047 911 1133 ὲ
932 1049 1154 1133 varicosum
1179 1051 1221 1132 in
1240 1048 1431 1156 modum,
1449 1048 1664 1166 plexosque
1681 1047 1917 1162 sanguineos

489 1191 687 1250 tumentes
708 1173 750 1247 ὅ(
765 1078 909 1246 ctesias
932 1162 1137 1268 efficiunt,
1154 1159 1332 1272 aquibus
1355 1193 1495 1248 mucus
1509 1163 1709 1275 ¹funditur,
1725 1189 1808 1244 non
1822 1189 1918 1270 qua*

488 1275 537 1363 lis
560 1279 780 1382 infantum,
803 1299 948 1382 tenax,
973 1274 1040 1359 sed
1060 1279 1288 1390 compassus
1313 1285 1356 1360 ὅ(
1378 1273 1575 1362 nrberculi
1603 1276 1653 1361 ad
1675 1277 1786 1357 instar

487 1392 597 1496 scus,
625 1389 772 1496 durus,
796 1387 1068 1504 ponderosus,
1095 1401 1182 1472 aete
1206 1391 1337 1472 fixioti
1360 1387 1511 1486 scatens
1540 1393 1582 1473 bt
1601 1389 1649 1472 sae
1677 1385 1700 1471 ὲ
1722 1388 1765 1468 in
1788 1385 1851 1469 fur
1894 1413 1918 1468 r.

487 1501 633 1585 abiens.
654 1501 736 1586 Hic
756 1505 962 1618 herpetum
988 1502 1095 1585 varia
1121 1499 1374 1588 observantur
1395 1529 1568 1615 genera,
1587 1417 1821 1616 pbsvsioenae
1840 1493 1918 1580 mi*

484 1611 628 1720 liures,
649 1613 822 1698 serosum
847 1616 942 1728 crysr
971 1613 1079 1722 elas,
1107 1641 1197 1700 acre
1208 1676 1223 1720 ,
1250 1612 1400 1699 summi
1427 1643 1521 1699 cum
1540 1613 1801 1698 mordacitate
1820 1639 1916 1722 pru·

485 1730 588 1811 ricns
599 1789 613 1833 ,
639 1725 910 1833 intolerabile,
929 1643 1158 1842 linguinem
1178 1727 1345 1814 fundens
1364 1752 1627 1832 concretum,
1653 1720 1919 1810 melancholi-

485 1870 578 1924 cum
606 1847 648 1922 dt
670 1866 883 1954 gangrena
908 1840 1221 1926 minacissrmum.

492 1992 499 2002 ·
542 1951 797 2036 Tenacilsrmi
816 1953 904 2036 sunt
925 1956 965 2037 in
985 1950 1140 2037 senibus
1163 1951 1293 2036 morbi
1321 1953 1478 2036 cutanei
1494 1983 1506 2051 3
1522 1947 1622 2034 licbt
1641 1953 1747 2034 enim
1773 1937 1917 2062 partim

487 2059 725 2178 depuratorii
745 2065 843 2171 srnt,
871 2068 1012 2180 partim
1030 2069 1150 2150 etiam
1174 2064 1222 2150 ab
1247 2069 1328 2150 acri
1352 2061 1539 2177 acquisrd
1565 2071 1608 2146 ὅ(
1630 2061 1822 2184 degeneri-
1843 2059 1916 2144 hu-

484 2204 644 2260 morum
669 2178 903 2263 conditione
919 2177 1130 2294 pendent,
1160 2205 1237 2262 nec
1263 2174 1547 2264 revulsionibus
1569 2179 1808 2280 vincuntur,
1836 2202 1915 2260 nee

484 2289 695 2397 remediis,
724 2289 865 2402 quibus
892 2295 1021 2375 minus
1048 2285 1155 2405 patet
1184 2289 1314 2377 senilis
1345 2315 1434 2376 atas
1458 2288 1845 2402 quaeinstaurationis
1868 2295 1913 2372 dt

483 2405 752 2488 renovationis
787 2407 915 2488 minus
945 2433 1068 2518 capax
1100 2407 1165 2488 est.
1198 2403 1469 2488 Observantur
1493 2399 1590 2516 sapt
1617 2404 1660 2482 in
1675 2403 1679 2410 ’
1695 2397 1770 2484 hic
1802 2421 1914 2486 etate

483 2511 615 2598 morbi
637 2519 705 2625 qui
728 2522 861 2601 versus
885 2516 1166 2630 sexagesimum
1187 2521 1229 2600 in
1252 2518 1344 2602 viris
1364 2545 1525 2620 annum,
1552 2517 1687 2597 versirs
1712 2511 1913 2626 septuage-

482 2623 620 2710 simum
643 2631 686 2710 in
709 2628 909 2736 foeminis,
939 2627 1198 2742 phlysioenost
1221 2629 1376 2742 primo,
1401 2629 1493 2714 dein
1514 2625 1790 2740 supputantes,
1818 2625 1915 2714 diris

482 2738 721 2826 cruciatibus
736 2741 951 2856 horrendi,
973 2741 1040 2825 diu
1063 2750 1105 2826 bt
1170 2770 1328 2826 rannos
1340 2802 1355 2849 ,
1371 2743 1523 2828 variato
1548 2743 1698 2854 impetu
1720 2765 1825 2824 nunc
1849 2765 1911 2822 rc·

482 2850 763 2959 crudescente,
793 2881 899 2936 nunc
926 2857 1074 2937 mitiori
1128 2858 1296 2938 'vexant

546 2961 604 3071 Hi
629 2993 774 3076 corpus
796 2963 918 3048 senile
937 2967 1214 3070 immutantes,
1228 2995 1374 3050 novam
1400 2968 1557 3079 organis
1571 2965 1666 3050 ditm
1689 2961 1913 3050 adsciscunt

481 3070 778 3178 conditionem,
799 3071 900 3158 illud
929 3072 1060 3190 posted
1086 3077 1220 3160 sanum
1243 3076 1490 3188 relinquunt,
1515 3085 1558 3163 dt
1578 3080 1721 3162 sartum
1748 3078 1913 3162 tenum-

444 3265 449 3273 .
481 3209 559 3292 que
578 3183 627 3267 ad
641 3183 712 3270 lon
741 3189 932 3272 aevitatem
957 3187 1179 3300 disponunt.
1196 3187 1296 3275 Illos
1316 3190 1413 3306 sape
1435 3191 1568 3306 sapius
1582 3192 1663 3276 vidi
1682 3193 1724 3274 in
1745 3187 1911 3278 robustis

479 3295 681 3407 utriusque
703 3217 815 3382 sexsus
837 3300 1069 3405 individuis,
1092 3301 1252 3417 opipard
1276 3302 1475 3389 utentibus
1494 3303 1604 3410 virs,
1626 3333 1727 3416 quos
1747 3300 1912 3389 indubie

480 3407 707 3518 hujusmodi
738 3409 887 3497 auxilio
920 3411 1138 3527 legitimam
1174 3416 1247 3498 suae
1277 3421 1398 3502 atatis
1426 3417 1629 3504 samtatem
1659 3417 1823 3530 adeptos
1841 3419 1912 3502 -eo

478 3518 689 3607 dilucidiirs
708 3519 907 3634 judicavi,
936 3521 1044 3636 qub'd
1065 3553 1156 3612 ante
1169 3527 1302 3612 morbi
1316 3528 1430 3636 hujus
1454 3532 1703 3645 eruptionem
1720 3529 1908 3640 causarii,

459 3633 727 3750 -tardigradi,
762 3637 968 3751 podagrici
998 3641 1120 3724 essent
1131 3701 1145 3748 ‚
1180 3641 1271 3725 inde
1296 3645 1393 3726 verb
1420 3646 1462 3725 in
1496 3646 1686 3762 optimam
1713 3644 1910 3730 restitutos

476 3748 565 3834 vita
585 3749 862 3834 conditionem
882 3754 1042 3836 miratus
1065 3752 1229 3854 suerimt
1253 3759 1307 3838 ita
1331 3781 1376 3840 ut
1394 3757 1493 3840 mihi
1513 3755 1644 3842 nullus
1661 3753 1771 3840 dubii
1791 3753 1911 3844 locut

474 3859 718 3973 relinquatur
739 3863 832 3974 quin
855 3861 878 3946 i
897 3863 1011 3975 simili
1034 3864 1290 3978 deputatione
1309 3869 1425 3981 possit
1447 3872 1565 3953 etiam
1584 3871 1762 3983 podagra
1783 3869 1931 3982 persa·'

472 3976 586 4086 nari,
611 3981 654 4062 dt
681 3972 771 4082 illa,
794 4001 840 4060 ut
854 3985 896 4060 bt
911 3978 1056 4060 humor
1074 3977 1386 4066 melancholicus
1405 3981 1541 4064 senum
1565 3985 1606 4064 in
1621 3984 1724 4066 hanc
1739 3985 1912 4095 eruptio·

407 4181 419 4206 ο
474 4112 570 4169 nem
593 4093 716 4190 verti3
748 4087 814 4173 scd
860 4119 917 4173 ua
942 4087 965 4170 ὲ
987 4089 1208 4204 podagrico
1236 4095 1405 4178 humore
1431 4095 1605 4210 pendent
1623 4091 1765 4178 smiles
1786 4094 1912 4208 depu-

475 4201 648 4282 rationes
671 4198 800 4286 multb
822 4119 909 4318 pilus
938 4202 1132 4287 furfurum
1161 4211 1204 4288 bt
1234 4231 1348 4289 cretae
1376 4233 1549 4292 cutaneae
1570 4205 1781 4320 exhiboq,
1817 4235 1909 4317 quas

473 4304 525 4390 ab
547 4311 715 4396 humore
739 4313 1034 4400 melancholico
1079 4315 1139 4400 lus
1164 4321 1360 4402 cachexia
1383 4327 1425 4402 dr
1449 4319 1635 4403 dolorum
1663 4319 1906 4411 rodentium.

470 4417 520 4502 ln
548 4421 607 4504 his
627 4420 825 4508 affettibus
852 4347 1130 4541 incipientibus
1147 4429 1266 4515 febris
1286 4429 1472 4516 levissima
1497 4433 1666 4548 primum
1687 4436 1876 4548 reperitur
1885 4495 1906 4542 ,

470 4529 602 4646 possed
618 4534 724 4618 nulla
736 4572 747 4639 ς
761 4537 869 4648 viget
882 4545 1092 4670 appetitus,
1105 4547 1215 4626 urina
1229 4543 1367 4628 foetida
1380 4553 1422 4628 δι
1437 4546 1599 4660 copiosa
1612 4543 1797 4629 albicanti
1807 4545 1908 4632 sedi·

470 4669 609 4730 mento
624 4647 779 4762 infignis
793 4653 1008 4758 emittitur,
1030 4659 1130 4740 cutis
1146 4661 1283 4772 perstat
1297 4658 1417 4759 dura,
1438 4657 1570 4762 tensa,
1597 4658 1755 4798 aspera,
1781 4658 1907 4744 sudor

468 4760 553 4844 exit
567 4758 710 4860 nullum
723 4757 857 4846 valent
870 4761 998 4848 sensus
1013 4767 1169 4874 interni,
1179 4768 1314 4881 lingua
1325 4770 1413 4852 sana
1425 4773 1491 4874 esi,
1504 4772 1572 4854 nist
1581 4772 1688 4874 quod
1700 4771 1748 4854 ad
1762 4771 1908 4858 dentes

466 4895 635 4960 tartarea
647 4874 915 4964 concretionis
927 4881 1044 4992 copia
1057 4883 1195 4995 ingens
1209 4879 1424 4994 enascatur,
1438 4885 1643 4998 prasertim
1656 4883 1905 5002 podagricis.
