4246 5900
437 437 501 512 n
621 353 624 360 ’
690 409 1622 532 DE,0,M0RB=18·CUTANEIS.

447 588 559 680 ducit
572 586 788 702 erysipelas.
803 587 891 672 Sed·
904 585 1065 670 illorum
1088 585 1353 670 remediorum
1378 587 1430 670 stc
1443 584 1546 698 'saepb
1559 581 1664 670 ‘falso
1674 581 1876 668 dierorum

311 689 317 702 ’
447 699 597 806 titulo,
621 701 748 786 scelus
769 705 820 786 est
832 763 847 808 ,
876 727 959 782 non
979 724 1113 782 cutem
1138 700 1305 803 vitiare,
1331 698 1398 794 sed
1427 700 1515 810 ipsis
1541 725 1680 782 contra
1705 695 1876 781 nitorem

443 815 721 928 praeposterum
739 810 977 915 conciliare,
998 840 1092 893 curn
1107 807 1180 892 illa
1199 807 1398 916 indurati,
1417 837 1535 920 atque
1560 813 1602 893 in
1624 813 1725 894 corii
1744 814 1875 896 vicem

447 924 601 1010 firmani
614 989 628 1032 ,
641 924 828 1039 impulsus
850 923 1084 1005 vitiosorum
1107 919 1357 1004 humorumb
1374 925 1554 1035 corporis
1571 947 1709 1008 centro
1729 953 1872 1037 praepe·

446 1034 574 1141 ditur,
590 1041 776 1123 retinetur
792 1060 931 1118 contra
948 1037 1051 1117 intus
1067 1093 1080 1136 ‚
1098 1031 1264 1138 majores
1289 1035 1330 1114 in
1357 1034 1507 1117 viscera
1529 1038 1686 1120 neblens
1707 1038 1872 1124 insidias.

442 1167 443 1170 '
507 1147 564 1252 3⁰.
592 1149 652 1231 Ea
680 1177 762 1258 qua
793 1145 1021 1259 obstipantia
1047 1155 1088 1228 dt
1110 1149 1338 1229 coercentis
1357 1145 1761 1260 vocantur,duplicis
1784 1149 1874 1234 sunt

445 1263 601 1374 generis
616 1292 629 1360 ;
647 1259 720 1343 alia
734 1262 842 1343 enim
857 1261 1044 1342 humores
1059 1260 1161 1338 intlrs
1178 1255 1380 1362 deserunt,
1410 1267 1452 1342 br
1469 1241 1764 1344 absorbentibus
1778 1263 1873 1346 vasis

445 1371 656 1486 particulas
676 1372 876 1456 sufficiunt
896 1370 964 1453 seu
982 1365 1201 1452 moleculas
1211 1428 1227 1475 ,
1248 1366 1392 1478 quibus
1414 1397 1461 1452 ea
1476 1397 1502 1451 o
1531 1367 1714 1482 plentur,
1729 1373 1874 1456 nedum

445 1511 635 1570 exeuntes
659 1483 682 1567 ὲ
704 1509 876 1596 corpore
909 1485 1034 1565 atomi
1059 1479 1203 1593 pollrnr
1236 1477 1421 1564 exhalari.
1445 1481 1485 1563 T
1525 1507 1567 1566 es
1596 1482 1685 1566 sunt
1708 1511 1763 1566 eae
1790 1515 1875 1596 quae

445 1593 488 1680 in
511 1592 800 1680 humidioribus
825 1589 1073 1678 convallibus
1094 1617 1184 1675 toto
1210 1600 1253 1676 dt
1274 1591 1376 1676 male
1395 1596 1551 1677 munito
1572 1621 1743 1708 corpore
1764 1601 1876 1682 exci-

364 1741 371 1755 ·
445 1711 606 1822 piuntur
638 1705 788 1790 nebula
801 1769 816 1812 ,
838 1705 1020 1818 tempore
1050 1705 1258 1818 prasertim
1291 1704 1436 1818 frigido
1466 1704 1579 1788 simul
1612 1715 1653 1790 dr
1683 1709 1875 1812 humido,

446 1847 529 1932 quo
549 1847 735 1933 tempore
749 1817 857 1902 nulla
875 1819 1011 1902 saevior
1030 1820 1141 1932 pellis
1161 1820 1317 1954 exurgit
1330 1815 1558 1901 obturandis
1582 1817 1807 1926 canalibus,
1832 1830 1877 1906 dt

444 1935 497 2018 eb
512 1932 657 2017 funesta
675 1936 798 2045 magis
820 1927 936 2040 atque
951 1929 1187 2035 metuenda,
1210 1959 1291 2038 quo
1315 1928 1411 2044 sape
1435 1929 1676 2038 humiditas,
1698 1933 1817 2014 etiam
1833 1937 1875 2017 in

446 2041 580 2148 calido
615 2071 704 2129 aere
730 2045 998 2157 constringens
1033 2068 1152 2151 atque
1182 2039 1399 2154 obstipans,
1422 2071 1506 2126 non
1538 2069 1685 2152 aqueos
1723 2049 1874 2129 tantum

433 2147 643 2268 ¹¹vapores,
678 2155 743 2240 sed
762 2159 914 2270 impura
930 2154 1189 2238 etiaminsert
1202 2155 1400 2236 miasmata
1424 2183 1508 2264 quae
1532 2182 1704 2240 noceant
1721 2157 1803 2239 inrb
1830 2167 1872 2243 ὅ(

446 2271 568 2352 vitam
584 2269 705 2382 ipsam
725 2267 970 2382 pessumdent
979 2328 994 2372 ,
1009 2266 1121 2376 quod
1140 2265 1345 2376 quousque
1359 2262 1609 2379 elephantiasi
1620 2331 1634 2374 ,
1650 2276 1689 2352 ὃ(
1758 2269 1872 2354 ffimis

406 2452 410 2468 .
447 2377 600 2464 morbis
619 2384 794 2465 cutaneis
820 2380 1031 2464 inserendis
1056 2379 1171 2492 poffit
1189 2379 1397 2483 conferre,
1421 2374 1558 2483 &jam
1582 2378 1674 2465 alibi
1726 2383 1841 2466 ‘trun
1855 2441 1870 2488 ,
1970 2447 1973 2455 a

444 2486 491 2576 ’δι
511 2490 604 2576 alibi
622 2491 739 2576 sustin
759 2492 999 2608 expendetur
1022 2523 1031 2573 t
1055 2519 1137 2600 quo
1153 2489 1262 2574 sensu
1282 2494 1416 2573 omnia
1434 2520 1517 2598 quae
1536 2493 1716 2578 vasorum
1731 2517 1872 2578 tonum

448 2602 722 2719 infringunt&
736 2604 893 2712 laxant,
913 2607 967 2688 ita
986 2630 1029 2688 ut
1044 2607 1146 2686 attio
1161 2630 1301 2688 eornm
1321 2601 1547 2688 retundatur
1553 2665 1568 2710 ,
1582 2601 1667 2711 jure
1681 2603 1874 2720 obstipan-

446 2719 501 2802 tla
526 2744 813 2830 nuncupantur.
930 2777 934 2782 -
1048 2777 1052 2782 -
1859 2755 1864 2766 ·

503 2831 560 2914 At
580 2827 725 2913 alia&
749 2827 857 2914 mere
875 2831 1107 2914 mechanica
1130 2831 1385 2942 constipantia
1400 2853 1545 2941 agunt,
1569 2825 1635 2911 vel
1650 2826 1743 2911 diam
1766 2825 1873 2940 lym·

445 2941 565 3054 pham
585 2943 797 3022 haerentem
825 2938 1069 3051 coagulant,
1099 2967 1216 3049 atque
1236 2967 1390 3052 cogunt
1412 2941 1462 3024 ad
1484 2939 1666 3023 vasorum
1684 2941 1779 3024 ostia
1799 2943 1874 3026 hae-

445 3077 560 3154 rere,
587 3049 653 3134 vel
679 3050 773 3134 dum
793 3051 862 3163 ipsr
882 3054 1032 3134 exitum
1048 3050 1326 3136 intercludunt
1359 3053 1406 3136 In
1426 3055 1548 3166 priori
1574 3078 1720 3165 genere
1740 3057 1873 3137 conti-

446 3187 589 3246 nentur
608 3161 721 3246 acida
742 3165 930 3275 styptica,
959 3161 1051 3244 salia
1069 3187 1210 3248 neutra
1228 3163 1472 3270 aluminosa,
1499 3171 1540 3248 &
1568 3191 1693 3250 terrea
1711 3168 1873 3278 slyptica

446 3289 733 3384 quacumque,
758 3301 825 3358 aut
838 3277 958 3358 etiarn
977 3273 1172 3359 saturnina
1196 3311 1206 3358 t
1234 3280 1274 3358 in
1293 3279 1524 3391 posteriori,
1543 3273 1634 3359 olea
1653 3305 1736 3386 quae
1778 3305 1872 3364 oros

447 3384 697 3470 obturant&
718 3384 937 3494 claudunt,
961 3413 1025 3472 em
1054 3384 1183 3476 lastica
1205 3417 1288 3498 qua
1307 3389 1628 3503 perspirationem
1655 3310 1872 3491 cohibents

446 3499 625 3610 quamvis
645 3501 922 3612 experimentis
942 3499 1005 3582 affi
1034 3501 1089 3582 ub
1114 3509 1157 3584 δι
1181 3530 1276 3586 cum
1291 3498 1431 3613 magnai
1451 3495 1544 3585 curri
1561 3501 1738 3586 institutis
1757 3531 1872 3586 corn-
1914 3497 1918 3508 ⁸

446 3606 615 3724 probare
628 3607 745 3697 facile
769 3607 840 3718 srt,
855 3601 991 3696 oleosa
1009 3607 1270 3721 quacumque
1290 3614 1448 3696 humori
1470 3611 1708 3727 perspirabili
1723 3613 1873 3698 aditum

444 3724 515 3807 vix
529 3720 817 3829 intercludere,
844 3725 928 3810 imo
953 3729 996 3808 dt
1016 3721 1247 3833 quibusdam
1261 3727 1535 3838 experimentis
1561 3723 1640 3810 visa
1657 3725 1744 3814 sunt
1756 3725 1870 3810 illum

446 3833 654 3948 adaugere.
668 3831 750 3919 Sed
763 3833 831 3920 illa
845 3834 891 3918 ed
912 3839 1064 3922 ratione
1082 3863 1231 3920 nocent
1245 3897 1260 3942 ,
1275 3839 1385 3945 quod
1403 3839 1539 3922 calore
1561 3836 1720 3922 animali
1731 3865 1872 3951 perpe·-

445 3949 518 4028 tub
540 3947 732 4061 tepefacta
744 4009 759 4053 ,
780 3973 907 4062 partes
923 3941 1040 4031 facile
1054 3947 1322 4032 rancescentes
1338 3948 1567 4056 obtineant,
1589 3979 1673 4060 quae
1694 3979 1767 4063 pro
1797 3952 1874 4034 tie·

445 4082 568 4142 tatem
588 4059 774 4144 irritandi·
787 4062 1016 4170 acquirunt3
1031 4059 1213 4170 adebque
1230 4057 1508 4176 plerorumque
1531 4064 1673 4144 horum
1697 4089 1736 4143 m
1791 4067 1873 4146 'ca-

446 4195 672 4256 mentorum
689 4172 918 4258 oleosorum
940 4175 1043 4256 atrio
1062 4171 1112 4256 ad
1137 4175 1369 4258 irritantium
1394 4172 1551 4258 classem
1577 4173 1711 4258 referri
1725 4172 1870 4280 debet,

445 4307 565 4390 atque
580 4279 634 4364 ibi
654 4287 860 4368 numerari.
883 4285 991 4372 Inter
1010 4272 1203 4401 applicata
1226 4288 1323 4370 verb
1343 4311 1502 4372 externa
1522 4287 1752 4370 mechanica
1773 4281 1871 4398 [πρὸ

444 4390 671 4484 referendus
691 4395 743 4477 est
756 4399 1004 4512 ptaepollems
1027 4393 1191 4484 vestium
1218 4395 1431 4512 pilosarum
1457 4427 1524 4485 aut
1544 4399 1746 4484 mdiorum
1766 4395 1870 4484 usus.

442 4503 505 4588 Ita
524 4501 582 4589 ill.
608 4503 805 4621 Sauvages
833 4535 1012 4591 numerat
1027 4503 1242 4626 erysipelas.
1255 4513 1297 4594 in
1323 4538 1418 4597 cute
1440 4515 1600 4598 nascens
1622 4506 1871 4610 icollatium

442 4612 794 4702 ecclefiasticotum
817 4617 900 4704 usu.
924 4619 1062 4728 Quod
1077 4623 1284 4708 adomnes
1301 4622 1410 4732 aeque
1434 4627 1580 4710 referri.
1591 4625 1717 4738 potest
1731 4622 1870 4708 rudio-

443 4729 498 4820 ris
520 4729 680 4814 ananus
701 4757 879 4843 pannos,
903 4733 957 4815 ita
976 4757 1022 4814 ut
1041 4729 1088 4816 iis
1105 4732 1249 4820 diutius
1267 4735 1433 4822 insilere
1453 4736 1594 4820 inutile
1607 4738 1665 4820 srt.
1860 4812 1864 4826 .

442 4943 447 4952 ¹
497 4839 687 4956 Aliquam
708 4867 841 4932 tamen
861 4871 1064 4932 metentur.
1085 4849 1344 4962 attentionem
1369 4851 1471 4935 inter
1493 4847 1729 4936 morborum
1756 4870 1869 4940 curat
