4228 5898
449 425 1357 520 rurraoorrcrro.¹
1539 467 1612 551 η,

178 593 387 699 diffluant,
410 617 461 676 an
482 595 600 678 noctu
624 593 873 710 exasperetur
897 598 1066 711 pruiitus
1079 655 1092 704 ,
1115 625 1164 681 an
1182 596 1300 684 febris
1321 596 1465 705 subsit,
1490 621 1616 714 eaque

177 706 308 812 lenta,
332 731 411 790 nec
434 705 622 790 ailuosa?
645 707 722 792 His
742 709 857 821 signis
875 737 1038 794 mecum
1059 735 1227 826 peccare
1252 713 1417 796 crassitie
1435 715 1548 800 srnrul
1571 725 1616 802 bt

177 821 365 906 acredine
389 819 692 935 deprehendes:
716 822 881 936 gradum
905 823 1130 931 acredinis,
1165 826 1343 911 crassitiei
1369 826 1535 940 gradum
1564 853 1615 914 ex

177 933 292 1018 distis
324 931 646 1048 augurarisacile
668 938 754 1018 erit
780 933 890 1018 Thrn
918 940 1042 1022 menti
1069 935 1378 1024 obversabantur
1394 945 1506 1025 variae
1531 971 1615 1054 que

178 1048 339 1162 possunt
363 1050 523 1162 corpori
545 1047 804 1162 profundiora
823 1025 999 1136 sshalare
1021 1053 1129 1136 vitia.
1153 1052 1297 1164 Ingens
1324 1053 1374 1137 de
1401 1050 1468 1138 lue
1491 1083 1611 1141 vene-

179 1159 276 1266 rei,
295 1159 362 1246 vel
386 1157 651 1276 aparentibus
675 1159 865 1276 accepts,
887 1161 954 1248 vel
976 1192 1047 1279 per
1069 1168 1300 1278 contagium
1328 1161 1447 1250 srael
1467 1173 1613 1255 oriatur

178 1274 350 1390 suspicio
381 1279 396 1356 ἓ
423 1277 655 1358 Αιιιεεᾶειῃ
689 1277 814 1359 vitam
842 1272 996 1383 jubebis
1029 1275 1249 1362 revolvere.
1287 1279 1380 1363 Nee
1414 1279 1612 1392 piaculum
1735 1357 1739 1364 ,

181 1393 285 1494 erit,
302 1412 370 1473 aut
383 1387 617 1472 criminandi
632 1387 747 1473 locus
758 1449 773 1495 ,
796 1389 825 1470 sr
846 1393 887 1473 in
908 1418 950 1476 re
973 1387 1354 1502 incertdaliquandb
1379 1390 1525 1505 aliquid
1546 1397 1615 1480 de-

184 1501 290 1587 deris
322 1497 567 1607 conjedurae.
1059 1603 1062 1610 1
1450 1513 1452 1515 ’

174 1653 182 1668 ·
235 1615 388 1700 Verirnr
406 1613 502 1730 sape
523 1610 637 1698 causa
655 1611 803 1697 malurn
827 1618 1002 1699 excitans
1030 1612 1163 1698 frustrh
1189 1614 1324 1722 latuit,
1347 1643 1414 1700 aut
1441 1617 1613 1704 dissimu-

179 1726 291 1832 lata,
319 1753 387 1812 aut
415 1729 557 1812 mentis
584 1725 865 1840 perspicaciam
885 1727 1061 1812 eludens.
1082 1727 1237 1812 Adsunt
1254 1729 1516 1843 symptomata
1534 1738 1616 1818 evi·

179 1841 315 1926 dentia
328 1903 342 1948 ,
366 1836 771 1955 oculis-percellendo
798 1867 887 1956 apta
900 1905 916 1948 ,
934 1839 1076 1952 quibus
1103 1841 1220 1925 facile
1251 1841 1548 1956 deprehendes,
1564 1877 1613 1930 an

180 1953 271 2070 plus
295 1953 478 2039 acredine
492 2017 506 2060 ,
528 1983 576 2038 an
595 1949 685 2067 plus
702 1955 871 2039 crassitie
887 1981 1031 2070 peccet
1047 1952 1208 2071 lympha
1223 1953 1353 2039 morbi
1367 1955 1506 2041 sedest
1519 1961 1614 2071 quid

181 2071 297 2152 mixti
314 2093 364 2151 ex
386 2093 556 2178 utroque
578 2069 677 2150 vitio
698 2065 876 2152 habeat?
1420 2139 1423 2146 .

237 2183 295 2264 At
312 2177 497 2264 crasfities
511 2179 579 2264 illa
594 2180 755 2264 marcos
775 2184 917 2266 ecifiea
937 2183 1095 2298 propria
1116 2179 1184 2266 sua
1206 2179 1275 2264 fibi
1290 2177 1412 2264 habet
1427 2186 1628 2274 remedia.⁸

181 2293 271 2392 Posi
297 2291 461 2378 lenitam
490 2321 609 2406 atque
640 2297 725 2378 miti
758 2320 886 2379 caram
915 2323 985 2409 per
1017 2293 1272 2380 diluenda&
1301 2289 1453 2406 plantas
1473 2295 1614 2384 leviter

183 2405 463 2492 alcalescentea
491 2408 676 2519 (quando
706 2409 838 2493 uidem
873 2437 1015 2492 mueus
1037 2437 1107 2523 per
1130 2407 1173 2492 se
1196 2407 1244 2492 ad
1271 2405 1428 2491 acidum
1454 2415 1613 2526 vergit)

184 2521 474 2627 acrimoniam,
499 2437 744 2605 mercurialis
774 2551 823 2636 pa
852 2525 957 2606 inam
981 2521 1158 2637 implent.
1181 2517 1282 2604 Hac
1313 2522 1421 2604 enim
1446 2527 1487 2608 vi
1514 2551 1614 2609 atte-

185 2659 330 2720 nuante
358 2631 509 2718 summe
559 2635 720 2740 redita,
751 2636 779 2716 sr
809 2553 947 2720 finem
970 2638 1069 2718 intra
1094 2635 1322 2747 sanguinem
1348 2635 1613 2746 insrnuentur,

184 2752 237 2832 ira
260 2774 306 2832 ut
332 2775 408 2831 nec
432 2665 556 2830 nimii
573 2751 615 2832 ri
639 2746 885 2831 intrudantur
897 2809 912 2852 ,
941 2773 1017 2831 nec
1048 2745 1316 2861 agglomerata
1342 2745 1433 2829 suos
1454 2737 1614 2834 effesius

182 2859 349 2946 eludant
374 2887 664 2972 :quocumque
692 2860 840 2967 modo,
862 2857 1113 2971 qudcumque
1140 2855 1204 2944 viai
1225 2859 1274 2942 ad
1299 2855 1467 2973 lymphae
1493 2861 1616 2973 usque

182 2975 496 3088 vias'penetrare
518 3001 689 3085 queant,
717 3001 839 3057 muco
861 2975 1061 3058 tenuando
1087 2971 1237 3056 summe
1262 2973 1499 3075 inserviunr3
1531 2978 1615 3060 imo

182 3094 231 3174 dt
256 3083 466 3197 aliquandi)
489 3115 558 3202 per
583 3117 628 3172 os
658 3091 810 3201 integer
838 3091 1054 3172 mercurius
1074 3089 1208 3202 purior
1231 3113 1275 3170 ut
1299 3085 1521 3200 simplex&
1544 3119 1613 3173 na-

181 3203 290 3286 tivus
307 3199 516 3316 assumptus
532 3197 737 3286 salutarem
749 3227 935 3286 exercete
948 3200 1051 3284 visus
1062 3202 1123 3303 ,est
1139 3199 1322 3284 effaetum
1334 3261 1349 3303 ,
1361 3199 1521 3285 testante
1536 3201 1613 3286 Be·
1650 3283 1653 3296 ,

183 3315 347 3399 ηεάἱᾶο
360 3313 620 3398 Curtio.1nrb¹
631 3322 672 3397 bt
692 3316 855 3396 nimiirm
870 3317 1085 3428 protradus
1103 3316 1288 3396 mercurii
1302 3311 1392 3396 usus
1405 3315 1614 3423 quamdam

182 3429 285 3513 indit
298 3425 469 3544 lyrnphae
480 3425 757 3543 putrilaginem
776 3427 983 3512 fcetentem
992 3489 1006 3535 ,
1022 3453 1064 3510 at
1084 3423 1235 3510 summe
1252 3425 1470 3538 opposrtam
1490 3427 1639 3538 emili-2

185 3546 254 3627 aiei
272 3543 463 3657 partium.
1613 3567 1620 3578 ’

239 3659 317 3738 Ars
340 3657 382 3737 in
407 3680 459 3737 eo
488 3655 661 3737 consissit
682 3653 737 3739 1⁰.
755 3680 824 3762 ut,
843 3652 974 3738 crudis
997 3648 1181 3759 omnibus
1203 3655 1245 3734 be
1268 3650 1478 3734 erethismo
1492 3651 1615 3732 cons-

186 3771 307 3852 trislis
320 3829 338 3862 ‚
362 3795 446 3849 non
466 3763 697 3851 exhibeatur
772 3767 1024 3851 tentissrmum
1045 3766 1326 3880 pharmacum,
1347 3762 1416 3848 sed
1436 3765 1540 3878 pnes
1564 3762 1613 3845 li-

188 3879 335 3986 beros,
362 3907 410 3968 ut
426 3877 706 3992 poll'umus,e
738 3883 931 3966 ecerimus'
961 3905 1110 3963 meatus
1134 3884 1173 3961 bt
1202 3877 1324 3960 liuida
1355 3881 1525 3960 mitiora.
1555 3875 1616 3959 2⁰.·

188 3994 243 4078 Ut
261 4023 347 4105 rprae
368 3993 501 4107 sepitis
524 3993 704 4082 craffiriei
724 3996 851 4076 mixta
872 3995 924 4076 est
945 3992 1090 4076 acredo
1111 3999 1161 4075 bt·
1179 4017 1300 4101 quam
1321 3993 1513 4101 attingere
1532 4015 1616 4072 non·

187 4105 292 4192 valer
302 4109 537 4216 meremius,
554 4133 623 4220 per
637 4104 825 4191 diluentis
831 4169 848 4214 ,
863 4105 1127 4191 demulcentis
1136 4167 1150 4210 ,
1167 4101 1392 4214 antiseptica
1400 4159 1415 4208 ,
1429 4099 1613 4186 alcaiina-

185 4247 265 4329 que
287 4217 393 4303 levia
413 4219 650 4304 retundatur.
675 4221 799 4305 Seciae
822 4223 957 4326 enim,
980 4216 1179 4320 tenuando
1208 4213 1440 4321 crassitiem,
1462 4216 1613 4299 acredi·
1721 4289 1727 4304 .

191 4359 282 4418 nem
298 4332 427 4446 posset
440 4331 642 4416 intendere
657 4337 898 4432 mercurius3
917 4329 1057 4415 balnea
1071 4328 1203 4442 tepida
1216 4343 1266 4410 est
1285 4325 1385 4524 apud
1403 4327 1616 4444 purissimi,

187 4447 233 4528 in
262 4443 540 4558 athmosphcrb
566 4445 806 4531 moderatihs
834 4445 1011 4548 calente,
1036 4445 1210 4558 primurn
1227 4443 1293 4525 hle
1333 4467 1455 4525 oerun
1487 4465 1617 4527 oecua

185 4585 298 4673 pant.
318 4556 459 4642 Pohea
479 4556 790 4676 perlaeiicirria,
812 4557 947 4642 dulcia
964 4555 1158 4640 farinacea
1183 4581 1231 4640 ex
1252 4555 1439 4663 hordeo,
1464 4556 1611 4666 aveni,

185 4668 343 4784 oryzd,
363 4671 508 4786 sagon,
525 4671 629 4788 salep
639 4737 654 4780 ,
670 4669 831 4782 aliisque
851 4667 1078 4779 hujusmodi
1098 4667 1359 4754 nutrientibus
1386 4670 1616 4755 retundatur

184 4784 338 4870 acredo
365 4793 408 4868 &
430 4790 701 4901 premuniatur
731 4815 876 4901 corpus
910 4784 1092 4870 adversita
1126 4782 1389 4896 potentiffime
1429 4781 1614 4877 diluentis

185 4895 438 4986 feminaetelli
469 4898 630 4986 effeetus
661 4897 977 5014 qualescumque.
1007 4899 1084 4986 His
1116 4899 1279 5014 peraslie
1306 4901 1435 4982 rursbs
1459 4917 1619 5010 tempus
