4188 5916
622 450 939 538 'C'U'T'A‘N
966 451 1002 538 E
1029 453 1052 537 Ι
1079 447 1144 536 Si'
1418 535 1421 542 ,
1522 455 1603 566 383

170 604 300 704 sanati
322 609 415 732 uisa
435 609 554 720 sunt,
580 637 626 698 ut
656 613 749 700 alibi
784 615 931 702 diuum
961 621 1025 704 est.
1061 619 1168 702 Cum
1194 613 1387 732 uitiligine
1414 621 1456 702 dt
1481 618 1602 736 ulpho

174 727 370 812 confundi
390 726 543 810 facilius
566 725 681 814 soret.
705 729 855 814 Verum
872 733 914 815 in
933 729 1127 845 uitiligine
1151 728 1268 816 color
1286 729 1458 846 pilorum
1478 760 1604 818 muta·

172 863 236 922 tur
246 900 262 944 ,
284 842 386 936 &in
402 837 536 922 album
554 844 738 946 vertitur,
758 843 843 928 imi)
857 841 1084 927 aemulantur
1105 840 1175 959 pili
1191 841 1416 956 lanuginem
1437 879 1449 944 3
1472 847 1513 929 in
1528 845 1602 930 ele-

173 953 362 1065 phantiasi
379 951 579 1036 decidunt.
596 951 765 1067 Vitiligo
781 953 935 1038 macula
950 958 1002 1039 est
1017 964 1059 1039 &
1075 981 1224 1071 partem
1238 962 1388 1040 tanturn
1408 965 1603 1073 occupat,

175 1058 336 1178 elephas
354 1066 406 1148 est
421 1060 583 1148 morbus
596 1065 716 1150 totiirs
730 1065 940 1176 substantia
959 1071 1072 1153 cutis.
1086 1067 1255 1184 Vitiligo
1278 1073 1404 1154 cutim·
1419 1069 1603 1184 deprimit

175 1183 219 1260 ὅ(
236 1179 459 1277 contrahit;
477 1175 636 1292 elephas
655 1176 793 1262 contri
806 1179 980 1287 indurat,
1001 1178 1169 1297 inspillat
1180 1243 1194 1288 ,
1215 1179 1373 1266 attollit.
1395 1182 1505 1268 Hinc
1521 1183 1601 1270 ele-

203 1291 271 1372 has
296 1286 458 1373 morbus
482 1292 535 1374 est
558 1293 699 1374 unicus
723 1298 763 1375 dt
780 1290 1046 1408 ·suaespeciei,
1072 1298 1126 1377 ita
1147 1320 1192 1378 ut
1211 1323 1286 1378 nec
1307 1293 1477 1381 Gilberti
1488 1359 1502 1403 ,
1525 1326 1602 1381 nec

174 1317 342 1488 bekketi
366 1401 592 1486 differentia
620 1402 865 1488 admittendae
890 1407 964 1488 srnt
986 1412 1067 1512 (a),
1096 1408 1179 1489 imo
1199 1419 1274 1515 hec
1302 1406 1383 1522 ipsa
1411 1407 1600 1518 Paracelfi

175 1514 366 1597 distinctio
382 1517 423 1596 in
438 1511 595 1597 rubram
609 1513 806 1600 &albam
826 1517 981 1601 Gradus
994 1521 1145 1601 tannim
1160 1518 1363 1624 differunt,
1386 1523 1439 1603 ita
1458 1546 1502 1604 ut
1516 1551 1601 1632 gra-

172 1628 325 1712 vilsrma
340 1626 601 1710 &foedissima
614 1631 656 1711 in
670 1625 1033 1743 Syrii&AEgypto
1048 1630 1229 1737 savierit,
1244 1633 1435 1715 remiffior
1448 1632 1602 1718 ltaliam
1642 1729 1643 1734 Ν

173 1737 277 1822 olim
297 1746 339 1822 ἃ
354 1737 485 1853 postea
501 1737 700 1845 Galliam,
722 1739 908 1853 Angliam
917 1803 931 1847 ,
956 1742 1232 1849 Germaniam,
1253 1743 1492 1857 singulariter
1504 1749 1601 1840 verb

174 1848 569 1966 Gallo-provinciam
589 1859 630 1935 ὃ(
649 1851 863 1966 Hispanica
880 1850 1015 1938 littora
1034 1854 1240 1939 invaserit:
1261 1859 1490 1970 contagiosa
1508 1861 1602 1942 inti-

172 1965 295 2048 miori
306 1967 488 2048 contattu
498 1993 593 2052 eum
608 1962 768 2078 leprosrs
781 1965 1049 2050 contrahenda
1061 1969 1113 2052 erl
1117 1982 1138 2076 ,⁸
1146 1997 1229 2052 non
1242 1971 1363 2076 verb,
1379 1997 1424 2052 ut
1436 1969 1601 2057 volebat

170 2077 370 2183 Aretaeus,
391 2080 597 2160 communi
615 2081 711 2160 aeris
729 2079 992 2194 inspiratione.
1446 2154 1450 2164 .
1539 2143 1544 2150 -
1597 2133 1601 2140 ·

174 2249 177 2256 -
229 2188 665 2304 Necambiguaestpro
695 2194 810 2274 nosrs.
826 2189 925 2274 Fere
937 2190 1188 2275 insanabilem
1202 2191 1414 2277 credebant
1423 2220 1575 2281 veteres
1581 2261 1596 2306 ,

171 2308 218 2388 bt
236 2305 322 2409 post
346 2300 573 2416 longissima·
590 2221 719 2384 morbi
740 2303 886 2387 fastidia
912 2305 1023 2386 certb
1045 2312 1087 2386 δι
1114 2302 1324 2388 crudeliter
1348 2304 1598 2411 lethiferam3

171 2417 229 2498 ita
252 2439 386 2500 tamen
406 2441 452 2498 ut
474 2417 649 2498 Aretaeus
674 2413 815 2498 scribat
839 2414 960 2529 ipsam
981 2443 1050 2527 per
1074 2413 1301 2530 sphacelum
1323 2419 1426 2500 finiri
1439 2479 1455 2524 ,
1490 2422 1602 2530 quod·
1640 2461 1644 2469 ¹

170 2524 356 2642 polllbile
380 2555 463 2610 non
488 2529 740 2638 negaverim,
797 2555 838 2611 er
868 2529 1080 2642 phthisim,
1112 2524 1263 2611 febrem
1290 2531 1525 2638 nervosam,
1557 2541 1600 2618 bt

168 2641 397 2754 hydropem
416 2557 795 2749 Avicemassquod
803 2665 944 2722 naturae
961 2642 1083 2772 magis
1100 2638 1320 2722 consonum
1340 2643 1404 2723 est.
1427 2643 1491 2725 Εὸ
1512 2645 1600 2728 diu·

171 2755 329 2840 turnior
348 2757 401 2837 est
420 2747 605 2856 morbus,
625 2753 706 2861 quo
721 2752 923 2835 sanitatem
936 2780 1061 2865 magis
1079 2753 1262 2834 intaslam
1277 2747 1490 2863 relinquit:
1513 2754 1601 2839 lon-

172 2868 346 2982 gaevitati
376 2891 508 2949 tamen
540 2866 670 2975 potius
702 2863 851 2969 obstat,
877 2859 997 2974 quiam
1024 2861 1177 2947 lethum
1202 2863 1340 2968 affert,
1370 2867 1439 2946 nist
1469 2864 1598 2976 aliqua

170 2983 375 3064 succurrat
395 2979 607 3062 curationis
630 2978 947 3087 methodusquae
969 2978 1119 3060 incerta
1139 2971 1415 3089 utplurimum
1437 2985 1478 3060 ὅ(
1501 2984 1605 3093 peri-r

170 3090 322 3180 eulosa.

226 3205 261 3288 F
263 3201 365 3287 acile
386 3205 482 3289 verb
528 3229 608 3289 atet
628 3203 760 3317 qubd,
789 3201 924 3284 fifieri
946 3197 993 3282 ab
1017 3197 1147 3309 aliqui
1170 3227 1251 3283 arte
1271 3199 1388 3316 pollit
1411 3199 1600 3318 elephan-

172 3309 317 3403 tiaseos
336 3233 591 3431 retropullro,
608 3316 760 3402 nullum
778 3311 883 3396 aliud
893 3374 909 3419 ,
927 3337 1062 3429 praerer
1076 3309 1241 3395 subitam
1255 3337 1453 3421 mortem,
1473 3315 1602 3433 symp,

172 3457 285 3514 roma
305 3433 520 3514 immineat.
547 3421 758 3544 incipienti
782 3421 955 3532 morbo,
979 3427 1225 3508 curationem
1244 3424 1419 3509 adhiberi
1438 3428 1603 3513 volebat

173 3545 350 3627 Aretaeus
366 3541 446 3646 (b),
467 3568 543 3624 nec
564 3535 730 3626 omnino
750 3534 976 3652 desperabat
993 3534 1094 3619 solvi
1114 3563 1201 3618 eam
1222 3537 1343 3650 posse.
1373 3537 1600 3626 Inveterato

174 3653 286 3739 nulla
299 3655 383 3768 spes
401 3649 626 3764 affulgebat.
644 3652 759 3736 Unde
777 3651 981 3735 curatione
996 3649 1329 3734 vehementissimi
1346 3648 1477 3734 voluit
1492 3684 1600 3738 mor-

174 3768 277 3852 bum
300 3764 472 3870 adoriri,
498 3791 654 3849 veratro
675 3763 829 3847 scilicet
850 3759 1065 3845 secundum
1085 3764 1336 3869 antiquorum
1365 3764 1601 3848 methodum

172 3878 279 3986 jussrt
297 3880 494 3960 vomitum
511 3877 554 3959 in
571 3875 819 3991 elephantiasi
840 3876 921 3956 inci
947 3875 1054 3957 iente
1069 3875 1284 3980 concitari,
1311 3875 1600 3984 omniquidem

173 4017 379 4104 tempore,
393 3989 619 4074 seducte&
633 4015 822 4073 autumno
837 3901 1387 4100 praesdrtimmethodumque
1401 3988 1502 4069 hanc
1517 4018 1601 4074 non

174 4101 373 4208 unitrice,
389 4099 456 4186 sed
469 4100 604 4186 iterati
614 4103 822 4218 proponit,
836 4101 921 4183 imi)
935 4107 975 4183 ἃ
989 4101 1030 4182 in
1040 4117 1184 4183 annum
1199 4099 1340 4182 differt.
1351 4099 1443 4181 Nec
1456 4102 1599 4184 mirum

171 4217 205 4300 li
224 4214 273 4300 ab
297 4213 377 4298 atri
398 4212 478 4298 bile
498 4215 736 4330 pendentem
761 4210 945 4297 morbum
969 4211 1151 4296 remediis
1169 4234 1291 4292 atram
1313 4207 1434 4293 bilem
1455 4239 1599 4327 expur-

87 4315 96 4324 ’
204 4326 359 4412 antibus
382 4329 543 4411 vincere
563 4327 741 4410 studeret.
770 4327 889 4408 Venae
915 4351 1047 4408 tamen
1069 4323 1282 4404 sessionem
1300 4321 1535 4406 uberrimam
1557 4333 1600 4414 tit

168 4360 285 4526 Vadis
304 4439 418 4523 usum
439 4443 554 4524 tantis
574 4436 755 4522 remediis
774 4438 1087 4549 praeparatotium
1104 4430 1193 4515 ante
1212 4434 1445 4545 praescribit3
1461 4434 1601 4523 balnea

168 4551 308 4668 pollei
326 4581 375 4636 ex
394 4551 539 4666 sapone
561 4547 723 4635 Gallico
747 4549 917 4662 conflata
937 4553 978 4629 ὃ(
999 4547 1168 4630 thermas
1187 4543 1412 4657 sulphureas
1429 4549 1472 4631 in
1488 4533 1601 4634 usum

169 4666 373 4752 advocat:
398 4668 557 4748 interius
573 4665 670 4750 verb
687 4691 779 4746 cum
795 4661 900 4745 vitiu
916 4656 938 4742 ὲ
956 4655 1135 4746 camibus
1152 4658 1306 4772 ferinis,
1325 4661 1469 4777 magnai
1486 4660 1601 4750 laude

216 4820 273 4902 (a)
296 4820 373 4884 Vide
389 4823 447 4882 lot.
462 4821 538 4882 citat.

212 4902 274 4980 (b)
295 4901 359 4966 Lib.
378 4923 416 4976 a,
436 4901 470 4964 de
488 4897 555 4966 Cur.
571 4897 690 4966 diuturn.
706 4898 797 4963 Morb.
813 4918 875 4983 cap.
893 4917 937 4980 ¹3.
1037 4999 1038 5004 γ
