4228 5898
158 2661 163 2672 ,
208 2571 436 2684 dignitatem
454 2571 634 2706 usurpare
646 2635 661 2680 ,
684 2571 741 2656 nil
763 2571 923 2657 demirm
947 2602 1027 2685 quo

655 377 1189 486 corausto
1568 403 1643 496 re

206 533 385 635 ¹etru'n‘dat
413 535 678 654 mdequaqus
704 545 853 644 humor
875 543 1107 635 morbificus
1119 605 1134 654 ,
1166 552 1208 633 &
1236 547 1279 632 in
1312 543 1381 633 ius
1394 593 1399 600 ·
1413 545 1645 656 ferocientis

147 659 150 666 ’
205 652 339 748 ¹morbi
370 653 620 742 vehementis
651 655 915 774 multiplicato
943 657 1139 742 fermento
1163 660 1293 767 cutis,
1323 685 1367 748 ut
1393 688 1532 759 omnes
1558 661 1641 748 aliae

200 792 360 882 partes,
391 764 521 850 labem
543 770 737 902 concipit
762 769 864 881 Qua
887 773 979 852 cum
1007 768 1149 967 qnuplex
1172 769 1404 858 morborum
1428 773 1479 859 ad
1503 801 1640 864 cutem

207 875 492 993 appellentium
505 883 620 996 origo
636 885 795 968 maximi
814 884 855 966 in
868 880 1009 968 Medic
1092 883 1138 966 srt
1151 888 1369 992 momenti,
1389 884 1641 999 difficilisque

204 992 272 1076 dia
301 994 404 1083 uosrs
430 990 560 1106 plures
593 998 635 1078 in
667 997 842 1080 errorem
872 1023 955 1076 non
985 996 1065 1079 stne
1093 999 1185 1080 aeti
1220 995 1365 1082 damno
1401 995 1638 1113 abripuerit,

205 1101 286 1202 lice
314 1108 346 1189 it
367 1103 454 1190 illas
472 1109 743 1222 venari'srgnia
767 1135 968 1218 nunquam
985 1025 1191 1194 fallacisus
1212 1115 1255 1194 bt
1278 1111 1433 1198 indiciis
1454 1112 1643 1228 prosequi

204 1216 467 1332 generalibus.

205 1421 208 1428 ,
265 1331 439 1441 Quoties
456 1335 602 1417 humor
620 1328 733 1414 srmul
752 1337 793 1416 bt
811 1333 1032 1418 funfflones
1051 1338 1222 1423 internas
1236 1335 1410 1420 adoritur
1427 1342 1469 1419 δε
1489 1341 1637 1447 cutim,

201 1445 234 1544 3sr
263 1475 313 1530 na
345 1442 407 1540 ab,
428 1469 681 1532 excretorum
715 1443 850 1531 naturai
877 1446 1080 1555 deduces,
1116 1477 1273 1534 memor
1304 1448 1501 1533 sententia
1529 1448 1637 1538 illius
1689 1464 1691 1468 ’

204 1473 532 1752 lfippocraticae,
562 1556 703 1670 quibus
730 1556 936 1645 tubercula
963 1565 1188 1672 eruperint,
1214 1587 1375 1664 excreta
1398 1562 1560 1676 inspice.
1592 1565 1639 1650 si

207 1669 290 1752 simi
311 1673 346 1754 ‘a
378 1669 477 1758 sanis
512 1671 680 1780 suerint,
708 1663 812 1756 alere
840 1698 970 1756 tutum
995 1675 1048 1756 est
1077 1681 1153 1780 (o).
1196 1673 1467 1760 Veritmantb
1503 1680 1639 1762 omnia

204 1779 355 1868 summs
390 1782 483 1869 curi
519 1783 798 1869 attendendum
834 1787 888 1868 est
923 1813 972 1868 an
999 1789 1306 1900 phoenomenon
1345 1784 1555 1897 quodlibet
1569 1875 1573 1880 ,
1587 1788 1639 1882 ad

205 1921 340 1979 cutem
379 1899 563 1981 criticum
598 1899 669 2007 fit,
706 1923 773 1982 aut
801 1896 879 1982 esse
908 1897 1069 2012 poffrtl
1108 1898 1202 2010 Qui
1230 1898 1391 2010 quidem
1425 1903 1467 1984 in
1495 1901 1637 1986 summi

202 2011 401 2106 momenti
442 2009 707 2120 disquisitione
732 2005 953 2123 'generales
999 2010 1061 2112 ab,
1090 2011 1339 2130 Hippocrate
1379 2019 1421 2108 &
1467 2016 1637 2123 antiquis

205 2149 278 2234 pro
308 2123 421 2206 osrtas
445 2120 597 2238 regulas
623 2119 808 2208 adhibere
833 2123 1086 2214 necessarium
1107 2127 1171 2210 est.
1198 2126 1265 2208 Eae
1288 2121 1522 2212 universales
1546 2125 1641 2210 sunt.

193 2241 248 2330 2&
266 2151 315 2317 ab
336 2233 519 2321 omnibus
537 2239 722 2349 cognitae.
749 2233 823 2319 Nil
846 2235 956 2346 quod
983 2238 1106 2338 statim
1128 2263 1308 2353 appareat
1330 2238 1407 2324 esse
1429 2241 1636 2344 criticum,
1689 2313 1693 2322 .

206 2345 263 2431 nil
290 2347 402 2457 quod
432 2377 512 2432 non
544 2345 783 2434 levationem
816 2347 1121 2464 symptomatum
1155 2350 1315 2457 afferat,
1348 2349 1405 2433 nil
1463 2382 1604 2454 aucum
1617 2414 1633 2460 ,

204 2485 274 2542 aut
300 2459 423 2544 causae
447 2463 488 2542 in
511 2462 732 2568 funsiiopes
756 2459 901 2546 furenti
931 2491 1014 2545 non
1068 2461 1339 2575 ropottionale
1359 2493 1413 2576 po
1446 2462 1637 2552 ecriseoa

1030 2493 1065 2658 d
1074 2577 1218 2681 urinas,
1245 2601 1311 2658 aut
1335 2580 1479 2682 cotta,
1497 2603 1565 2660 aut
1585 2577 1637 2684 ad

202 2687 430 2770 tottionem
459 2683 651 2770 inchnatae
681 2715 765 2770 non
797 2686 1042 2798 srgnificent,
1074 2715 1159 2796 quae
1186 2683 1347 2796 quidem
1374 2688 1479 2812 srgna
1504 2687 1635 2782 defer-

91 2817 94 2826 ’
161 2793 165 2800 ’
204 2793 326 2882 buisse
341 2796 618 2906 erethismum,
633 2798 723 2906 seu,
738 2799 946 2908 utanuqui
967 2795 1256 2910 loquebantur,
1277 2827 1361 2884 non
1378 2827 1456 2907 Jam
1471 2800 1635 2892 crudam

207 2909 285 2994 effe
310 2912 527 2996 fluxionem
552 2911 739 2998 indicant.
772 2910 922 2994 Verum
951 2913 995 2994 in
1020 2908 1213 3004 cruditate
1237 2908 1368 2997 morbi
1394 2910 1503 3004 nulla
1529 2914 1637 3000 crista

208 3023 444 3136 expetlmda
465 3025 517 3108 est
538 3056 551 3125 ;
572 3027 844 3124 exanthemata
857 3052 956 3138 ergo
982 3022 1124 3135 quibus
1148 3025 1231 3140 haec
1251 3024 1389 3111 desunt
1408 3027 1521 3138 figna
1535 3031 1633 3138 pr'ae·

200 3135 270 3234 2via
283 3197 299 3241 ,
330 3162 493 3222 notante
521 3135 770 3254 Hippocrate
783 3201 799 3244 ,
836 3166 921 3220 non
952 3140 1053 3221 inter
1079 3132 1279 3229 deleaute
1307 3129 1531 3246 abscessus,
1563 3138 1634 3224 sed

203 3249 305 3332 inter
328 3247 492 3335 morbos
519 3249 751 3339 numerabis.
778 3247 872 3334 Lib.
900 3282 937 3334 2.
963 3249 1183 3334 Prothetic.
1399 3337 1402 3344 ,

201 3449 205 3460 ‚
258 3359 478 3446 Difficilius
507 3366 559 3448 est
586 3363 743 3469 forsan,
764 3361 971 3476 prasertim
999 3364 1046 3446 iis
1073 3365 1141 3473 qui
1168 3360 1380 3456 adnaturae
1406 3363 1480 3446 iter
1503 3364 1632 3448 minias

203 3472 433 3581 attendunt,
449 3503 519 3560 eos
531 3475 764 3590 dignoscere
775 3500 917 3558 naturae
930 3501 1062 3558 motus
1072 3478 1139 3585 qui
1152 3479 1261 3580 cbm,
1277 3500 1344 3557 aut
1357 3472 1539 3558 salutares
1554 3473 1632 3562 esse

204 3585 370 3698 poffint‚
391 3613 458 3671 aut
469 3591 627 3695 nocivi,
642 3613 869 3672 nontamen
883 3589 1010 3670 critici
1026 3587 1114 3671 sunt
1125 3619 1138 3687 3
1150 3586 1177 3669 sr
1190 3587 1318 3670 critici
1332 3586 1430 3690 smt,
1447 3615 1529 3668 non
1544 3585 1632 3700 pos·

203 3697 292 3782 sunt
306 3725 441 3784 tamen
454 3703 619 3785 omninb
633 3698 818 3784 morbum
830 3694 974 3784 tollere
989 3731 1001 3799 3
1018 3701 1144 3809 hique
1159 3698 1376 3803 recidivas,
1392 3695 1452 3781 illi
1470 3701 1633 3786 errantia

198 3837 349 3922 'naturas
367 3809 580 3898 tumultum
598 3813 827 3928 significant.
853 3811 1071 3921 liquidem
1094 3837 1226 3896 motus
1249 3807 1297 3894 ab
1322 3811 1500 3894 humoris
1523 3839 1633 3894 mor·

202 3919 313 4006 bifici
336 3920 472 4008 naturd
521 3952 613 4009 uem
635 3928 737 4008 cutis
757 3926 888 4038 partiri
914 3924 1029 4037 pofflt
1053 3923 1297 4038 pendentes,
1325 3924 1376 4006 eb
1398 3925 1522 4035 magis
1547 3919 1632 4008 illu-

205 4033 325 4141 dunt,
358 4037 466 4146 quod
494 3955 591 4152 sape
616 4033 859 4152 temporibus
883 4036 1239 4144 verarumscrisrum
1262 4062 1497 4148 appareant,
1523 4033 1635 4159 qubd

204 4146 313 4260 spem
341 4175 536 4262 augeant,
567 4151 650 4233 irnb
677 4157 719 4231 bt
744 4146 921 4232 insalsae
948 4144 1191 4234 medelarum
1217 4149 1518 4230 aromaticarum
1546 4177 1633 4231 me·

201 4261 354 4361 rhodos
389 4291 512 4374 egros
546 4261 773 4366 deducant,
815 4287 933 4370 atque
964 4265 1006 4350 in
1038 4257 1186 4354 morbis
1218 4261 1394 4347 cutaneis
1426 4258 1633 4373 prasertim

203 4398 381 4457 errorem
409 4372 543 4460 multis
571 4372 794 4458 adhucditm
822 4369 979 4485 populis
999 4371 1199 4468 ,funestum
1222 4369 1490 4484 produxerint.
1576 4413 1581 4434 ²
1615 4401 1618 4408 ·

203 4557 210 4566 .
256 4486 307 4568 In
335 4489 382 4572 iis
411 4513 509 4600 ergo
539 4485 817 4600 dignoscendis
845 4485 942 4567 stent
974 4485 1094 4568 firmae
1133 4507 1249 4594 atque
1288 4487 1426 4568 animis
1463 4485 1633 4581 haereant

206 4595 264 4682 ba
289 4596 433 4712 regular
458 4603 657 4714 primarie.
690 4593 992 4696 Salutaresesse
1014 4594 1122 4710 posse
1145 4599 1371 4710 eruptiones
1396 4595 1446 4682 ad
1467 4623 1630 4702 cutem,

207 4736 283 4799 nec
309 4737 443 4796 tamen
476 4714 653 4821 criticas,
687 4741 771 4823 qua
797 4708 1091 4802 defervescente
1114 4707 1325 4806 erethismo
1347 4712 1560 4815 eveniunt,
1589 4715 1632 4793 ὃ(

203 4865 619 4954 .(ι)ΑρΙι.ις,διᾷ.ι.
1400 4884 1441 5026 ‘Y
1509 4895 1560 4936 ’π
