4186 5908
659 449 1154 547 CUTANEIS.
1535 503 1621 558 221·

182 615 276 733 repe
311 611 503 732 apparitio
535 640 618 700 non
650 611 748 700 levis
782 642 899 728 atque
927 617 1046 705 facile
1076 619 1267 728 evanida,
1306 623 1373 710 sed
1409 632 1586 716 constans
1600 627 1631 741 ,Γ

181 735 264 814 imis
292 759 364 845 per
395 727 546 812 menses
576 755 694 840 atque
719 758 843 816 annos
872 731 1058 818 durabilis
1095 761 1264 850 apparet.
1296 737 1377 822 Illae
1406 735 1503 827 verb
1534 773 1619 833 non

181 847 305 926 unius·
329 869 472 926 naturae
495 840 595 924 sunt.

238 954 436 1067 Quadam
450 958 558 1038 enim
574 953 752 1068 pulicum
773 954 963 1040 morstbus
979 955 1142 1064 srmiles,
1165 957 1292 1044 febres
1317 964 1619 1057 intermittentes

185 1067 399 1179 aliquando
419 1070 648 1182 excipiunt,
665 1067 840 1178 quadam
863 1067 949 1152 lata
971 1077 1013 1152 ὃ(
1033 1068 1322 1184 suggillationis
1343 1078 1479 1184 instar,
1497 1079 1620 1165 laren-

183 1209 264 1267 tem
291 1182 510 1293 srgnificant
537 1186 579 1261 ὃ(
601 1179 802 1294 destgnant
826 1181 1063 1266 acredinem.
1093 1183 1183 1265 Imb
1205 1183 1302 1300 sape
1324 1216 1416 1271 cum
1436 1187 1521 1277 latis
1542 1191 1620 1280 illis

185 1304 227 1380 δι
249 1295 416 1378 extensas
439 1290 521 1374 alia
546 1296 790 1408 reperiuntur
810 1324 893 1404 quae
920 1294 1097 1408 pulicum
1126 1295 1276 1381 morsus
1304 1299 1483 1386 reserant.
1521 1306 1622 1390 Aliae

183 1405 415 1520 longilstmae
437 1406 550 1510 sunt,
578 1404 660 1488 aliae
683 1402 838 1491 brevitas
859 1401 1005 1491 abeunt
1024 1416 1066 1491 ὃ(
1085 1405 1238 1492 facilins
1257 1416 1525 1498 curantur.In
1544 1416 1622 1503 illis

185 1549 268 1632 qua
280 1520 463 1602 fixiorem
476 1518 607 1604 sedem
618 1516 687 1600 srbi
698 1517 1027 1633 posueresedulo,
1043 1546 1089 1604 ut
1101 1523 1141 1602 in
1152 1519 1380 1635 papularum
1393 1531 1617 1641 eruptione,

185 1633 235 1716 ad
259 1631 392 1715 causas
415 1630 696 1715 attendendum
714 1633 779 1715 est.
808 1631 954 1746 Sapiirs
979 1637 1085 1716 enirn
1107 1630 1204 1717 latet
1225 1634 1373 1745 aliquid
1394 1637 1623 1725 scorbutici.

185 1747 322 1850 Nam,
359 1769 522 1827 notante
544 1741 779 1856 Eugaleno,
812 1743 975 1827 maculae
1006 1775 1089 1856 qua
1119 1749 1329 1860 'erumpunt
1360 1749 1590 1836 scorbuticae
1605 1817 1623 1861 ,

186 1885 257 1973 pro
284 1858 369 1940 crist
391 1854 690 1940 habendae'sunt
703 1919 717 1961 ,
739 1864 781 1939 ὃ(
806 1853 902 1940 licet
925 1857 973 1940 ab
991 1861 1037 1940 iis
1057 1856 1265 1942 scorbutus
1288 1887 1372 1942 non
1398 1866 1450 1945 ita
1470 1861 1624 1976 penitis

186 1972 366 2075 sanetur,
392 1995 437 2052 ut
464 1967 566 2050 'nibil
592 1971 694 2051 intbs
722 1966 896 2051 morbosr
928 1996 1150 2075 remaneat,
1179 1996 1312 2054 tamen
1341 1975 1387 2055 iis
1412 1999 1625 2110 erumpen-

186 2080 292 2166 tibus
319 2081 521 2165 fatendum
552 2083 604 2164 esi
635 2078 821 2164 liberiora
848 2109 891 2164 re
918 2084 1006 2164 eriri
1039 2084 1255 2188 interiora,
1283 2085 1492 2197 causasque
1519 2096 1624 2176 turbs

188 2220 379 2278 nocentes
411 2191 563 2304 quasti
594 2219 732 2278 centro
766 2108 968 2309 propulsas
1000 2191 1135 2278 saltem
1169 2221 1239 2310 per
1271 2222 1425 2311 tempus
1462 2197 1626 2312 aliquod
1742 2279 1745 2286 .

188 2307 472 2391 conticescere.
502 2308 554 2390 Iis
582 2304 746 2390 maculis
768 2304 852 2404 sola
874 2307 994 2390 causae
1015 2309 1174 2422 propria
1197 2316 1239 2391 ὃ(
1264 2308 1443 2414 addicata
1469 2319 1622 2398 curatio

189 2423 399 2526 convenit,
423 2428 464 2502 dt
483 2444 550 2501 aut
569 2421 667 2503 acris
685 2421 838 2531 cogniti
859 2446 928 2533 per
950 2418 1133 2532 specifica
1157 2421 1404 2530 emendatio,
1427 2451 1495 2507 aut
1507 2427 1624 2510 inco-

190 2537 287 2645 gniti
311 2561 380 2646 per
405 2531 636 2614 universalia
664 2534 882 2643 mitigantia
910 2535 1076 2616 curatio.
1105 2533 1213 2615 Nam
1241 2564 1320 2617 nun
1351 2563 1440 2618 uam
1468 2537 1625 2623 macula

189 2643 351 2756 srmplex
374 2671 448 2727 nec
470 2671 562 2727 cum
583 2643 747 2748 duritie,
774 2669 842 2726 aut
863 2643 1146 2729 tumesadiione
1165 2640 1293 2749 {untia
1317 2564 1465 2756 alliquid
1489 2648 1625 2735 abstru-

190 2757 517 2842 storismedicinae
535 2749 605 2838 srbi
616 2756 860 2861 vindicavit,
879 2753 946 2840 sed
963 2754 1073 2839 diaetai
1092 2751 1231 2862 molli,
1254 2753 1358 2863 levi,
1381 2759 1621 2873 saponaceai,

191 2870 420 2975 acescente,
437 2869 616 2978 adeoque
631 2867 898 2954 condensante
909 2864 1147 2974 absolvitur,
1164 2869 1229 2950 cui
1244 2873 1383 2982 pravia
1394 2871 1474 2957 elie
1489 2901 1624 2988 potue-

193 2987 244 3066 rit
256 3011 360 3066 venae
383 2982 530 3087 semo,
560 2981 685 3064 modb
703 2979 816 3064 stmul
835 2979 1060 3064 acredinem
1074 3005 1144 3093 per
1159 2977 1349 3066 diluenda
1365 3008 1623 3100 temperatam

192 3092 310 3180 tollat
333 3091 353 3176 ὲ
374 3119 489 3206 tergo
516 3093 696 3178 catharsrs
719 3091 941 3207 benignior.
999 3189 1008 3208 ·

245 3205 411 3290 Biliosas
435 3211 604 3292 acriores
631 3205 805 3290 maculas
832 3209 1001 3320 reperire
1029 3233 1113 3292 non
1142 3205 1244 3292 adei>
1269 3233 1411 3294 rarum.
1443 3207 1623 3324 Depura-

193 3324 302 3404 toriae
320 3322 418 3404 verb
439 3317 584 3402 biliosa
608 3321 773 3403 rariores
791 3317 891 3401 sunt.
924 3318 1092 3405 Scilicet
1118 3319 1223 3404 male
1249 3320 1395 3406 secreta
1419 3319 1533 3428 bilis,
1555 3319 1622 3408 vel
1634 3373 1650 3382 ν

193 3431 245 3516 ob
272 3433 560 3516 secernentium
585 3432 766 3516 vasorum
793 3434 973 3516 inertiam
986 3496 1001 3538 ,
1024 3432 1089 3518 vel
1116 3432 1170 3516 ob
1195 3434 1309 3548 ipsrirs
1336 3429 1427 3518 bilis
1441 3431 1623 3548 pingue-

193 3545 324 3629 dinem
351 3545 478 3627 minias
508 3541 666 3627 salinam
696 3537 796 3628 intrit
823 3544 1051 3658 sanguinem
1081 3549 1296 3659 regurgitat
1313 3607 1343 3653 ,‚
1362 3554 1406 3630 δι
1433 3545 1481 3628 ad
1517 3550 1623 3631 vatia

193 3660 451 3742 excrementis
467 3655 681 3740 educendis
700 3657 846 3740 sacrata
865 3661 1107 3740 emundoria
1122 3659 1264 3762 fertur,
1286 3655 1362 3768 qul
1376 3656 1456 3741 sese
1469 3657 1621 3744 fluento

193 3767 394 3880 liquorum
413 3772 572 3882 eripiat,
596 3767 702 3851 unde
723 3772 841 3852 etiam
867 3767 917 3851 ad
940 3773 1041 3854 cutis
1065 3769 1154 3854 vasa
1175 3770 1297 3854 fertur
1319 3777 1361 3854 ὅ(
1381 3767 1494 3884 supra
1511 3769 1623 3856 illam

192 3885 243 3966 ita
260 3880 390 3993 aliqud
406 3886 559 3966 ratione
572 3879 782 3984 exuberat,
803 3905 849 3963 ut
867 3879 1007 3966 colore
1021 3909 1173 3966 mutato
1187 3886 1317 3998 potius
1334 3879 1487 3963 macula
1503 3879 1635 3994 quim

192 4020 324 4079 tumor
352 3993 431 4078 dici
454 3993 582 4108 poffit.
610 3993 723 4106 Saepe
737 4019 869 4077 totum
888 4018 1032 4110 corpus
1055 3993 1197 4080 talibus
1215 3993 1378 4077 maculis
1393 3989 1622 4108 deturpatur

193 4105 518 4213 flavescentibus,
544 4103 707 4212 luridis,
734 4109 888 4214 terreis,
940 4139 997 4191 uae
1019 4105 1087 4192 etsr
1108 4107 1360 4220 depuratoriae
1381 4103 1460 4188 dici
1479 4110 1621 4192 merito

193 4251 273 4305 non
295 4221 461 4334 poliant,
488 4225 581 4303 ciam
605 4220 760 4302 causam
775 4249 859 4304 non
873 4137 1048 4325 tollant,
1078 4222 1169 4330 quia
1192 4243 1325 4298 tamen
1348 4219 1620 4327 quotidianum

193 4331 280 4417 bilis
314 4358 551 4446 proventum
583 4329 604 4414 a
630 4331 816 4443 sanguine
844 4359 1058 4436 everrunt,
1089 4331 1172 4440 sym
1200 4333 1341 4413 tomati
1376 4332 1616 4441 medentur,

193 4445 429 4556 affed'tusque
451 4443 539 4528 bilis
557 4468 777 4558 praecavent
794 4445 992 4636 sqperfluae
1008 4450 1050 4525 ὃ(
1066 4447 1107 4526 in
1118 4359 1266 4526 viseera
1285 4442 1489 4527 nobiliora·
1500 4444 1639 4562 depo-—

194 4558 342 4643 nenda.
378 4557 456 4640 His
491 4555 606 4642 causi
640 4561 792 4638 tanturn
839 4552 973 4638 ublatai
1008 4553 1155 4639 mederi
1186 4552 1284 4639 licet
1297 4618 1310 4661 ,
1353 4549 1460 4640 tollit
1487 4585 1622 4643 tamen

193 4669 335 4762 suniles
353 4666 555 4775 maculas,
577 4694 644 4753 aut
665 4665 743 4752 alvi
764 4669 920 4752 fluentis
946 4667 1209 4776 beneficium,
1231 4695 1298 4754 aut
1320 4671 1518 4753 urinarum
1537 4697 1618 4756 arte

192 4784 260 4870 vel
280 4781 416 4868 naturd
439 4781 538 4864 faeta
556 4780 734 4866 diluvies.
754 4783 875 4865 Acria
894 4784 990 4866 verb
1009 4782 1198 4868 diuretica
1218 4811 1301 4894 quat
1320 4781 1517 4868 fervorem
1535 4782 1622 4868 san-

193 4900 306 5011 guini
325 4905 369 4982 dt
388 4892 523 4980 solidis
546 4895 712 4986 nimium
731 4893 920 4982 adderent
940 4921 1084 4982 tonum
1105 4899 1171 4990 hle
1191 4893 1349 4984 exulare
1369 4893 1479 5008 jubet
1497 4897 1594 4978 tatio
1602 4951 1620 5008 2
