<?xml version="1.0" encoding="UTF-8"?>
<!DOCTYPE html PUBLIC "-//W3C//DTD XHTML 1.0 Transitional//EN"
    "http://www.w3.org/TR/xhtml1/DTD/xhtml1-transitional.dtd">
<html xmlns="http://www.w3.org/1999/xhtml" xml:lang="en" lang="en">
 <head>
  <title>
</title>
<meta http-equiv="Content-Type" content="text/html;charset=utf-8" />
  <meta name='ocr-system' content='tesseract 3.04.00' />
  <meta name='ocr-capabilities' content='ocr_page ocr_carea ocr_par ocr_line ocrx_word'/>
</head>
<body>
  <div class='ocr_page' id='page_1' title='image "./tractatusdemorb00cavegoog_0276.png"; bbox 0 0 4186 5908; ppageno 0'>
   <div class='ocr_carea' id='block_1_1' title="bbox 640 403 1623 530">
    <p class='ocr_par' dir='ltr' id='par_1_1' title="bbox 640 403 1623 530">
     <span class='ocr_line' id='line_1_1' title="bbox 640 403 1623 530; baseline 0.003 -26"><span class='ocrx_word' id='word_1_1' title='bbox 640 411 1135 504; x_wconf 78' lang='lat' dir='ltr'><strong>CUTANEIS.</strong></span> <span class='ocrx_word' id='word_1_2' title='bbox 1537 403 1623 530; x_wconf 85' lang='lat' dir='ltr'>25r·</span> 
     </span>
    </p>
   </div>
   <div class='ocr_carea' id='block_1_2' title="bbox 165 573 1751 2718">
    <p class='ocr_par' dir='ltr' id='par_1_2' title="bbox 165 573 1751 2718">
     <span class='ocr_line' id='line_1_2' title="bbox 179 573 1621 695; baseline 0.007 -35"><span class='ocrx_word' id='word_1_3' title='bbox 179 573 293 694; x_wconf 73' lang='lat' dir='ltr'>saepe</span> <span class='ocrx_word' id='word_1_4' title='bbox 319 573 410 662; x_wconf 89' lang='lat' dir='ltr'>bilis</span> <span class='ocrx_word' id='word_1_5' title='bbox 433 577 579 665; x_wconf 82' lang='lat' dir='ltr'>tardibs</span> <span class='ocrx_word' id='word_1_6' title='bbox 609 581 734 668; x_wconf 88' lang='lat' dir='ltr'>fluens</span> <span class='ocrx_word' id='word_1_7' title='bbox 757 580 935 668; x_wconf 83' lang='lat' dir='ltr'>lichenes</span> <span class='ocrx_word' id='word_1_8' title='bbox 959 581 1192 666; x_wconf 87' lang='lat' dir='ltr'>efformavit.</span> <span class='ocrx_word' id='word_1_9' title='bbox 1230 576 1325 665; x_wconf 90' lang='lat' dir='ltr'>Hos</span> <span class='ocrx_word' id='word_1_10' title='bbox 1352 575 1621 695; x_wconf 73' lang='lat' dir='ltr'>insequeberis</span> 
     </span>
     <span class='ocr_line' id='line_1_3' title="bbox 181 689 1726 808; baseline 0.005 -36"><span class='ocrx_word' id='word_1_11' title='bbox 181 689 310 804; x_wconf 91' lang='lat' dir='ltr'>longo</span> <span class='ocrx_word' id='word_1_12' title='bbox 351 715 558 802; x_wconf 85' lang='lat' dir='ltr'>aquarum</span> <span class='ocrx_word' id='word_1_13' title='bbox 581 694 818 780; x_wconf 85' lang='lat' dir='ltr'>martialium</span> <span class='ocrx_word' id='word_1_14' title='bbox 863 694 1073 782; x_wconf 86' lang='lat' dir='ltr'>salinamm</span> <span class='ocrx_word' id='word_1_15' title='bbox 1105 695 1361 808; x_wconf 81' lang='lat' dir='ltr'>aperientium</span> <span class='ocrx_word' id='word_1_16' title='bbox 1399 703 1441 782; x_wconf 76' lang='lat' dir='ltr'>dt</span> <span class='ocrx_word' id='word_1_17' title='bbox 1477 694 1619 784; x_wconf 87' lang='lat' dir='ltr'>leviter</span> <span class='ocrx_word' id='word_1_18' title='bbox 1719 763 1726 780; x_wconf 84' lang='lat'>.</span> 
     </span>
     <span class='ocr_line' id='line_1_4' title="bbox 178 801 1619 926; baseline 0.007 -40"><span class='ocrx_word' id='word_1_19' title='bbox 178 801 396 888; x_wconf 82' lang='lat' dir='ltr'>laxantium</span> <span class='ocrx_word' id='word_1_20' title='bbox 424 805 507 892; x_wconf 90' lang='lat' dir='ltr'>usu.</span> <span class='ocrx_word' id='word_1_21' title='bbox 540 807 587 890; x_wconf 90' lang='lat' dir='ltr'>Si</span> <span class='ocrx_word' id='word_1_22' title='bbox 615 807 754 893; x_wconf 72' lang='lat' dir='ltr'>contri</span> <span class='ocrx_word' id='word_1_23' title='bbox 784 806 888 894; x_wconf 78' lang='lat' dir='ltr'>male</span> <span class='ocrx_word' id='word_1_24' title='bbox 915 835 1089 894; x_wconf 89' lang='lat' dir='ltr'>moratus</span> <span class='ocrx_word' id='word_1_25' title='bbox 1120 809 1289 913; x_wconf 88' lang='lat' dir='ltr'>humor,</span> <span class='ocrx_word' id='word_1_26' title='bbox 1311 808 1452 917; x_wconf 75' lang='lat' dir='ltr'>tusses,</span> <span class='ocrx_word' id='word_1_27' title='bbox 1473 809 1619 926; x_wconf 59' lang='lat' dir='ltr'>pseudss</span> 
     </span>
     <span class='ocr_line' id='line_1_5' title="bbox 179 919 1617 1038; baseline 0.008 -39"><span class='ocrx_word' id='word_1_28' title='bbox 179 920 342 1030; x_wconf 84' lang='lat' dir='ltr'>anginas</span> <span class='ocrx_word' id='word_1_29' title='bbox 370 919 632 1033; x_wconf 89' lang='lat' dir='ltr'>produxerit,</span> <span class='ocrx_word' id='word_1_30' title='bbox 667 920 774 1008; x_wconf 67' lang='lat' dir='ltr'>lastis</span> <span class='ocrx_word' id='word_1_31' title='bbox 798 923 931 1008; x_wconf 81' lang='lat' dir='ltr'>asinini</span> <span class='ocrx_word' id='word_1_32' title='bbox 952 926 1116 1038; x_wconf 89' lang='lat' dir='ltr'>repetita</span> <span class='ocrx_word' id='word_1_33' title='bbox 1144 919 1380 1036; x_wconf 80' lang='lat' dir='ltr'>assumptio,</span> <span class='ocrx_word' id='word_1_34' title='bbox 1403 948 1471 1006; x_wconf 89' lang='lat' dir='ltr'>aut</span> <span class='ocrx_word' id='word_1_35' title='bbox 1495 928 1617 1010; x_wconf 89' lang='lat' dir='ltr'>etiam</span> 
     </span>
     <span class='ocr_line' id='line_1_6' title="bbox 179 1029 1617 1152; baseline 0.006 -36"><span class='ocrx_word' id='word_1_36' title='bbox 179 1033 305 1116; x_wconf 77' lang='lat' dir='ltr'>visus</span> <span class='ocrx_word' id='word_1_37' title='bbox 338 1029 361 1115; x_wconf 78' lang='grc' dir='ltr'>ὲ</span> <span class='ocrx_word' id='word_1_38' title='bbox 390 1037 560 1119; x_wconf 89' lang='lat' dir='ltr'>vaccino</span> <span class='ocrx_word' id='word_1_39' title='bbox 600 1033 701 1121; x_wconf 78' lang='lat' dir='ltr'>lane</span> <span class='ocrx_word' id='word_1_40' title='bbox 766 1039 885 1120; x_wconf 90' lang='lat' dir='ltr'>oterit</span> <span class='ocrx_word' id='word_1_41' title='bbox 917 1036 1090 1152; x_wconf 89' lang='lat' dir='ltr'>sopitum</span> <span class='ocrx_word' id='word_1_42' title='bbox 1131 1036 1283 1118; x_wconf 90' lang='lat' dir='ltr'>hostem</span> <span class='ocrx_word' id='word_1_43' title='bbox 1317 1061 1530 1148; x_wconf 85' lang='lat' dir='ltr'>proterere.</span> <span class='ocrx_word' id='word_1_44' title='bbox 1570 1037 1617 1124; x_wconf 87' lang='lat' dir='ltr'>Si</span> 
     </span>
     <span class='ocr_line' id='line_1_7' title="bbox 165 1146 1617 1264; baseline 0.006 -37"><span class='ocrx_word' id='word_1_45' title='bbox 165 1147 383 1230; x_wconf 76' lang='lat' dir='ltr'>catharrus</span> <span class='ocrx_word' id='word_1_46' title='bbox 414 1173 481 1232; x_wconf 91' lang='lat' dir='ltr'>aut</span> <span class='ocrx_word' id='word_1_47' title='bbox 508 1151 661 1236; x_wconf 90' lang='lat' dir='ltr'>corizas</span> <span class='ocrx_word' id='word_1_48' title='bbox 688 1177 711 1236; x_wconf 92' lang='lat' dir='ltr'>e</span> <span class='ocrx_word' id='word_1_49' title='bbox 744 1153 981 1256; x_wconf 87' lang='lat' dir='ltr'>ormaverit,</span> <span class='ocrx_word' id='word_1_50' title='bbox 1011 1146 1136 1261; x_wconf 81' lang='lat' dir='ltr'>vulgo</span> <span class='ocrx_word' id='word_1_51' title='bbox 1164 1146 1254 1231; x_wconf 91' lang='lat' dir='ltr'>usus</span> <span class='ocrx_word' id='word_1_52' title='bbox 1278 1152 1511 1262; x_wconf 72' lang='lat' dir='ltr'>protrallior</span> <span class='ocrx_word' id='word_1_53' title='bbox 1537 1155 1617 1264; x_wconf 79' lang='lat' dir='ltr'>pti-</span> 
     </span>
     <span class='ocr_line' id='line_1_8' title="bbox 177 1256 1617 1379; baseline 0.006 -39"><span class='ocrx_word' id='word_1_54' title='bbox 177 1256 367 1342; x_wconf 59' lang='lat' dir='ltr'>sanarum¹</span> <span class='ocrx_word' id='word_1_55' title='bbox 385 1260 743 1376; x_wconf 89' lang='lat' dir='ltr'>diaphoreticarum</span> <span class='ocrx_word' id='word_1_56' title='bbox 771 1268 821 1348; x_wconf 83' lang='lat' dir='ltr'>&#39;ex</span> <span class='ocrx_word' id='word_1_57' title='bbox 854 1261 971 1347; x_wconf 75' lang='lat' dir='ltr'>chinal</span> <span class='ocrx_word' id='word_1_58' title='bbox 983 1326 997 1369; x_wconf 92' lang='lat'>,</span> <span class='ocrx_word' id='word_1_59' title='bbox 1033 1257 1295 1375; x_wconf 75' lang='lat' dir='ltr'>sarsaparillai,</span> <span class='ocrx_word' id='word_1_60' title='bbox 1325 1261 1494 1347; x_wconf 83' lang='lat' dir='ltr'>sassafras</span> <span class='ocrx_word' id='word_1_61' title='bbox 1521 1295 1617 1379; x_wconf 90' lang='lat' dir='ltr'>pro-</span> 
     </span>
     <span class='ocr_line' id='line_1_9' title="bbox 178 1371 1618 1492; baseline 0.006 -37"><span class='ocrx_word' id='word_1_62' title='bbox 178 1371 256 1456; x_wconf 89' lang='lat' dir='ltr'>fuit</span> <span class='ocrx_word' id='word_1_63' title='bbox 268 1435 284 1481; x_wconf 96' lang='lat'>,</span> <span class='ocrx_word' id='word_1_64' title='bbox 310 1373 436 1458; x_wconf 82' lang='lat' dir='ltr'>modb</span> <span class='ocrx_word' id='word_1_65' title='bbox 464 1401 597 1462; x_wconf 89' lang='lat' dir='ltr'>tamen</span> <span class='ocrx_word' id='word_1_66' title='bbox 620 1378 836 1470; x_wconf 83' lang='lat' dir='ltr'>ardore&amp;</span> <span class='ocrx_word' id='word_1_67' title='bbox 861 1378 1037 1462; x_wconf 80' lang='lat' dir='ltr'>siccitate</span> <span class='ocrx_word' id='word_1_68' title='bbox 1063 1371 1447 1459; x_wconf 89' lang='lat' dir='ltr'>medicamentorum</span> <span class='ocrx_word' id='word_1_69' title='bbox 1470 1406 1618 1492; x_wconf 91' lang='lat' dir='ltr'>corpus</span> 
     </span>
     <span class='ocr_line' id='line_1_10' title="bbox 179 1486 1618 1608; baseline 0.008 -40"><span class='ocrx_word' id='word_1_70' title='bbox 179 1515 264 1570; x_wconf 89' lang='lat' dir='ltr'>non</span> <span class='ocrx_word' id='word_1_71' title='bbox 290 1486 499 1572; x_wconf 88' lang='lat' dir='ltr'>deteratur.</span> <span class='ocrx_word' id='word_1_72' title='bbox 541 1490 657 1577; x_wconf 88' lang='lat' dir='ltr'>Cutis</span> <span class='ocrx_word' id='word_1_73' title='bbox 681 1493 773 1608; x_wconf 86' lang='lat' dir='ltr'>¹ipsa</span> <span class='ocrx_word' id='word_1_74' title='bbox 804 1492 948 1576; x_wconf 88' lang='lat' dir='ltr'>srccior</span> <span class='ocrx_word' id='word_1_75' title='bbox 968 1488 1120 1576; x_wconf 86' lang='lat' dir='ltr'>balneis</span> <span class='ocrx_word' id='word_1_76' title='bbox 1149 1487 1361 1596; x_wconf 88' lang='lat' dir='ltr'>foveatur,</span> <span class='ocrx_word' id='word_1_77' title='bbox 1389 1515 1456 1572; x_wconf 94' lang='lat' dir='ltr'>aut</span> <span class='ocrx_word' id='word_1_78' title='bbox 1478 1488 1618 1578; x_wconf 87' lang='lat' dir='ltr'>saltem</span> 
     </span>
     <span class='ocr_line' id='line_1_11' title="bbox 178 1599 1624 1710; baseline 0.003 -26"><span class='ocrx_word' id='word_1_79' title='bbox 178 1599 451 1710; x_wconf 88' lang='lat' dir='ltr'>frequentibus</span> <span class='ocrx_word' id='word_1_80' title='bbox 478 1600 699 1691; x_wconf 82' lang='lat' dir='ltr'>lotionibbs</span> <span class='ocrx_word' id='word_1_81' title='bbox 730 1605 955 1691; x_wconf 55' lang='lat' dir='ltr'>htunescat,</span> <span class='ocrx_word' id='word_1_82' title='bbox 986 1605 1077 1688; x_wconf 87' lang='lat' dir='ltr'>Imb</span> <span class='ocrx_word' id='word_1_83' title='bbox 1108 1631 1193 1686; x_wconf 92' lang='lat' dir='ltr'>non</span> <span class='ocrx_word' id='word_1_84' title='bbox 1229 1602 1309 1685; x_wconf 85' lang='lat' dir='ltr'>line</span> <span class='ocrx_word' id='word_1_85' title='bbox 1340 1599 1624 1689; x_wconf 81' lang='lat' dir='ltr'>emolumento.</span> 
     </span>
     <span class='ocr_line' id='line_1_12' title="bbox 178 1712 1618 1834; baseline 0.007 -38"><span class='ocrx_word' id='word_1_86' title='bbox 178 1712 325 1799; x_wconf 89' lang='lat' dir='ltr'>oleosrs</span> <span class='ocrx_word' id='word_1_87' title='bbox 348 1713 530 1801; x_wconf 85' lang='lat' dir='ltr'>dulcibus</span> <span class='ocrx_word' id='word_1_88' title='bbox 552 1717 718 1834; x_wconf 79' lang='lat' dir='ltr'>inungi‘,</span> <span class='ocrx_word' id='word_1_89' title='bbox 749 1718 950 1830; x_wconf 73' lang='lat' dir='ltr'>indeque,</span> <span class='ocrx_word' id='word_1_90' title='bbox 973 1743 1041 1801; x_wconf 90' lang='lat' dir='ltr'>aut</span> <span class='ocrx_word' id='word_1_91' title='bbox 1066 1713 1225 1830; x_wconf 87' lang='lat' dir='ltr'>strigili,</span> <span class='ocrx_word' id='word_1_92' title='bbox 1258 1740 1326 1799; x_wconf 89' lang='lat' dir='ltr'>aut</span> <span class='ocrx_word' id='word_1_93' title='bbox 1345 1745 1478 1829; x_wconf 88' lang='lat' dir='ltr'>panno</span> <span class='ocrx_word' id='word_1_94' title='bbox 1498 1715 1618 1806; x_wconf 88' lang='lat' dir='ltr'>laneo</span> 
     </span>
     <span class='ocr_line' id='line_1_13' title="bbox 181 1824 1648 1938; baseline 0.003 -26"><span class='ocrx_word' id='word_1_95' title='bbox 181 1855 318 1913; x_wconf 90' lang='lat' dir='ltr'>cutem</span> <span class='ocrx_word' id='word_1_96' title='bbox 352 1828 486 1913; x_wconf 90' lang='lat' dir='ltr'>deradi</span> <span class='ocrx_word' id='word_1_97' title='bbox 517 1831 593 1915; x_wconf 89' lang='lat' dir='ltr'>suit</span> <span class='ocrx_word' id='word_1_98' title='bbox 621 1831 731 1918; x_wconf 90' lang='lat' dir='ltr'>utile.</span> <span class='ocrx_word' id='word_1_99' title='bbox 770 1833 871 1916; x_wconf 90' lang='lat' dir='ltr'>Inest</span> <span class='ocrx_word' id='word_1_100' title='bbox 897 1835 1003 1916; x_wconf 91' lang='lat' dir='ltr'>enim</span> <span class='ocrx_word' id='word_1_101' title='bbox 1029 1833 1071 1913; x_wconf 93' lang='lat' dir='ltr'>in</span> <span class='ocrx_word' id='word_1_102' title='bbox 1096 1824 1319 1913; x_wconf 89' lang='lat' dir='ltr'>lichenibus</span> <span class='ocrx_word' id='word_1_103' title='bbox 1350 1830 1618 1917; x_wconf 85' lang='lat' dir='ltr'>rancescentia</span> <span class='ocrx_word' id='word_1_104' title='bbox 1646 1935 1648 1938; x_wconf 16' lang='grc' dir='ltr'>Ι</span> 
     </span>
     <span class='ocr_line' id='line_1_14' title="bbox 181 1938 1620 2061; baseline 0.001 -35"><span class='ocrx_word' id='word_1_105' title='bbox 181 1941 318 2026; x_wconf 87' lang='lat' dir='ltr'>oleosa</span> <span class='ocrx_word' id='word_1_106' title='bbox 336 1940 384 2025; x_wconf 91' lang='lat' dir='ltr'>ab</span> <span class='ocrx_word' id='word_1_107' title='bbox 405 1943 520 2058; x_wconf 90' lang='lat' dir='ltr'>adipe</span> <span class='ocrx_word' id='word_1_108' title='bbox 537 1971 627 2030; x_wconf 88' lang='lat' dir='ltr'>nata</span> <span class='ocrx_word' id='word_1_109' title='bbox 647 1948 696 2033; x_wconf 90' lang='lat' dir='ltr'>de</span> <span class='ocrx_word' id='word_1_110' title='bbox 725 1949 852 2053; x_wconf 85' lang='lat' dir='ltr'>eneti,</span> <span class='ocrx_word' id='word_1_111' title='bbox 877 1975 994 2058; x_wconf 88' lang='lat' dir='ltr'>quam</span> <span class='ocrx_word' id='word_1_112' title='bbox 1017 1969 1200 2061; x_wconf 88' lang='lat' dir='ltr'>potenter</span> <span class='ocrx_word' id='word_1_113' title='bbox 1226 1938 1363 2025; x_wconf 88' lang='lat' dir='ltr'>oleosa</span> <span class='ocrx_word' id='word_1_114' title='bbox 1388 1939 1457 2026; x_wconf 92' lang='lat' dir='ltr'>illa</span> <span class='ocrx_word' id='word_1_115' title='bbox 1481 1941 1620 2030; x_wconf 85' lang='lat' dir='ltr'>abster-</span> 
     </span>
     <span class='ocr_line' id='line_1_15' title="bbox 180 1979 1620 2174; baseline 0.003 -34"><span class='ocrx_word' id='word_1_116' title='bbox 180 2081 291 2171; x_wconf 87' lang='lat' dir='ltr'>gunt.</span> <span class='ocrx_word' id='word_1_117' title='bbox 320 2057 413 2141; x_wconf 88' lang='lat' dir='ltr'>Nec</span> <span class='ocrx_word' id='word_1_118' title='bbox 435 2057 543 2142; x_wconf 70' lang='lat' dir='ltr'>certe</span> <span class='ocrx_word' id='word_1_119' title='bbox 564 1979 786 2174; x_wconf 75' lang='lat' dir='ltr'>negandum</span> <span class='ocrx_word' id='word_1_120' title='bbox 806 2061 859 2146; x_wconf 89' lang='lat' dir='ltr'>est</span> <span class='ocrx_word' id='word_1_121' title='bbox 876 2059 958 2146; x_wconf 83' lang='lat' dir='ltr'>dari</span> <span class='ocrx_word' id='word_1_122' title='bbox 977 2085 1026 2146; x_wconf 89' lang='lat' dir='ltr'>ex</span> <span class='ocrx_word' id='word_1_123' title='bbox 1046 2059 1128 2142; x_wconf 93' lang='lat' dir='ltr'>hoc</span> <span class='ocrx_word' id='word_1_124' title='bbox 1149 2081 1294 2172; x_wconf 83' lang='lat' dir='ltr'>genere</span> <span class='ocrx_word' id='word_1_125' title='bbox 1310 2052 1620 2170; x_wconf 88' lang='lat' dir='ltr'>symptomatum</span> 
     </span>
     <span class='ocr_line' id='line_1_16' title="bbox 181 2168 1620 2286; baseline 0.002 -32"><span class='ocrx_word' id='word_1_126' title='bbox 181 2169 359 2281; x_wconf 87' lang='lat' dir='ltr'>quaedam</span> <span class='ocrx_word' id='word_1_127' title='bbox 379 2182 463 2281; x_wconf 76' lang='lat' dir='ltr'>quae</span> <span class='ocrx_word' id='word_1_128' title='bbox 483 2173 557 2257; x_wconf 91' lang='lat' dir='ltr'>srnt</span> <span class='ocrx_word' id='word_1_129' title='bbox 577 2171 625 2257; x_wconf 93' lang='lat' dir='ltr'>ab</span> <span class='ocrx_word' id='word_1_130' title='bbox 648 2172 938 2259; x_wconf 79' lang='lat' dir='ltr'>abstrusioribus</span> <span class='ocrx_word' id='word_1_131' title='bbox 962 2170 1173 2286; x_wconf 88' lang='lat' dir='ltr'>repetenda</span> <span class='ocrx_word' id='word_1_132' title='bbox 1197 2169 1318 2260; x_wconf 85' lang='lat' dir='ltr'>causrs</span> <span class='ocrx_word' id='word_1_133' title='bbox 1330 2229 1344 2274; x_wconf 89' lang='lat'>,</span> <span class='ocrx_word' id='word_1_134' title='bbox 1368 2168 1550 2282; x_wconf 84' lang='lat' dir='ltr'>adebque</span> <span class='ocrx_word' id='word_1_135' title='bbox 1576 2181 1620 2257; x_wconf 77' lang='grc' dir='ltr'>ὅ(</span> 
     </span>
     <span class='ocr_line' id='line_1_17' title="bbox 181 2280 1620 2404; baseline 0.003 -38"><span class='ocrx_word' id='word_1_136' title='bbox 181 2284 355 2369; x_wconf 90' lang='lat' dir='ltr'>remedia</span> <span class='ocrx_word' id='word_1_137' title='bbox 387 2292 429 2368; x_wconf 72' lang='grc' dir='ltr'>δι</span> <span class='ocrx_word' id='word_1_138' title='bbox 460 2287 696 2384; x_wconf 88' lang='lat' dir='ltr'>methodum</span> <span class='ocrx_word' id='word_1_139' title='bbox 726 2291 887 2404; x_wconf 86' lang='lat' dir='ltr'>exigant</span> <span class='ocrx_word' id='word_1_140' title='bbox 918 2285 1217 2389; x_wconf 86' lang='lat' dir='ltr'>abstrufiorem,</span> <span class='ocrx_word' id='word_1_141' title='bbox 1246 2307 1290 2372; x_wconf 91' lang='lat' dir='ltr'>ut</span> <span class='ocrx_word' id='word_1_142' title='bbox 1321 2280 1409 2366; x_wconf 92' lang='lat' dir='ltr'>sunt</span> <span class='ocrx_word' id='word_1_143' title='bbox 1439 2282 1620 2370; x_wconf 79' lang='lat' dir='ltr'>lichenes</span> 
     </span>
     <span class='ocr_line' id='line_1_18' title="bbox 181 2392 1751 2513; baseline 0 -31"><span class='ocrx_word' id='word_1_144' title='bbox 181 2398 354 2482; x_wconf 88' lang='lat' dir='ltr'>venerei.</span> <span class='ocrx_word' id='word_1_145' title='bbox 376 2399 526 2484; x_wconf 81' lang='lat' dir='ltr'>Verbm</span> <span class='ocrx_word' id='word_1_146' title='bbox 541 2404 634 2484; x_wconf 78' lang='lat' dir='ltr'>ciam</span> <span class='ocrx_word' id='word_1_147' title='bbox 648 2431 849 2513; x_wconf 92' lang='lat' dir='ltr'>nunquam</span> <span class='ocrx_word' id='word_1_148' title='bbox 863 2398 938 2484; x_wconf 92' lang='lat' dir='ltr'>soli</span> <span class='ocrx_word' id='word_1_149' title='bbox 951 2401 1044 2482; x_wconf 77' lang='lat' dir='ltr'>h&#39;rfic</span> <span class='ocrx_word' id='word_1_150' title='bbox 1062 2392 1207 2490; x_wconf 89' lang='lat' dir='ltr'>morbo</span> <span class='ocrx_word' id='word_1_151' title='bbox 1224 2392 1497 2506; x_wconf 83' lang='lat' dir='ltr'>dignoscendo</span> <span class='ocrx_word' id='word_1_152' title='bbox 1515 2398 1622 2482; x_wconf 88' lang='lat' dir='ltr'>suffi-</span> <span class='ocrx_word' id='word_1_153' title='bbox 1744 2489 1751 2494; x_wconf 58' lang='grc'><em>,</em></span> 
     </span>
     <span class='ocr_line' id='line_1_19' title="bbox 182 2508 1626 2634; baseline 0.002 -38"><span class='ocrx_word' id='word_1_154' title='bbox 182 2514 311 2620; x_wconf 84' lang='lat' dir='ltr'>ciant,</span> <span class='ocrx_word' id='word_1_155' title='bbox 328 2508 396 2596; x_wconf 90' lang='lat' dir='ltr'>sed</span> <span class='ocrx_word' id='word_1_156' title='bbox 416 2509 501 2596; x_wconf 87' lang='lat' dir='ltr'>aliis</span> <span class='ocrx_word' id='word_1_157' title='bbox 516 2515 703 2600; x_wconf 87' lang='lat' dir='ltr'>incedant</span> <span class='ocrx_word' id='word_1_158' title='bbox 721 2517 844 2634; x_wconf 83' lang='lat' dir='ltr'>stipati</span> <span class='ocrx_word' id='word_1_159' title='bbox 861 2508 1187 2634; x_wconf 88' lang='lat' dir='ltr'>symptomatibus</span> <span class='ocrx_word' id='word_1_160' title='bbox 1194 2572 1210 2616; x_wconf 96' lang='lat'>,</span> <span class='ocrx_word' id='word_1_161' title='bbox 1231 2533 1338 2624; x_wconf 87' lang='lat' dir='ltr'>patet</span> <span class='ocrx_word' id='word_1_162' title='bbox 1354 2536 1425 2598; x_wconf 87' lang='lat' dir='ltr'>eos</span> <span class='ocrx_word' id='word_1_163' title='bbox 1443 2513 1509 2602; x_wconf 90' lang='lat' dir='ltr'>hic</span> <span class='ocrx_word' id='word_1_164' title='bbox 1527 2509 1626 2599; x_wconf 57' lang='lat' dir='ltr'>nul-s</span> 
     </span>
     <span class='ocr_line' id='line_1_20' title="bbox 183 2619 756 2718; baseline 0.014 -10"><span class='ocrx_word' id='word_1_165' title='bbox 183 2619 271 2709; x_wconf 91' lang='lat' dir='ltr'>lum·</span> <span class='ocrx_word' id='word_1_166' title='bbox 291 2622 363 2710; x_wconf 85' lang='lat' dir='ltr'>fibi</span> <span class='ocrx_word' id='word_1_167' title='bbox 382 2624 522 2714; x_wconf 86' lang='lat' dir='ltr'>locum</span> <span class='ocrx_word' id='word_1_168' title='bbox 542 2630 756 2718; x_wconf 78' lang='lat' dir='ltr'>vindicare.</span> 
     </span>
    </p>
   </div>
   <div class='ocr_carea' id='block_1_3' title="bbox 493 2873 1290 2968">
    <p class='ocr_par' dir='ltr' id='par_1_3' title="bbox 493 2873 1290 2968">
     <span class='ocr_line' id='line_1_21' title="bbox 493 2873 1290 2968; baseline -0.006 -1"><span class='ocrx_word' id='word_1_169' title='bbox 493 2874 1112 2968; x_wconf 85' lang='lat' dir='ltr'><strong>ARTI·CULUS</strong></span> <span class='ocrx_word' id='word_1_170' title='bbox 1202 2873 1290 2962; x_wconf 92' lang='lat'>11.</span> 
     </span>
    </p>
   </div>
   <div class='ocr_carea' id='block_1_4' title="bbox 239 3111 1564 3234">
    <p class='ocr_par' dir='ltr' id='par_1_4' title="bbox 239 3111 1564 3234">
     <span class='ocr_line' id='line_1_22' title="bbox 239 3111 1564 3234; baseline -0.002 -33"><span class='ocrx_word' id='word_1_171' title='bbox 239 3113 307 3201; x_wconf 89' lang='lat' dir='ltr'>De</span> <span class='ocrx_word' id='word_1_172' title='bbox 328 3113 377 3199; x_wconf 81' lang='lat' dir='ltr'>iis</span> <span class='ocrx_word' id='word_1_173' title='bbox 406 3113 632 3202; x_wconf 85' lang='lat' dir='ltr'>Tumoribus</span> <span class='ocrx_word' id='word_1_174' title='bbox 656 3115 783 3234; x_wconf 84' lang='lat' dir='ltr'>quiin</span> <span class='ocrx_word' id='word_1_175' title='bbox 802 3143 882 3230; x_wconf 86' lang='lat' dir='ltr'>pus</span> <span class='ocrx_word' id='word_1_176' title='bbox 904 3139 975 3198; x_wconf 85' lang='lat' dir='ltr'>our</span> <span class='ocrx_word' id='word_1_177' title='bbox 998 3111 1116 3197; x_wconf 84' lang='lat' dir='ltr'>olium</span> <span class='ocrx_word' id='word_1_178' title='bbox 1138 3113 1330 3200; x_wconf 82' lang='lat' dir='ltr'>humorem</span> <span class='ocrx_word' id='word_1_179' title='bbox 1355 3132 1564 3198; x_wconf 74' lang='lat' dir='ltr'>venantur.</span> 
     </span>
    </p>
   </div>
   <div class='ocr_carea' id='block_1_5' title="bbox 188 3357 1625 3708">
    <p class='ocr_par' dir='ltr' id='par_1_5' title="bbox 188 3357 1625 3708">
     <span class='ocr_line' id='line_1_23' title="bbox 238 3357 1623 3480; baseline -0.003 -32"><span class='ocrx_word' id='word_1_180' title='bbox 238 3363 336 3448; x_wconf 79' lang='lat' dir='ltr'>Hhc</span> <span class='ocrx_word' id='word_1_181' title='bbox 364 3364 487 3478; x_wconf 73' lang='lat' dir='ltr'>usque</span> <span class='ocrx_word' id='word_1_182' title='bbox 515 3367 565 3453; x_wconf 91' lang='lat' dir='ltr'>de</span> <span class='ocrx_word' id='word_1_183' title='bbox 591 3371 638 3454; x_wconf 90' lang='lat' dir='ltr'>iis</span> <span class='ocrx_word' id='word_1_184' title='bbox 664 3371 793 3454; x_wconf 66' lang='lat' dir='ltr'>astum</span> <span class='ocrx_word' id='word_1_185' title='bbox 819 3391 1023 3451; x_wconf 91' lang='lat' dir='ltr'>tumorum</span> <span class='ocrx_word' id='word_1_186' title='bbox 1045 3359 1250 3480; x_wconf 89' lang='lat' dir='ltr'>speciebus</span> <span class='ocrx_word' id='word_1_187' title='bbox 1273 3390 1385 3474; x_wconf 80' lang='lat' dir='ltr'>qua,</span> <span class='ocrx_word' id='word_1_188' title='bbox 1408 3387 1475 3448; x_wconf 89' lang='lat' dir='ltr'>aut</span> <span class='ocrx_word' id='word_1_189' title='bbox 1498 3357 1623 3447; x_wconf 86' lang='lat' dir='ltr'>resol-</span> 
     </span>
     <span class='ocr_line' id='line_1_24' title="bbox 188 3474 1624 3624; baseline -0.001 -63"><span class='ocrx_word' id='word_1_190' title='bbox 188 3507 359 3586; x_wconf 87' lang='lat' dir='ltr'>vuntur,</span> <span class='ocrx_word' id='word_1_191' title='bbox 393 3507 459 3565; x_wconf 89' lang='lat' dir='ltr'>aut</span> <span class='ocrx_word' id='word_1_192' title='bbox 482 3509 554 3624; x_wconf 87' lang='lat' dir='ltr'>per</span> <span class='ocrx_word' id='word_1_193' title='bbox 580 3480 800 3568; x_wconf 84' lang='lat' dir='ltr'>insenfilem</span> <span class='ocrx_word' id='word_1_194' title='bbox 829 3484 1091 3564; x_wconf 88' lang='lat' dir='ltr'>mutationem</span> <span class='ocrx_word' id='word_1_195' title='bbox 1122 3474 1295 3583; x_wconf 90' lang='lat' dir='ltr'>abeunt,</span> <span class='ocrx_word' id='word_1_196' title='bbox 1327 3500 1445 3586; x_wconf 87' lang='lat' dir='ltr'>atque</span> <span class='ocrx_word' id='word_1_197' title='bbox 1473 3474 1624 3560; x_wconf 91' lang='lat' dir='ltr'>nullam</span> 
     </span>
     <span class='ocr_line' id='line_1_25' title="bbox 190 3589 1625 3708; baseline -0.002 -33"><span class='ocrx_word' id='word_1_198' title='bbox 190 3593 229 3674; x_wconf 89' lang='lat' dir='ltr'>in</span> <span class='ocrx_word' id='word_1_199' title='bbox 252 3591 325 3676; x_wconf 82' lang='lat' dir='ltr'>fibi</span> <span class='ocrx_word' id='word_1_200' title='bbox 345 3597 503 3708; x_wconf 86' lang='lat' dir='ltr'>proptia</span> <span class='ocrx_word' id='word_1_201' title='bbox 525 3626 571 3679; x_wconf 89' lang='lat' dir='ltr'>ac</span> <span class='ocrx_word' id='word_1_202' title='bbox 620 3599 763 3680; x_wconf 78' lang='lat' dir='ltr'>rimbm</span> <span class='ocrx_word' id='word_1_203' title='bbox 786 3590 907 3679; x_wconf 69' lang='lat' dir='ltr'>ascitis</span> <span class='ocrx_word' id='word_1_204' title='bbox 931 3590 1067 3677; x_wconf 76' lang='lat' dir='ltr'>natura</span> <span class='ocrx_word' id='word_1_205' title='bbox 1089 3619 1139 3674; x_wconf 92' lang='lat' dir='ltr'>ex</span> <span class='ocrx_word' id='word_1_206' title='bbox 1165 3593 1222 3676; x_wconf 90' lang='lat' dir='ltr'>rei</span> <span class='ocrx_word' id='word_1_207' title='bbox 1246 3589 1470 3676; x_wconf 86' lang='lat' dir='ltr'>neceffitate</span> <span class='ocrx_word' id='word_1_208' title='bbox 1494 3616 1625 3672; x_wconf 85' lang='lat' dir='ltr'>muta-</span> 
     </span>
    </p>
   </div>
   <div class='ocr_carea' id='block_1_6' title="bbox 189 3700 1626 3901">
    <p class='ocr_par' dir='ltr' id='par_1_6' title="bbox 189 3700 1626 3901">
     <span class='ocr_line' id='line_1_26' title="bbox 189 3700 1626 3901; baseline -0.001 -113"><span class='ocrx_word' id='word_1_209' title='bbox 189 3707 343 3790; x_wconf 89' lang='lat' dir='ltr'>tionem</span> <span class='ocrx_word' id='word_1_210' title='bbox 366 3705 543 3790; x_wconf 89' lang='lat' dir='ltr'>subeunt.</span> <span class='ocrx_word' id='word_1_211' title='bbox 608 3707 708 3816; x_wconf 72' lang='lat' dir='ltr'>nde,</span> <span class='ocrx_word' id='word_1_212' title='bbox 739 3711 916 3820; x_wconf 90' lang='lat' dir='ltr'>quamvis</span> <span class='ocrx_word' id='word_1_213' title='bbox 939 3703 1156 3820; x_wconf 78' lang='lat' dir='ltr'>gravissima</span> <span class='ocrx_word' id='word_1_214' title='bbox 1160 3703 1318 3901; x_wconf 73' lang='lat' dir='ltr'>possint</span> <span class='ocrx_word' id='word_1_215' title='bbox 1336 3700 1383 3786; x_wconf 92' lang='lat' dir='ltr'>ab</span> <span class='ocrx_word' id='word_1_216' title='bbox 1405 3706 1453 3787; x_wconf 90' lang='lat' dir='ltr'>iis</span> <span class='ocrx_word' id='word_1_217' title='bbox 1478 3705 1626 3787; x_wconf 83' lang='lat' dir='ltr'>exoriri</span> 
     </span>
    </p>
   </div>
   <div class='ocr_carea' id='block_1_7' title="bbox 167 3812 1737 4844">
    <p class='ocr_par' dir='ltr' id='par_1_7' title="bbox 167 3812 1737 4844">
     <span class='ocr_line' id='line_1_27' title="bbox 167 3812 1626 3932; baseline -0.003 -29"><span class='ocrx_word' id='word_1_218' title='bbox 167 3841 169 3846; x_wconf 84' lang='grc'><strong><em>·</em></strong></span> <span class='ocrx_word' id='word_1_219' title='bbox 189 3818 291 3903; x_wconf 90' lang='lat' dir='ltr'>mala</span> <span class='ocrx_word' id='word_1_220' title='bbox 307 3816 539 3927; x_wconf 90' lang='lat' dir='ltr'>morbique,</span> <span class='ocrx_word' id='word_1_221' title='bbox 560 3845 606 3904; x_wconf 92' lang='lat' dir='ltr'>ut</span> <span class='ocrx_word' id='word_1_222' title='bbox 626 3820 817 3926; x_wconf 88' lang='lat' dir='ltr'>diximus,</span> <span class='ocrx_word' id='word_1_223' title='bbox 835 3812 1088 3932; x_wconf 85' lang='lat' dir='ltr'>&amp;gravitate</span> <span class='ocrx_word' id='word_1_224' title='bbox 1103 3824 1145 3902; x_wconf 76' lang='grc' dir='ltr'>ὅ(</span> <span class='ocrx_word' id='word_1_225' title='bbox 1187 3821 1367 3902; x_wconf 91' lang='lat' dir='ltr'>uratione</span> <span class='ocrx_word' id='word_1_226' title='bbox 1381 3813 1626 3931; x_wconf 87' lang='lat' dir='ltr'>symptoma-</span> 
     </span>
     <span class='ocr_line' id='line_1_28' title="bbox 189 3925 1671 4047; baseline -0.004 -30"><span class='ocrx_word' id='word_1_227' title='bbox 189 3960 274 4017; x_wconf 89' lang='lat' dir='ltr'>tum</span> <span class='ocrx_word' id='word_1_228' title='bbox 297 3929 470 4016; x_wconf 76' lang='lat' dir='ltr'>maxime</span> <span class='ocrx_word' id='word_1_229' title='bbox 497 3934 728 4043; x_wconf 90' lang='lat' dir='ltr'>metuendi,</span> <span class='ocrx_word' id='word_1_230' title='bbox 756 3959 887 4017; x_wconf 90' lang='lat' dir='ltr'>tamen</span> <span class='ocrx_word' id='word_1_231' title='bbox 913 3962 1000 4046; x_wconf 90' lang='lat' dir='ltr'>pars</span> <span class='ocrx_word' id='word_1_232' title='bbox 1025 3930 1219 4047; x_wconf 72' lang='lat' dir='ltr'>praecipue</span> <span class='ocrx_word' id='word_1_233' title='bbox 1242 3931 1379 4015; x_wconf 68' lang='lat' dir='ltr'>assella</span> <span class='ocrx_word' id='word_1_234' title='bbox 1404 3928 1533 4012; x_wconf 88' lang='lat' dir='ltr'>serosa</span> <span class='ocrx_word' id='word_1_235' title='bbox 1558 3925 1627 4011; x_wconf 90' lang='lat' dir='ltr'>illa</span> <span class='ocrx_word' id='word_1_236' title='bbox 1667 3927 1671 3936; x_wconf 75' lang='grc'><em>“</em></span> 
     </span>
     <span class='ocr_line' id='line_1_29' title="bbox 190 4035 1737 4156; baseline -0.005 -24"><span class='ocrx_word' id='word_1_237' title='bbox 190 4072 273 4133; x_wconf 91' lang='lat' dir='ltr'>erat</span> <span class='ocrx_word' id='word_1_238' title='bbox 300 4044 399 4132; x_wconf 89' lang='lat' dir='ltr'>levis</span> <span class='ocrx_word' id='word_1_239' title='bbox 427 4053 469 4130; x_wconf 68' lang='grc' dir='ltr'>ὃ(</span> <span class='ocrx_word' id='word_1_240' title='bbox 495 4049 578 4132; x_wconf 83' lang='lat' dir='ltr'>citb</span> <span class='ocrx_word' id='word_1_241' title='bbox 607 4045 835 4156; x_wconf 90' lang='lat' dir='ltr'>difflabilis,</span> <span class='ocrx_word' id='word_1_242' title='bbox 861 4075 938 4132; x_wconf 90' lang='lat' dir='ltr'>nec</span> <span class='ocrx_word' id='word_1_243' title='bbox 964 4048 1033 4129; x_wconf 83' lang='lat' dir='ltr'>nist</span> <span class='ocrx_word' id='word_1_244' title='bbox 1056 4035 1244 4131; x_wconf 71' lang='lat' dir='ltr'>renovatis</span> <span class='ocrx_word' id='word_1_245' title='bbox 1267 4049 1309 4127; x_wconf 77' lang='lat' dir='ltr'>bt</span> <span class='ocrx_word' id='word_1_246' title='bbox 1332 4042 1437 4152; x_wconf 82' lang='lat' dir='ltr'>quast</span> <span class='ocrx_word' id='word_1_247' title='bbox 1460 4041 1627 4126; x_wconf 85' lang='lat' dir='ltr'>fermen-</span> <span class='ocrx_word' id='word_1_248' title='bbox 1732 4125 1737 4140; x_wconf 76' lang='grc'><strong><em>,</em></strong></span> 
     </span>
     <span class='ocr_line' id='line_1_30' title="bbox 192 4149 1627 4270; baseline -0.001 -28"><span class='ocrx_word' id='word_1_249' title='bbox 192 4186 300 4243; x_wconf 87' lang='lat' dir='ltr'>tante</span> <span class='ocrx_word' id='word_1_250' title='bbox 322 4157 388 4244; x_wconf 89' lang='lat' dir='ltr'>lue</span> <span class='ocrx_word' id='word_1_251' title='bbox 412 4158 593 4268; x_wconf 90' lang='lat' dir='ltr'>rebellis,</span> <span class='ocrx_word' id='word_1_252' title='bbox 626 4164 719 4247; x_wconf 80' lang='lat' dir='ltr'>hinc</span> <span class='ocrx_word' id='word_1_253' title='bbox 745 4190 822 4248; x_wconf 91' lang='lat' dir='ltr'>nec</span> <span class='ocrx_word' id='word_1_254' title='bbox 842 4149 1056 4246; x_wconf 87' lang='lat' dir='ltr'>metuenda</span> <span class='ocrx_word' id='word_1_255' title='bbox 1076 4159 1151 4241; x_wconf 88' lang='lat' dir='ltr'>fuit</span> <span class='ocrx_word' id='word_1_256' title='bbox 1175 4156 1412 4260; x_wconf 81' lang='lat' dir='ltr'>conversio,</span> <span class='ocrx_word' id='word_1_257' title='bbox 1440 4183 1515 4240; x_wconf 90' lang='lat' dir='ltr'>nec</span> <span class='ocrx_word' id='word_1_258' title='bbox 1540 4154 1627 4270; x_wconf 79' lang='lat' dir='ltr'>spe-</span> 
     </span>
     <span class='ocr_line' id='line_1_31' title="bbox 193 4265 1637 4388; baseline -0.004 -32"><span class='ocrx_word' id='word_1_259' title='bbox 193 4272 325 4384; x_wconf 88' lang='lat' dir='ltr'>randa.</span> <span class='ocrx_word' id='word_1_260' title='bbox 354 4271 622 4388; x_wconf 89' lang='lat' dir='ltr'>Simpliciter,</span> <span class='ocrx_word' id='word_1_261' title='bbox 648 4301 694 4360; x_wconf 92' lang='lat' dir='ltr'>ut</span> <span class='ocrx_word' id='word_1_262' title='bbox 707 4275 882 4360; x_wconf 90' lang='lat' dir='ltr'>Platonis</span> <span class='ocrx_word' id='word_1_263' title='bbox 896 4271 1027 4359; x_wconf 88' lang='lat' dir='ltr'>verbis</span> <span class='ocrx_word' id='word_1_264' title='bbox 1046 4296 1154 4373; x_wconf 92' lang='lat' dir='ltr'>utar,</span> <span class='ocrx_word' id='word_1_265' title='bbox 1173 4265 1412 4352; x_wconf 89' lang='lat' dir='ltr'>habebamus</span> <span class='ocrx_word' id='word_1_266' title='bbox 1434 4275 1500 4374; x_wconf 85' lang='lat' dir='ltr'>(a)</span> <span class='ocrx_word' id='word_1_267' title='bbox 1517 4269 1637 4352; x_wconf 70' lang='lat' dir='ltr'>&#39;doro--</span> 
     </span>
     <span class='ocr_line' id='line_1_32' title="bbox 190 4379 1629 4498; baseline -0.003 -28"><span class='ocrx_word' id='word_1_268' title='bbox 190 4385 418 4492; x_wconf 62' lang='lat' dir='ltr'>»susspirans</span> <span class='ocrx_word' id='word_1_269' title='bbox 432 4385 564 4485; x_wconf 69' lang='lat' dir='ltr'>sinnas</span> <span class='ocrx_word' id='word_1_270' title='bbox 586 4390 627 4470; x_wconf 92' lang='lat' dir='ltr'>in</span> <span class='ocrx_word' id='word_1_271' title='bbox 647 4417 729 4498; x_wconf 90' lang='lat' dir='ltr'>quo</span> <span class='ocrx_word' id='word_1_272' title='bbox 747 4390 937 4472; x_wconf 83' lang='lat' dir='ltr'>humores</span> <span class='ocrx_word' id='word_1_273' title='bbox 950 4382 999 4467; x_wconf 91' lang='lat' dir='ltr'>ab</span> <span class='ocrx_word' id='word_1_274' title='bbox 1021 4383 1185 4466; x_wconf 89' lang='lat' dir='ltr'>internis</span> <span class='ocrx_word' id='word_1_275' title='bbox 1205 4379 1254 4464; x_wconf 92' lang='lat' dir='ltr'>ad</span> <span class='ocrx_word' id='word_1_276' title='bbox 1271 4407 1433 4465; x_wconf 89' lang='lat' dir='ltr'>exrema</span> <span class='ocrx_word' id='word_1_277' title='bbox 1452 4380 1629 4468; x_wconf 88' lang='lat' dir='ltr'>semntur</span> 
     </span>
     <span class='ocr_line' id='line_1_33' title="bbox 192 4491 1635 4609; baseline -0.006 -22"><span class='ocrx_word' id='word_1_278' title='bbox 192 4502 231 4587; x_wconf 93' lang='lat' dir='ltr'>vi</span> <span class='ocrx_word' id='word_1_279' title='bbox 258 4527 414 4584; x_wconf 75' lang='lat' dir='ltr'>natura.</span> <span class='ocrx_word' id='word_1_280' title='bbox 446 4501 598 4586; x_wconf 80' lang='lat' dir='ltr'>Verhm</span> <span class='ocrx_word' id='word_1_281' title='bbox 626 4505 668 4586; x_wconf 90' lang='lat' dir='ltr'>in</span> <span class='ocrx_word' id='word_1_282' title='bbox 693 4499 843 4584; x_wconf 90' lang='lat' dir='ltr'>morbis</span> <span class='ocrx_word' id='word_1_283' title='bbox 868 4498 919 4584; x_wconf 88' lang='lat' dir='ltr'>de</span> <span class='ocrx_word' id='word_1_284' title='bbox 945 4491 1086 4608; x_wconf 90' lang='lat' dir='ltr'>quibus</span> <span class='ocrx_word' id='word_1_285' title='bbox 1113 4525 1220 4582; x_wconf 90' lang='lat' dir='ltr'>nunc</span> <span class='ocrx_word' id='word_1_286' title='bbox 1247 4498 1399 4609; x_wconf 88' lang='lat' dir='ltr'>agimus</span> <span class='ocrx_word' id='word_1_287' title='bbox 1427 4494 1478 4580; x_wconf 94' lang='lat' dir='ltr'>du</span> <span class='ocrx_word' id='word_1_288' title='bbox 1508 4493 1635 4582; x_wconf 89' lang='lat' dir='ltr'>licem</span> 
     </span>
     <span class='ocr_line' id='line_1_34' title="bbox 193 4526 1631 4730; baseline -0.001 -32"><span class='ocrx_word' id='word_1_289' title='bbox 193 4643 355 4730; x_wconf 88' lang='lat' dir='ltr'>operam</span> <span class='ocrx_word' id='word_1_290' title='bbox 389 4617 470 4728; x_wconf 91' lang='lat' dir='ltr'>agit</span> <span class='ocrx_word' id='word_1_291' title='bbox 497 4607 733 4720; x_wconf 68' lang='lat' dir='ltr'>a&#39;soxfr&#39;hrsr</span> <span class='ocrx_word' id='word_1_292' title='bbox 762 4610 831 4696; x_wconf 89' lang='lat' dir='ltr'>illa</span> <span class='ocrx_word' id='word_1_293' title='bbox 862 4607 1021 4710; x_wconf 70' lang='lat' dir='ltr'>lovanie</span> <span class='ocrx_word' id='word_1_294' title='bbox 1052 4607 1211 4696; x_wconf 87' lang='lat' dir='ltr'>Galeno</span> <span class='ocrx_word' id='word_1_295' title='bbox 1237 4608 1290 4693; x_wconf 87' lang='lat' dir='ltr'>fic</span> <span class='ocrx_word' id='word_1_296' title='bbox 1315 4607 1445 4720; x_wconf 69' lang='lat' dir='ltr'>dieis,</span> <span class='ocrx_word' id='word_1_297' title='bbox 1475 4526 1543 4696; x_wconf 62' lang='lat' dir='ltr'>seu</span> <span class='ocrx_word' id='word_1_298' title='bbox 1569 4608 1631 4696; x_wconf 77' lang='lat' dir='ltr'>ris</span> 
     </span>
     <span class='ocr_line' id='line_1_35' title="bbox 182 4721 1633 4844; baseline -0.003 -33"><span class='ocrx_word' id='word_1_299' title='bbox 182 4727 378 4844; x_wconf 82' lang='lat' dir='ltr'>separans.</span> <span class='ocrx_word' id='word_1_300' title='bbox 419 4727 613 4843; x_wconf 89' lang='lat' dir='ltr'>Segregat</span> <span class='ocrx_word' id='word_1_301' title='bbox 641 4731 749 4816; x_wconf 89' lang='lat' dir='ltr'>enim</span> <span class='ocrx_word' id='word_1_302' title='bbox 778 4722 884 4814; x_wconf 89' lang='lat' dir='ltr'>mala</span> <span class='ocrx_word' id='word_1_303' title='bbox 914 4723 937 4811; x_wconf 63' lang='lat' dir='ltr'>a</span> <span class='ocrx_word' id='word_1_304' title='bbox 967 4721 1082 4811; x_wconf 87' lang='lat' dir='ltr'>bonis</span> <span class='ocrx_word' id='word_1_305' title='bbox 1107 4754 1122 4828; x_wconf 90' lang='lat'>;</span> <span class='ocrx_word' id='word_1_306' title='bbox 1151 4723 1353 4840; x_wconf 84' lang='lat' dir='ltr'>segregata</span> <span class='ocrx_word' id='word_1_307' title='bbox 1378 4751 1511 4812; x_wconf 88' lang='lat' dir='ltr'>autem</span> <span class='ocrx_word' id='word_1_308' title='bbox 1538 4728 1633 4812; x_wconf 70' lang='lat' dir='ltr'>eiam</span> 
     </span>
    </p>
   </div>
   <div class='ocr_carea' id='block_1_8' title="bbox 151 4927 1602 5112">
    <p class='ocr_par' dir='ltr' id='par_1_8' title="bbox 151 4927 1602 5112">
     <span class='ocr_line' id='line_1_36' title="bbox 151 4927 1602 5112; baseline -0.01 -103"><span class='ocrx_word' id='word_1_309' title='bbox 151 5030 156 5038; x_wconf 88' lang='lat'><strong>.</strong></span> <span class='ocrx_word' id='word_1_310' title='bbox 233 4927 602 5020; x_wconf 54' lang='lat' dir='ltr'>(arnesqssdihs</span> <span class='ocrx_word' id='word_1_311' title='bbox 1279 4979 1406 5112; x_wconf 65' lang='lat' dir='ltr'><strong>.Hii</strong></span> <span class='ocrx_word' id='word_1_312' title='bbox 1489 4975 1493 4982; x_wconf 85' lang='lat'>·</span> <span class='ocrx_word' id='word_1_313' title='bbox 1578 4942 1602 5000; x_wconf 66' lang='lat' dir='ltr'>r</span> 
     </span>
    </p>
   </div>
   <div class='ocr_carea' id='block_1_9' title="bbox 0 0 2111 5908">
    <p class='ocr_par' dir='ltr' id='par_1_9' title="bbox 0 0 2111 5908">
     <span class='ocr_line' id='line_1_37' title="bbox 0 0 2111 5908; baseline 0 0"><span class='ocrx_word' id='word_1_314' title='bbox 0 0 2111 5908; x_wconf 95' lang='lat' dir='ltr'> </span> 
     </span>
    </p>
   </div>
  </div>
 </body>
</html>
