4226 5916
613 361 1147 512 'curavere
1528 365 1631 533 n,

176 580 307 670 levior
362 585 520 691 erfico,
556 584 686 670 idest
719 595 760 671 ὅ(
791 586 957 672 celeribs
987 587 1055 671 sua
1083 587 1293 672 decurrens
1328 611 1540 702 tempora,
1571 598 1615 672 dr
1659 593 1661 600 ’

177 703 309 783 minus
322 611 544 782 fbrmidinis
566 698 742 784 afferens.
772 699 955 783 Consistit
979 727 1111 783 autem
1123 730 1246 813 pruna
1259 703 1301 781 in
1341 699 1614 814 ustuliphlyc-

176 837 296 895 toenae
317 810 366 894 ad
386 813 497 894 instar
517 808 809 919 sublatit,cur'n
832 809 959 895 limbo
986 811 1138 895 summe
1161 730 1465 925 erysrpelitosO,
1494 821 1535 896 δι
1561 843 1612 902 ne

179 954 272 1007 cum
287 920 577 1038 erysipelatibus
591 924 747 1006 summ-a
763 927 986 1008 acrimonia
1001 932 1042 1007 dt
1057 927 1313 1038 gangraenosrs
1327 925 1613 1040 confundatur,

177 1063 320 1120 monet
332 1033 432 1120 illud
446 1038 515 1150 ipsr
531 1041 734 1152 proprium
754 1037 873 1121 inelle
888 1040 1124 1121 carasierem
1142 1035 1250 1148 qubd
1269 1057 1442 1150 exparte
1462 1042 1503 1120 in
1523 1071 1614 1154 par·

176 1175 261 1233 tem
282 1147 491 1255 excurrat,
514 1152 636 1264 priori
661 1147 795 1234 reiis-iai
820 1149 937 1256 sede,
960 1152 1074 1233 itaut
1097 1153 1179 1233 hoc
1200 1149 1250 1233 ad
1272 1148 1398 1263 ipsum
1421 1155 1614 1264 pertineat
1644 1161 1648 1166 ’

177 1288 223 1347 ut
245 1270 287 1347 dc
308 1261 356 1348 ad
375 1263 561 1348 formicas
583 1292 664 1373 quo
687 1265 849 1347 nomine
866 1267 1000 1346 auctor
1015 1265 1143 1346 noster
1156 1266 1361 1377 herpetcm
1377 1261 1615 1377 designabat.

236 1379 293 1459 At
321 1406 445 1490 pruna
468 1403 543 1459 nec
578 1373 744 1468 limbum
773 1374 872 1459 adeb
899 1375 1120 1478 fervidum,
1152 1403 1218 1458 aur
1251 1377 1510 1484 flammeum,
1539 1408 1616 1465 nec

180 1483 449 1602 phlysioenam
485 1485 587 1574 adeo
620 1489 919 1599 nigricantem,
955 1515 1030 1570 nec
1070 1489 1249 1570 humoris
1285 1487 1479 1571 effluxum·
1514 1491 1615 1578 adeo
1647 1517 1651 1522 '

180 1629 316 1684 acrem
338 1599 457 1684 habet
476 1625 592 1710 atque
611 1601 712 1710 ignis
734 1601 903 1713 persicus
915 1659 929 1704 ,
960 1598 1029 1682 sed
1053 1598 1201 1714 perfidi
1228 1597 1388 1682 lenitate
1416 1599 1614 1712 illudens,

180 1713 413 1826 profunditis
433 1715 582 1818 exurit,
605 1718 646 1794 ὅ(
666 1709 762 1796 licet
775 1711 929 1824 aspeiiu
950 1708 1186 1797 clementior
1195 1773 1210 1820 ,
1233 1710 1430 1798 difficilibs
1446 1720 1616 1801 curatio-

182 1851 278 1908 nem
302 1852 454 1940 recipit.

241 1936 390 2022 Omnia
421 1938 463 2022 in
489 1939 580 2050 igne
606 1939 757 2051 persico
785 1938 1107 2044 vehementiora,
1131 1936 1320 2045 dolores,
1346 1942 1514 2054 pruritus
1542 1978 1550 2025 :
1578 1969 1621 2028 at

181 2055 339 2143 curatio
363 2053 585 2165 promptior
613 2077 730 2162 atque
753 2051 923 2136 facilior.
953 2051 1137 2161 Plerique
1163 2055 1340 2136 tutiores
1365 2055 1531 2138 credunt
1554 2063 1616 2160 (a)

180 2164 253 2248 sub
282 2167 383 2277 ignis
411 2165 550 2277 perfici
582 2167 748 2270 nomine
774 2163 873 2248 nihil
905 2161 1011 2246 aliud
1034 2159 1337 2274 intessigendum
1368 2165 1445 2250 esse
1481 2196 1621 2280 prater

180 2280 413 2362 anthracem
430 2275 623 2360 iGaleno
644 2275 788 2391 pluries
809 2275 1059 2390 descriptum.
1083 2275 1137 2358 Et
1155 2273 1289 2359 revera
1306 2274 1436 2361 nullus
1455 2284 1620 2364 anthrax

72 2403 74 2416 '
179 2393 263 2496 est,
283 2387 414 2474 nullus
433 2386 623 2502 phlegmo
642 2392 709 2497 qui
727 2418 809 2470 non
823 2386 970 2470 limbos
989 2385 1131 2470 habeat
1146 2385 1375 2502 erysrpelate
1388 2389 1484 2505 saepb
1499 2397 1619 2476 etiam

167 2499 262 2636 μὲ
283 2498 424 2584 diffuso
447 2501 550 2583 cons
570 2503 697 2584 icuos.
721 2501 871 2585 Vetbnr
893 2498 1033 2582 diserte
1053 2525 1192 2584 monet
1213 2503 1436 2584 Avicennas
1454 2504 1516 2607 (b)
1534 2534 1620 2589 rem

177 2643 268 2698 non
294 2611 474 2696 eamdem
504 2531 573 2694 sub
599 2611 770 2697 diversis·
784 2608 907 2695 latere
934 2609 1189 2718 nominibus,
1220 2617 1313 2694 ciam
1341 2616 1458 2696 ctianr
1489 2617 1619 2704 edicat

151 2724 399 2838 ,aliquando
424 2727 558 2837 ignem
586 2725 779 2840 perficum
806 2726 848 2804 in
874 2721 1158 2838 phlegmonem
1194 2727 1375 2811 converti
1409 2725 1517 2834 cujus
1550 2760 1619 2814 na,-

180 2869 273 2925 tura
291 2867 375 2922 non
402 2837 541 2922 eadem
558 2838 605 2922 stt
613 2899 629 2944 ,g
654 2837 750 2942 nist,
777 2861 821 2921 ut
842 2834 1070 2920 scholarum
1091 2861 1204 2918 more
1227 2833 1368 2946 loquar
1379 2899 1394 2946 ‚
1417 2868 1486 2953 per
1511 2848 1618 2930 acci-

182 2954 297 3039 dens.

238 3066 460 3174 Utrumque
482 3064 624 3178 pariter
644 3062 793 3148 malum
813 3062 1010 3178 distinguit
1031 3060 1078 3145 ab
1100 3059 1370 3176 eruptionibus
1389 3063 1619 3177 pestilentia*

178 3177 288 3262 libus
322 3175 556 3288 quibuscum
587 3177 780 3262 confundi
811 3177 937 3290 pollet
954 3235 970 3281 ,
1008 3173 1168 3284 aliisque
1199 3172 1423 3281 hujusmodi
1487 3181 1620 3269 unalis

182 3323 268 3402 quae
283 3288 382 3374 febri
399 3290 564 3403 peffimae
583 3288 723 3372 miliari
743 3290 980 3394 succedunt,
999 3313 1065 3370 aut
1081 3315 1169 3371 eam
1189 3291 1442 3374 comitantur.
1459 3208 1617 3379 ltarum

184 3402 294 3488 certe
318 3403 420 3516 apud
445 3432 532 3486 nos,
548 3400 695 3485 malum
721 3429 788 3487 aut
808 3431 953 3517 pruna,
978 3427 1044 3484 aut
1064 3404 1166 3514 ignis
1187 3403 1357 3514 persicus
1379 3403 1624 3510 Avicennae;

185 3515 298 3627 quod
322 3541 454 3598 tamen
478 3543 560 3596 non
581 3517 833 3628 incognitum
856 3513 938 3599 vidi
959 3537 1089 3596 totum
1119 3512 1336 3596 successive
1357 3543 1501 3628 corpus
1525 3549 1619 3602 cunr

185 3630 325 3741 insigni
345 3626 487 3710 dolore
516 3629 748 3739 occupasse,
777 3632 830 3710 ira
850 3635 893 3710 tit
912 3655 1018 3708 nunc
1043 3654 1152 3730 crus,
1184 3655 1290 3708 nunc
1310 3623 1515 3710 brachium
1534 3656 1619 3715 tota

185 3747 355 3825 humore
377 3737 451 3820 illo
480 3738 635 3820 sanioso
664 3739 895 3822 diffluerent,
912 3737 1062 3820 sum-md
1088 3737 1268 3820 mordaci
1293 3735 1434 3822 illo&
1463 3743 1618 3854 epider-

186 3851 337 3940 midem
356 3854 410 3935 ita
431 3847 682 3955 sublevante,
705 3877 749 3934 ut
769 3879 890 3934 omne
908 3847 1008 3932 illud
1020 3854 1061 3932 in
1078 3853 1192 3932 rimas
1206 3851 1312 3960 quast
1326 3847 1373 3932 ab
1387 3850 1486 3961 aquai
1501 3855 1626 3969 stygii,¹

187 3969 242 4052 im
274 3965 386 4048 rellas
410 3963 629 4067 fatisceret,
653 3987 744 4048 cute
767 3960 934 4067 subiens
955 3965 997 4045 in
1019 3961 1190 4046 rivulum
1214 3959 1343 4047 exesi.

241 3997 399 4161 lustula
429 4080 553 4160 inerat
585 4079 779 4189 nigricans
815 4075 1005 4186 quidem,
1044 4074 1112 4159 sed
1151 4073 1199 4157 ab
1235 4073 1358 4156 effuso
1403 4073 1616 4188 sanguine:

187 4191 318 4276 serum
347 4193 358 4272 i
390 4189 472 4272 sum
500 4187 744 4304 pellucidum
770 4214 853 4272 erat
874 4196 915 4272 ἃ
942 4190 1068 4301 digito
1088 4189 1208 4271 etiam
1233 4185 1326 4267 sano
1351 4214 1440 4270 acre
1464 4195 1505 4272 dr
1527 4221 1619 4304 pru-

187 4307 306 4388 riens.
346 4219 537 4416 Ilongum
572 4301 781 4386 duratione
808 4298 984 4404 malum,
1016 4297 1110 4380 solis
1148 4294 1385 4382 diluentibus
1413 4300 1586 4386 sanarum
1603 4366 1624 4412 „

187 4415 268 4523 jam
294 4417 398 4526 quasi
426 4412 598 4529 perfetta-
623 4412 821 4496 sanatione
852 4411 1083 4496 reviviscere
1113 4409 1268 4516 visum,
1297 4411 1432 4495 donec
1460 4415 1619 4500 tandem

186 4556 258 4643 per
279 4528 368 4643 plus
396 4525 512 4638 quim
535 4524 840 4638 quatuordecim
858 4523 1007 4608 menses
1031 4549 1138 4606 nunc
1165 4521 1321 4612 seviens
1332 4585 1347 4633 ,
1382 4555 1488 4613 nunc
1513 4557 1629 4614 mana-

187 4641 405 4728 suefaelum
428 4639 581 4724 desierit
603 4639 781 4724 omnino.

229 4825 244 4892 (
252 4821 289 4890 u)
308 4815 356 4884 Jo.
372 4813 525 4892 Gorraeus,
542 4815 590 4878 Fr·
610 4815 676 4880 Ant.
694 4815 838 4900 Moagius.
857 4812 961 4877 Annon
978 4814 1011 4872 ira
1025 4807 1160 4878 Aristum

232 4896 293 4983 (b)
312 4897 394 4962 Loco
406 4901 507 4964 citato..
888 4933 891 4940 .
