4228 5898
507 347 1399 494 ”taraonucaru*
1594 415 1646 512 aa

206 560 384 651 sensrlem
397 583 642 673 mutumque
664 564 830 665 'tutatio
857 560 1238 670 medicamentorum
1257 565 1497 680 pertingeret
1506 573 1647 680 ,quod

205 675 392 763 omnibus
414 672 506 760 laesrs
522 672 695 790 partibus
714 676 867 761 nerveis
886 703 1104 762 commune
1121 681 1184 762 est.
1199 678 1273 762 Ha
1297 677 1510 788 aliquando
1524 682 1647 770 semel

204 815 397 904 corrupto
419 797 462 872 ὃ(
481 817 551 903 per
577 792 877 904 corruptionem
902 790 1074 904 expanso
1095 821 1217 876 muco
1234 795 1302 902 qui
1324 793 1422 906 ipsas
1446 791 1582 902 alluit,
1603 801 1645 884 in

204 904 358 990 molem
376 901 610 989 immensam
635 901 907 1018 glomerantur
928 906 973 986 a·
997 931 1066 1016 per
1087 903 1185 990 solia
1206 903 1328 992 multa
1351 906 1461 992 foede
1487 911 1644 998 excres-

206 1045 316 1102 cunt.
345 1017 393 1101 Id
415 1043 632 1113 commune
661 1019 742 1123 est,
765 1020 807 1100 in
828 1014 990 1132 lingui,
1018 1047 1125 1124 ano,
1148 1016 1268 1102 vulvi
1293 1017 1453 1132 aliisque
1471 1022 1646 1135 partibus

206 1162 301 1242 quas
323 1127 476 1246 papilla
498 1127 575 1217 illa
594 1157 744 1216 nerveae
763 1130 1003 1244 distinguunt
1020 1141 1062 1216 ὃ(
1078 1161 1162 1240 qua
1189 1135 1446 1220 irritationem
1472 1133 1644 1247 aliquam

202 1244 420 1334 uiolentius
438 1242 548 1357 passa
574 1241 719 1330 abeunt
731 1247 773 1328 in
788 1247 922 1328 cancri
950 1243 1122 1358 speciem
1145 1245 1375 1332 difformem
1386 1309 1401 1354 ,
1423 1252 1554 1334 vicina
1570 1250 1643 1336 de·
1726 1353 1729 1358 Ι

70 1384 78 1405 ·
203 1359 432 1473 pascentem
449 1365 491 1440 ὅ(
506 1354 617 1441 brevi
638 1361 748 1444 exitu
762 1355 938 1443 feralem.

266 1469 493 1556 Maculatur
512 1473 612 1556 cutic
638 1473 665 1554 fi
690 1501 774 1556 non
793 1472 999 1558 universam
1025 1477 1068 1555 dt
1089 1473 1131 1554 in
1151 1467 1238 1555 toti
1262 1469 1328 1556 suri
1349 1471 1552 1562 substantii
1568 1509 1643 1564 co-

204 1581 271 1668 lor
287 1582 369 1691 ejus
384 1610 568 1669 mutetur.
586 1585 631 1669 Si
655 1588 760 1669 enim
778 1582 963 1671 alteretur
983 1590 1026 1668 dt
1049 1608 1223 1669 mutetur
1244 1585 1511 1698 ,undequique
1528 1589 1644 1680 color

202 1696 305 1804 ille,
333 1699 379 1780 fit
407 1696 615 1812 erysipelas
645 1695 897 1807 universale,
928 1694 1026 1810 sape
1051 1693 1236 1804 lethale,
1272 1697 1485 1810 aliquandi)
1541 1707 1642 1790 arvis

207 1811 427 1896 danaum
451 1809 609 1926 pustulis
631 1809 713 1896 fere
733 1811 813 1898 stne
840 1808 1051 1898 intervallo
1079 1809 1148 1895 srbi
1169 1809 1480 1918 cohaerenuiaus3
1500 1734 1643 1906 liveri

205 1922 494 2040 superabundet
525 1928 628 2011 intas
658 1921 866 2034 materies,
894 1924 1035 2010 defluit
1062 1922 1159 2040 sape
1181 1924 1417 2040 superfluum
1442 1928 1491 2013 ad
1513 1955 1642 2044 parter

204 2040 375 2124 internas
398 2035 471 2122 ubi
501 2068 583 2123 non
603 2035 807 2155 erysrpelas
840 2037 987 2126 excitat
1002 2069 1014 2140 3
1029 2069 1122 2124 nam
1147 2035 1215 2122 ubi
1239 2069 1322 2124 non
1349 2043 1403 2126 est
1427 2044 1557 2150 cutis,
1585 2042 1642 2130 ibi

205 2180 288 2236 non
306 2153 361 2238 est
383 2150 588 2266 eryfipelas
597 2215 612 2260 ,
627 2150 694 2238 sed
718 2153 877 2259 tulsrm‚
902 2151 970 2240 sed
988 2154 1188 2258 tormina,
1217 2159 1259 2240 dt
1272 2153 1431 2240 nauseas
1439 2218 1454 2261 ,
1470 2142 1538 2239 sed
1553 2155 1641 2242 illa-

206 2267 494 2377 crymationem
503 2328 516 2372 ‚
528 2263 754 2352 surditatem
770 2275 812 2352 dt
823 2263 1047 2373 hujusmodi
1062 2263 1322 2380 symptomata
1337 2271 1526 2354 concitat.
1540 2270 1640 2383 Ery*

206 2377 371 2492 ¹stpelatia
396 2378 621 2464 universalis
647 2407 790 2464 naturae
814 2405 1006 2495 repugnat
1030 2405 1075 2464 ut
1095 2379 1213 2493 poisat
1241 2377 1377 2465 haberi
1402 2411 1475 2496 pro
1501 2383 1641 2498 phleg-

210 2491 399 2597 monode,
417 2495 510 2576 ciam
524 2496 701 2608 protinias
719 2496 760 2578 in
774 2521 947 2580 mortem
960 2491 1085 2578 abiret
1095 2523 1108 2592 ς
1119 2491 1185 2580 sed
1197 2519 1241 2580 ut
1256 2493 1544 2578 oedematosum
1563 2499 1639 2588 esse

208 2608 351 2720 potest,
365 2608 419 2689 ita
434 2609 618 2694 nonrarb
633 2608 674 2688 in
688 2605 985 2719 gangraenosum
1005 2605 1192 2720 progredi
1210 2609 1364 2719 potest,
1384 2609 1469 2692 imo
1489 2638 1562 2721 pro
1579 2640 1640 2695 na·

205 2717 289 2804 ruri
312 2718 438 2805 causa
464 2722 507 2802 in
526 2715 756 2833 sphacelum
778 2721 905 2824 verti,
928 2745 975 2802 ut
993 2743 1101 2832 patet
1114 2745 1165 2801 ex
1182 2719 1460 2804 constitutione
1477 2721 1637 2821 >rituali

204 2831 255 2918 fic
271 2829 374 2918 ditae
393 2831 631 2949 Hippocrati
649 2829 719 2915 lib.
739 2831 773 2914 E
802 2831 921 2918 idem.
949 2863 1011 2938 ς..
1164 2860 1169 2875 ·
1614 2925 1617 2930 ,

272 2946 354 3032 Sed
373 2950 466 3030 ciam
492 2945 544 3032 de
562 2947 623 3033 his
646 2942 735 3034 satis
758 2861 844 3030 sisa
866 2949 1021 3059 egerint
1049 2947 1227 3042 auctores
1251 2947 1319 3054 qui
1344 2943 1394 3030 de
1412 2945 1637 3034 tumoribus

203 3057 462 3176 scripserunt,
475 3089 558 3144 non
577 3061 630 3146 est
643 3057 744 3144 adei>
758 3060 853 3145 huic
866 3056 1135 3144 inhaerendum
1151 3055 1340 3170 diagnosr.
1370 3057 1491 3143 Fiunt
1505 3087 1637 3149 tamea
1658 3097 1659 3102 ¹

203 3171 417 3285 aliquandi>
436 3175 618 3259 homines
638 3173 838 3308 sanguinei
860 3173 1159 3288 temperamenti
1185 3178 1228 3253 ὅ(
1249 3167 1422 3276 ejusdem
1446 3177 1636 3259 constitu-

202 3289 322 3372 tionis
346 3285 529 3374 mulieres
552 3286 766 3392 iatpo‘ipu,
790 3313 835 3370 ut
856 3283 993 3400 linguai
1011 3282 1423 3405 Hippocraticigt'tat,
1452 3286 1637 3402 prarubri

200 3401 282 3486 stne
297 3403 396 3513 erysr
448 3399 538 3490 late.
600 3399 682 3484 uod
701 3425 768 3483 aut
785 3395 806 3484 *a
825 3395 1008 3513 plethord
1021 3395 1266 3504 exundante,
1280 3423 1324 3481 ut
1346 3399 1547 3513 suppressas
1562 3403 1636 3484 haa-

201 3429 522 3620 morrhoidiiaus,
539 3511 607 3600 vel
628 3515 824 3597 menstruo
845 3511 1034 3626 sanguine
1052 3512 1122 3620 fit,
1145 3536 1212 3596 aut
1232 3508 1254 3594 ia
1277 3509 1429 3624 spasmo
1451 3510 1634 3598 violento

201 3657 246 3713 ut
263 3633 305 3713 in
325 3625 616 3732 iridtsurore,
631 3625 879 3712 autdemiam
891 3653 987 3710 cum
998 3627 1149 3741 pruritu
1167 3628 1323 3710 enormi
1336 3621 1385 3710 ab
1399 3651 1517 3709 enato
1531 3629 1634 3711 inrito

200 3742 434 3849 fermento,
458 3743 544 3826 imo
567 3739 696 3826 adhuc
733 3742 833 3825 intra
853 3735 1121 3825 ventriculum
1145 3741 1314 3824 haerente
1347 3736 1457 3851 quod
1485 3738 1581 3856 saepd
1612 3737 1634 3824 a

197 3857 386 3942 comestis
407 3854 691 3970 imprudentius
715 3851 877 3964 myrtalis
900 3851 1058 3940 accidit.
1092 3851 1194 3960 Quae
1220 3854 1354 3936 omnia
1371 3849 1484 3943 ‘breui
1508 3850 1633 3935 resol-

199 3970 413 4078 ¹tuntur,s1
439 3963 670 4054 universalia
687 3965 804 4074 sunt,
820 3993 887 4052 aut
905 3969 947 4051 in
966 3963 1171 4082 eryfipelas
1193 3965 1454 4073 transerant,s1
1476 3961 1497 4045 ir
1517 3963 1633 4053 caussa

198 4085 395 4201 vivaciori
406 4084 590 4170 flammas
609 4082 877 4197 conceperint
1585 4131 1589 4138 -

258 4195 421 4282 Caterae
438 4224 578 4280 omnes
598 4193 919 4282 decolorationea
940 4221 1007 4280 aut
1021 4189 1208 4276 colorum
1230 4191 1467 4274 mutationes
1485 4191 1526 4274 in
1541 4219 1633 4280 cute

200 4309 254 4394 ad
266 4313 411 4397 illeroa
432 4308 664 4415 reseruntur,
678 4339 801 4419 quum
818 4307 907 4394 bilis
924 4307 1102 4394 actuore
1116 4300 1305 4388 facillime
1321 4301 1370 4387 ad
1382 4323 1516 4389 cutem
1529 4307 1633 4392 fera-

197 4446 267 4510 -tur
286 4423 483 4510 &serum
504 4424 648 4512 saturet
673 4419 875 4508 facillime.
1616 4447 1627 4468 ·

262 4538 369 4623 Inter
389 4541 491 4624 cutia
517 4534 838 4624 decolorationes
865 4532 996 4618 forsan
1016 4530 1277 4618 recensendus
1295 4531 1400 4616 foret
1416 4529 1572 4646 pallor,
1602 4535 1631 4619 fi

201 4677 293 4733 non·
311 4649 334 4736 l
351 4649 471 4738 cauti
494 4646 719 4744 chloroticd
740 4674 808 4734 aut
831 4647 1084 4734 exhaustione
1111 4645 1302 4763 pendeat,
1331 4668 1399 4730 aut
1421 4645 1581 4728 demum
1611 4643 1632 4730 l

204 4761 233 4847 s
252 4763 358 4851 asmo
383 4764 439 4852 ob
462 4765 620 4851 affer
637 4765 785 4872 animi,
816 4787 884 4848 aut
901 4758 1112 4850 ventriculi
1131 4761 1352 4876 perversum
1367 4761 1504 4844 statum
1524 4783 1629 4842 nato.
1725 4836 1728 4853 ,

200 4793 289 4966 «sad
312 4878 443 4996 pallor
464 4876 602 4966 habitu
617 4881 839 4966 contradus
860 4879 951 4966 rard
970 4873 1018 4962 ab
1044 4873 1130 4990 ipsi
1151 4901 1244 4962 cute
1267 4875 1446 4992 pendet,
1477 4873 1547 4956 nist
1571 4894 1632 4954 ta-v
