<?xml version="1.0" encoding="UTF-8"?>
<!DOCTYPE html PUBLIC "-//W3C//DTD XHTML 1.0 Transitional//EN"
    "http://www.w3.org/TR/xhtml1/DTD/xhtml1-transitional.dtd">
<html xmlns="http://www.w3.org/1999/xhtml" xml:lang="en" lang="en">
 <head>
  <title>
</title>
<meta http-equiv="Content-Type" content="text/html;charset=utf-8" />
  <meta name='ocr-system' content='tesseract 3.04.00' />
  <meta name='ocr-capabilities' content='ocr_page ocr_carea ocr_par ocr_line ocrx_word'/>
</head>
<body>
  <div class='ocr_page' id='page_1' title='image "./tractatusdemorb00cavegoog_0344.png"; bbox 0 0 4188 5916; ppageno 0'>
   <div class='ocr_carea' id='block_1_1' title="bbox 660 411 1620 530">
    <p class='ocr_par' dir='ltr' id='par_1_1' title="bbox 660 411 1620 530">
     <span class='ocr_line' id='line_1_1' title="bbox 660 411 1620 530; baseline 0.006 -29"><span class='ocrx_word' id='word_1_1' title='bbox 660 411 1151 501; x_wconf 78' lang='lat' dir='ltr'>curnnnis</span> <span class='ocrx_word' id='word_1_2' title='bbox 1544 451 1620 530; x_wconf 62' lang='lat'>3„</span> 
     </span>
    </p>
   </div>
   <div class='ocr_carea' id='block_1_2' title="bbox 89 573 1645 4181">
    <p class='ocr_par' dir='ltr' id='par_1_2' title="bbox 89 573 1626 804">
     <span class='ocr_line' id='line_1_2' title="bbox 252 573 1626 692; baseline 0.006 -32"><span class='ocrx_word' id='word_1_3' title='bbox 252 575 403 660; x_wconf 77' lang='lat' dir='ltr'>Verum</span> <span class='ocrx_word' id='word_1_4' title='bbox 424 574 447 660; x_wconf 74' lang='lat' dir='ltr'>{i</span> <span class='ocrx_word' id='word_1_5' title='bbox 472 577 619 662; x_wconf 76' lang='lat' dir='ltr'>ceteris</span> <span class='ocrx_word' id='word_1_6' title='bbox 643 605 810 692; x_wconf 84' lang='lat' dir='ltr'>praxeos</span> <span class='ocrx_word' id='word_1_7' title='bbox 835 576 1058 660; x_wconf 69' lang='lat' dir='ltr'>sudoribus</span> <span class='ocrx_word' id='word_1_8' title='bbox 1084 606 1170 691; x_wconf 90' lang='lat' dir='ltr'>pars</span> <span class='ocrx_word' id='word_1_9' title='bbox 1194 573 1263 662; x_wconf 91' lang='lat' dir='ltr'>illa</span> <span class='ocrx_word' id='word_1_10' title='bbox 1287 579 1342 662; x_wconf 90' lang='lat' dir='ltr'>ita</span> <span class='ocrx_word' id='word_1_11' title='bbox 1366 574 1449 662; x_wconf 72' lang='lat' dir='ltr'>ferd</span> <span class='ocrx_word' id='word_1_12' title='bbox 1476 577 1626 668; x_wconf 86' lang='lat' dir='ltr'>deserta</span> 
     </span>
     <span class='ocr_line' id='line_1_3' title="bbox 89 688 1624 804; baseline 0.005 -32"><span class='ocrx_word' id='word_1_13' title='bbox 89 689 91 694; x_wconf 79' lang='grc'><strong>’</strong></span> <span class='ocrx_word' id='word_1_14' title='bbox 195 691 248 772; x_wconf 89' lang='lat' dir='ltr'>est</span> <span class='ocrx_word' id='word_1_15' title='bbox 269 713 385 801; x_wconf 88' lang='lat' dir='ltr'>atque</span> <span class='ocrx_word' id='word_1_16' title='bbox 406 689 613 796; x_wconf 71' lang='lat' dir='ltr'>derelicta,</span> <span class='ocrx_word' id='word_1_17' title='bbox 638 713 683 773; x_wconf 90' lang='lat' dir='ltr'>ui</span> <span class='ocrx_word' id='word_1_18' title='bbox 702 690 752 775; x_wconf 88' lang='lat' dir='ltr'>de</span> <span class='ocrx_word' id='word_1_19' title='bbox 770 688 818 798; x_wconf 66' lang='lat' dir='ltr'>es</span> <span class='ocrx_word' id='word_1_20' title='bbox 842 716 924 775; x_wconf 88' lang='lat' dir='ltr'>arte</span> <span class='ocrx_word' id='word_1_21' title='bbox 950 688 1125 774; x_wconf 90' lang='lat' dir='ltr'>siluerint</span> <span class='ocrx_word' id='word_1_22' title='bbox 1148 723 1160 789; x_wconf 80' lang='lat'>3</span> <span class='ocrx_word' id='word_1_23' title='bbox 1188 717 1264 773; x_wconf 89' lang='lat' dir='ltr'>iiec</span> <span class='ocrx_word' id='word_1_24' title='bbox 1282 689 1363 804; x_wconf 92' lang='lat' dir='ltr'>ipse</span> <span class='ocrx_word' id='word_1_25' title='bbox 1387 690 1624 781; x_wconf 87' lang='lat' dir='ltr'>Fredericus</span> 
     </span>
    </p>

    <p class='ocr_par' dir='ltr' id='par_1_3' title="bbox 194 799 1625 919">
     <span class='ocr_line' id='line_1_4' title="bbox 194 799 1625 919; baseline 0.006 -36"><span class='ocrx_word' id='word_1_26' title='bbox 194 799 464 888; x_wconf 89' lang='lat' dir='ltr'>Hoffmannus</span> <span class='ocrx_word' id='word_1_27' title='bbox 498 810 561 908; x_wconf 83' lang='grc' dir='ltr'>(α)</span> <span class='ocrx_word' id='word_1_28' title='bbox 591 800 706 894; x_wconf 87' lang='lat' dir='ltr'>aliam</span> <span class='ocrx_word' id='word_1_29' title='bbox 729 801 956 917; x_wconf 86' lang='lat' dir='ltr'>herpetibus</span> <span class='ocrx_word' id='word_1_30' title='bbox 983 805 1229 886; x_wconf 88' lang='lat' dir='ltr'>curationem</span> <span class='ocrx_word' id='word_1_31' title='bbox 1257 802 1477 911; x_wconf 90' lang='lat' dir='ltr'>ordinavit,</span> <span class='ocrx_word' id='word_1_32' title='bbox 1506 804 1625 919; x_wconf 71' lang='lat' dir='ltr'>quiin</span> 
     </span>
    </p>

    <p class='ocr_par' dir='ltr' id='par_1_4' title="bbox 195 913 1423 1026">
     <span class='ocr_line' id='line_1_5' title="bbox 195 913 1423 1026; baseline 0.003 -30"><span class='ocrx_word' id='word_1_33' title='bbox 195 941 283 997; x_wconf 86' lang='lat' dir='ltr'>eam</span> <span class='ocrx_word' id='word_1_34' title='bbox 302 946 420 1026; x_wconf 90' lang='lat' dir='ltr'>quam</span> <span class='ocrx_word' id='word_1_35' title='bbox 443 920 590 1000; x_wconf 79' lang='lat' dir='ltr'>caeteris</span> <span class='ocrx_word' id='word_1_36' title='bbox 615 913 765 1000; x_wconf 87' lang='lat' dir='ltr'>morbis</span> <span class='ocrx_word' id='word_1_37' title='bbox 788 918 963 1000; x_wconf 87' lang='lat' dir='ltr'>cutaneis</span> <span class='ocrx_word' id='word_1_38' title='bbox 985 917 1264 998; x_wconf 84' lang='lat' dir='ltr'>concinnatam</span> <span class='ocrx_word' id='word_1_39' title='bbox 1281 913 1423 1000; x_wconf 88' lang='lat' dir='ltr'>voluit.</span> 
     </span>
    </p>

    <p class='ocr_par' dir='ltr' id='par_1_5' title="bbox 192 1024 1626 1370">
     <span class='ocr_line' id='line_1_6' title="bbox 247 1024 1626 1144; baseline -0.001 -36"><span class='ocrx_word' id='word_1_40' title='bbox 247 1024 368 1112; x_wconf 90' lang='lat' dir='ltr'>Plura</span> <span class='ocrx_word' id='word_1_41' title='bbox 385 1028 546 1138; x_wconf 88' lang='lat' dir='ltr'>quidem</span> <span class='ocrx_word' id='word_1_42' title='bbox 569 1031 799 1144; x_wconf 89' lang='lat' dir='ltr'>pharmaca,</span> <span class='ocrx_word' id='word_1_43' title='bbox 823 1029 907 1111; x_wconf 80' lang='lat' dir='ltr'>inib</span> <span class='ocrx_word' id='word_1_44' title='bbox 930 1027 1160 1112; x_wconf 82' lang='lat' dir='ltr'>immensam</span> <span class='ocrx_word' id='word_1_45' title='bbox 1179 1028 1445 1112; x_wconf 81' lang='lat' dir='ltr'>remediorum</span> <span class='ocrx_word' id='word_1_46' title='bbox 1465 1030 1514 1113; x_wconf 90' lang='lat' dir='ltr'>ad</span> <span class='ocrx_word' id='word_1_47' title='bbox 1538 1035 1626 1118; x_wconf 82' lang='lat' dir='ltr'>her.</span> 
     </span>
     <span class='ocr_line' id='line_1_7' title="bbox 193 1138 1626 1335; baseline 0.006 -113"><span class='ocrx_word' id='word_1_48' title='bbox 193 1165 330 1252; x_wconf 89' lang='lat' dir='ltr'>perum</span> <span class='ocrx_word' id='word_1_49' title='bbox 357 1170 482 1254; x_wconf 85' lang='lat' dir='ltr'>genus</span> <span class='ocrx_word' id='word_1_50' title='bbox 510 1169 631 1226; x_wconf 89' lang='lat' dir='ltr'>omne</span> <span class='ocrx_word' id='word_1_51' title='bbox 659 1139 761 1335; x_wconf 65' lang='lat' dir='ltr'>ppud</span> <span class='ocrx_word' id='word_1_52' title='bbox 788 1140 997 1256; x_wconf 81' lang='lat' dir='ltr'>scriptores</span> <span class='ocrx_word' id='word_1_53' title='bbox 1020 1139 1070 1225; x_wconf 93' lang='lat' dir='ltr'>de</span> <span class='ocrx_word' id='word_1_54' title='bbox 1094 1139 1254 1224; x_wconf 75' lang='lat' dir='ltr'>material</span> <span class='ocrx_word' id='word_1_55' title='bbox 1276 1138 1432 1226; x_wconf 75' lang='lat' dir='ltr'>medical</span> <span class='ocrx_word' id='word_1_56' title='bbox 1456 1149 1626 1257; x_wconf 88' lang='lat' dir='ltr'>reperire</span> 
     </span>
     <span class='ocr_line' id='line_1_8' title="bbox 192 1251 1625 1370; baseline 0.005 -36"><span class='ocrx_word' id='word_1_57' title='bbox 192 1253 246 1334; x_wconf 89' lang='lat' dir='ltr'>est</span> <span class='ocrx_word' id='word_1_58' title='bbox 266 1252 366 1338; x_wconf 90' lang='lat' dir='ltr'>sarra</span> <span class='ocrx_word' id='word_1_59' title='bbox 394 1256 513 1338; x_wconf 88' lang='lat' dir='ltr'>inem.</span> <span class='ocrx_word' id='word_1_60' title='bbox 543 1251 658 1338; x_wconf 82' lang='lat' dir='ltr'>Sedi</span> <span class='ocrx_word' id='word_1_61' title='bbox 692 1257 870 1336; x_wconf 87' lang='lat' dir='ltr'>aomnia</span> <span class='ocrx_word' id='word_1_62' title='bbox 893 1251 992 1336; x_wconf 92' lang='lat' dir='ltr'>nihil</span> <span class='ocrx_word' id='word_1_63' title='bbox 1015 1255 1180 1337; x_wconf 78' lang='lat' dir='ltr'>omnini)</span> <span class='ocrx_word' id='word_1_64' title='bbox 1207 1252 1338 1337; x_wconf 88' lang='lat' dir='ltr'>ferunt</span> <span class='ocrx_word' id='word_1_65' title='bbox 1365 1257 1509 1370; x_wconf 88' lang='lat' dir='ltr'>pretii,</span> <span class='ocrx_word' id='word_1_66' title='bbox 1538 1258 1625 1342; x_wconf 89' lang='lat' dir='ltr'>mil-</span> 
     </span>
    </p>

    <p class='ocr_par' dir='ltr' id='par_1_6' title="bbox 130 1285 1632 1923">
     <span class='ocr_line' id='line_1_9' title="bbox 130 1285 1625 1480; baseline 0.007 -36"><span class='ocrx_word' id='word_1_67' title='bbox 130 1353 159 1416; x_wconf 61' lang='lat'><em>*</em></span> <span class='ocrx_word' id='word_1_68' title='bbox 192 1362 350 1475; x_wconf 90' lang='lat' dir='ltr'>lamque</span> <span class='ocrx_word' id='word_1_69' title='bbox 366 1285 508 1450; x_wconf 71' lang='lat' dir='ltr'>lucem</span> <span class='ocrx_word' id='word_1_70' title='bbox 532 1369 656 1450; x_wconf 92' lang='lat' dir='ltr'>menti</span> <span class='ocrx_word' id='word_1_71' title='bbox 677 1366 894 1451; x_wconf 90' lang='lat' dir='ltr'>affundunt.</span> <span class='ocrx_word' id='word_1_72' title='bbox 921 1367 1012 1448; x_wconf 86' lang='lat' dir='ltr'>Imb</span> <span class='ocrx_word' id='word_1_73' title='bbox 1033 1374 1074 1449; x_wconf 72' lang='grc' dir='ltr'>ὃ(</span> <span class='ocrx_word' id='word_1_74' title='bbox 1098 1364 1319 1479; x_wconf 91' lang='lat' dir='ltr'>periculum</span> <span class='ocrx_word' id='word_1_75' title='bbox 1337 1371 1476 1480; x_wconf 88' lang='lat' dir='ltr'>ingens</span> <span class='ocrx_word' id='word_1_76' title='bbox 1501 1371 1553 1451; x_wconf 80' lang='lat' dir='ltr'>esi</span> <span class='ocrx_word' id='word_1_77' title='bbox 1575 1401 1625 1456; x_wconf 91' lang='lat' dir='ltr'>rie</span> 
     </span>
     <span class='ocr_line' id='line_1_10' title="bbox 183 1475 1625 1599; baseline 0.006 -41"><span class='ocrx_word' id='word_1_78' title='bbox 183 1507 222 1558; x_wconf 84' lang='lat' dir='ltr'>-ae</span> <span class='ocrx_word' id='word_1_79' title='bbox 251 1479 302 1561; x_wconf 89' lang='lat' dir='ltr'>ris</span> <span class='ocrx_word' id='word_1_80' title='bbox 322 1482 538 1592; x_wconf 88' lang='lat' dir='ltr'>perniciem</span> <span class='ocrx_word' id='word_1_81' title='bbox 558 1482 689 1594; x_wconf 79' lang='lat' dir='ltr'>potius</span> <span class='ocrx_word' id='word_1_82' title='bbox 709 1475 827 1588; x_wconf 74' lang='lat' dir='ltr'>quim</span> <span class='ocrx_word' id='word_1_83' title='bbox 845 1475 1008 1599; x_wconf 71' lang='lat' dir='ltr'>salutem</span> <span class='ocrx_word' id='word_1_84' title='bbox 1029 1479 1202 1562; x_wconf 89' lang='lat' dir='ltr'>afferant.</span> <span class='ocrx_word' id='word_1_85' title='bbox 1231 1477 1423 1590; x_wconf 88' lang='lat' dir='ltr'>Pleraque</span> <span class='ocrx_word' id='word_1_86' title='bbox 1444 1483 1550 1564; x_wconf 87' lang='lat' dir='ltr'>enini</span> <span class='ocrx_word' id='word_1_87' title='bbox 1575 1509 1625 1566; x_wconf 86' lang='lat' dir='ltr'>ex</span> 
     </span>
     <span class='ocr_line' id='line_1_11' title="bbox 191 1507 1625 1706; baseline 0.005 -36"><span class='ocrx_word' id='word_1_88' title='bbox 191 1507 510 1705; x_wconf 75' lang='lat' dir='ltr'>adstringendum</span> <span class='ocrx_word' id='word_1_89' title='bbox 525 1619 691 1676; x_wconf 92' lang='lat' dir='ltr'>numero</span> <span class='ocrx_word' id='word_1_90' title='bbox 705 1590 794 1674; x_wconf 92' lang='lat' dir='ltr'>sunt</span> <span class='ocrx_word' id='word_1_91' title='bbox 811 1589 1164 1705; x_wconf 85' lang='lat' dir='ltr'>&amp;retropellendo</span> <span class='ocrx_word' id='word_1_92' title='bbox 1178 1593 1336 1674; x_wconf 92' lang='lat' dir='ltr'>humori</span> <span class='ocrx_word' id='word_1_93' title='bbox 1354 1618 1442 1706; x_wconf 90' lang='lat' dir='ltr'>apta</span> <span class='ocrx_word' id='word_1_94' title='bbox 1451 1655 1465 1698; x_wconf 90' lang='lat'>,</span> <span class='ocrx_word' id='word_1_95' title='bbox 1482 1596 1625 1677; x_wconf 90' lang='lat' dir='ltr'>incon-</span> 
     </span>
     <span class='ocr_line' id='line_1_12' title="bbox 192 1701 1626 1816; baseline 0.005 -30"><span class='ocrx_word' id='word_1_96' title='bbox 192 1701 392 1812; x_wconf 75' lang='lat' dir='ltr'>cinndque</span> <span class='ocrx_word' id='word_1_97' title='bbox 409 1705 570 1788; x_wconf 89' lang='lat' dir='ltr'>admota</span> <span class='ocrx_word' id='word_1_98' title='bbox 591 1703 766 1789; x_wconf 89' lang='lat' dir='ltr'>nocendi</span> <span class='ocrx_word' id='word_1_99' title='bbox 782 1705 865 1786; x_wconf 88' lang='lat' dir='ltr'>vim</span> <span class='ocrx_word' id='word_1_100' title='bbox 886 1701 1079 1788; x_wconf 90' lang='lat' dir='ltr'>obtinent.</span> <span class='ocrx_word' id='word_1_101' title='bbox 1105 1701 1180 1786; x_wconf 88' lang='lat' dir='ltr'>Illa</span> <span class='ocrx_word' id='word_1_102' title='bbox 1199 1730 1297 1816; x_wconf 87' lang='lat' dir='ltr'>ergo</span> <span class='ocrx_word' id='word_1_103' title='bbox 1316 1707 1381 1788; x_wconf 88' lang='lat' dir='ltr'>hic</span> <span class='ocrx_word' id='word_1_104' title='bbox 1396 1733 1626 1794; x_wconf 87' lang='lat' dir='ltr'>enumerare</span> 
     </span>
     <span class='ocr_line' id='line_1_13' title="bbox 190 1807 1632 1923; baseline 0.002 -25"><span class='ocrx_word' id='word_1_105' title='bbox 190 1841 276 1898; x_wconf 93' lang='lat' dir='ltr'>non</span> <span class='ocrx_word' id='word_1_106' title='bbox 299 1842 349 1898; x_wconf 87' lang='lat' dir='ltr'>ex</span> <span class='ocrx_word' id='word_1_107' title='bbox 371 1823 476 1923; x_wconf 81' lang='lat' dir='ltr'>arte,</span> <span class='ocrx_word' id='word_1_108' title='bbox 502 1815 570 1901; x_wconf 88' lang='lat' dir='ltr'>sed</span> <span class='ocrx_word' id='word_1_109' title='bbox 592 1845 732 1900; x_wconf 86' lang='lat' dir='ltr'>contra</span> <span class='ocrx_word' id='word_1_110' title='bbox 751 1842 873 1899; x_wconf 89' lang='lat' dir='ltr'>artem</span> <span class='ocrx_word' id='word_1_111' title='bbox 896 1817 1012 1901; x_wconf 88' lang='lat' dir='ltr'>foret.</span> <span class='ocrx_word' id='word_1_112' title='bbox 1612 1807 1632 1866; x_wconf 81' lang='lat'>&#39;-</span> 
     </span>
    </p>

    <p class='ocr_par' dir='ltr' id='par_1_7' title="bbox 189 1924 1645 2582">
     <span class='ocr_line' id='line_1_14' title="bbox 247 1924 1645 2044; baseline 0.006 -34"><span class='ocrx_word' id='word_1_113' title='bbox 247 1924 366 2011; x_wconf 88' lang='lat' dir='ltr'>Plura</span> <span class='ocrx_word' id='word_1_114' title='bbox 384 1925 468 2035; x_wconf 84' lang='lat' dir='ltr'>jure</span> <span class='ocrx_word' id='word_1_115' title='bbox 482 1933 612 2013; x_wconf 91' lang='lat' dir='ltr'>nostro</span> <span class='ocrx_word' id='word_1_116' title='bbox 632 1933 748 2015; x_wconf 88' lang='lat' dir='ltr'>exiis</span> <span class='ocrx_word' id='word_1_117' title='bbox 770 1925 963 2044; x_wconf 86' lang='lat' dir='ltr'>postulare</span> <span class='ocrx_word' id='word_1_118' title='bbox 982 1927 1171 2014; x_wconf 88' lang='lat' dir='ltr'>debemus</span> <span class='ocrx_word' id='word_1_119' title='bbox 1192 1930 1258 2040; x_wconf 93' lang='lat' dir='ltr'>qui</span> <span class='ocrx_word' id='word_1_120' title='bbox 1277 1927 1327 2012; x_wconf 93' lang='lat' dir='ltr'>de</span> <span class='ocrx_word' id='word_1_121' title='bbox 1346 1928 1497 2015; x_wconf 83' lang='lat' dir='ltr'>morbis</span> <span class='ocrx_word' id='word_1_122' title='bbox 1517 1957 1645 2018; x_wconf 67' lang='lat' dir='ltr'>cutm.</span> 
     </span>
     <span class='ocr_line' id='line_1_15' title="bbox 192 2040 1625 2158; baseline 0.006 -36"><span class='ocrx_word' id='word_1_123' title='bbox 192 2041 276 2124; x_wconf 90' lang='lat' dir='ltr'>neis</span> <span class='ocrx_word' id='word_1_124' title='bbox 297 2068 346 2124; x_wconf 90' lang='lat' dir='ltr'>ex</span> <span class='ocrx_word' id='word_1_125' title='bbox 370 2042 540 2158; x_wconf 86' lang='lat' dir='ltr'>professo</span> <span class='ocrx_word' id='word_1_126' title='bbox 560 2042 815 2157; x_wconf 90' lang='lat' dir='ltr'>scripserunt,</span> <span class='ocrx_word' id='word_1_127' title='bbox 839 2044 941 2125; x_wconf 85' lang='lat' dir='ltr'>inter</span> <span class='ocrx_word' id='word_1_128' title='bbox 963 2071 1064 2152; x_wconf 90' lang='lat' dir='ltr'>quos</span> <span class='ocrx_word' id='word_1_129' title='bbox 1086 2040 1358 2152; x_wconf 87' lang='lat' dir='ltr'>Hyeronimus</span> <span class='ocrx_word' id='word_1_130' title='bbox 1374 2043 1625 2131; x_wconf 72' lang='lat' dir='ltr'>Mercurialis</span> 
     </span>
     <span class='ocr_line' id='line_1_16' title="bbox 189 2150 1626 2266; baseline 0.006 -32"><span class='ocrx_word' id='word_1_131' title='bbox 189 2155 373 2266; x_wconf 85' lang='lat' dir='ltr'>herpetes</span> <span class='ocrx_word' id='word_1_132' title='bbox 390 2153 502 2238; x_wconf 91' lang='lat' dir='ltr'>simul</span> <span class='ocrx_word' id='word_1_133' title='bbox 520 2180 637 2266; x_wconf 88' lang='lat' dir='ltr'>atque</span> <span class='ocrx_word' id='word_1_134' title='bbox 654 2155 831 2240; x_wconf 89' lang='lat' dir='ltr'>lichenes</span> <span class='ocrx_word' id='word_1_135' title='bbox 852 2153 1057 2263; x_wconf 87' lang='lat' dir='ltr'>confudit,</span> <span class='ocrx_word' id='word_1_136' title='bbox 1081 2162 1123 2238; x_wconf 73' lang='grc' dir='ltr'>δι</span> <span class='ocrx_word' id='word_1_137' title='bbox 1145 2158 1213 2238; x_wconf 87' lang='lat' dir='ltr'>vix</span> <span class='ocrx_word' id='word_1_138' title='bbox 1233 2150 1437 2238; x_wconf 90' lang='lat' dir='ltr'>lichenum</span> <span class='ocrx_word' id='word_1_139' title='bbox 1456 2160 1626 2242; x_wconf 86' lang='lat' dir='ltr'>curatio·</span> 
     </span>
     <span class='ocr_line' id='line_1_17' title="bbox 190 2263 1622 2381; baseline 0.003 -33"><span class='ocrx_word' id='word_1_140' title='bbox 190 2291 285 2349; x_wconf 90' lang='lat' dir='ltr'>nem</span> <span class='ocrx_word' id='word_1_141' title='bbox 315 2269 465 2381; x_wconf 85' lang='lat' dir='ltr'>attigit,</span> <span class='ocrx_word' id='word_1_142' title='bbox 492 2298 593 2380; x_wconf 92' lang='lat' dir='ltr'>quos</span> <span class='ocrx_word' id='word_1_143' title='bbox 620 2266 704 2352; x_wconf 75' lang='lat' dir='ltr'>sossi</span> <span class='ocrx_word' id='word_1_144' title='bbox 725 2296 832 2352; x_wconf 79' lang='lat' dir='ltr'>vena</span> <span class='ocrx_word' id='word_1_145' title='bbox 858 2267 1050 2373; x_wconf 71' lang='lat' dir='ltr'>senione,</span> <span class='ocrx_word' id='word_1_146' title='bbox 1077 2263 1343 2380; x_wconf 88' lang='lat' dir='ltr'>applicatione</span> <span class='ocrx_word' id='word_1_147' title='bbox 1372 2269 1622 2378; x_wconf 86' lang='lat' dir='ltr'>hirudinum,</span> 
     </span>
     <span class='ocr_line' id='line_1_18' title="bbox 189 2379 1624 2496; baseline 0.008 -35"><span class='ocrx_word' id='word_1_148' title='bbox 189 2403 309 2489; x_wconf 88' lang='lat' dir='ltr'>atque</span> <span class='ocrx_word' id='word_1_149' title='bbox 327 2381 468 2495; x_wconf 89' lang='lat' dir='ltr'>tepidis</span> <span class='ocrx_word' id='word_1_150' title='bbox 491 2379 641 2466; x_wconf 83' lang='lat' dir='ltr'>balneis</span> <span class='ocrx_word' id='word_1_151' title='bbox 665 2383 894 2496; x_wconf 89' lang='lat' dir='ltr'>prosecutus</span> <span class='ocrx_word' id='word_1_152' title='bbox 917 2382 990 2488; x_wconf 88' lang='lat' dir='ltr'>est,</span> <span class='ocrx_word' id='word_1_153' title='bbox 1009 2409 1232 2490; x_wconf 89' lang='lat' dir='ltr'>quanquam</span> <span class='ocrx_word' id='word_1_154' title='bbox 1246 2381 1347 2464; x_wconf 89' lang='lat' dir='ltr'>inter</span> <span class='ocrx_word' id='word_1_155' title='bbox 1364 2379 1624 2472; x_wconf 82' lang='lat' dir='ltr'>difficillimos</span> 
     </span>
     <span class='ocr_line' id='line_1_19' title="bbox 190 2491 860 2582; baseline 0.003 -6"><span class='ocrx_word' id='word_1_156' title='bbox 190 2519 328 2576; x_wconf 90' lang='lat' dir='ltr'>cutatu</span> <span class='ocrx_word' id='word_1_157' title='bbox 348 2491 513 2577; x_wconf 88' lang='lat' dir='ltr'>morbos</span> <span class='ocrx_word' id='word_1_158' title='bbox 527 2521 602 2582; x_wconf 79' lang='lat' dir='ltr'>,eos</span> <span class='ocrx_word' id='word_1_159' title='bbox 619 2521 860 2578; x_wconf 88' lang='lat' dir='ltr'>annumeret.</span> 
     </span>
    </p>

    <p class='ocr_par' dir='ltr' id='par_1_8' title="bbox 189 2600 1626 2947">
     <span class='ocr_line' id='line_1_20' title="bbox 245 2600 1624 2718; baseline 0.004 -30"><span class='ocrx_word' id='word_1_160' title='bbox 245 2603 438 2692; x_wconf 85' lang='lat' dir='ltr'>Multa&amp;</span> <span class='ocrx_word' id='word_1_161' title='bbox 455 2635 505 2691; x_wconf 87' lang='lat' dir='ltr'>ex</span> <span class='ocrx_word' id='word_1_162' title='bbox 525 2612 793 2693; x_wconf 87' lang='lat' dir='ltr'>recentiorum</span> <span class='ocrx_word' id='word_1_163' title='bbox 808 2605 996 2690; x_wconf 87' lang='lat' dir='ltr'>thesauris</span> <span class='ocrx_word' id='word_1_164' title='bbox 1011 2600 1213 2718; x_wconf 90' lang='lat' dir='ltr'>desumpta</span> <span class='ocrx_word' id='word_1_165' title='bbox 1229 2634 1308 2690; x_wconf 91' lang='lat' dir='ltr'>con</span> <span class='ocrx_word' id='word_1_166' title='bbox 1337 2605 1422 2690; x_wconf 82' lang='lat' dir='ltr'>ellit</span> <span class='ocrx_word' id='word_1_167' title='bbox 1437 2607 1498 2690; x_wconf 90' lang='lat' dir='ltr'>vir</span> <span class='ocrx_word' id='word_1_168' title='bbox 1509 2607 1624 2693; x_wconf 85' lang='lat' dir='ltr'>Doc-</span> 
     </span>
     <span class='ocr_line' id='line_1_21' title="bbox 189 2635 1625 2831; baseline 0.002 -29"><span class='ocrx_word' id='word_1_169' title='bbox 189 2717 354 2802; x_wconf 80' lang='lat' dir='ltr'>tissimus</span> <span class='ocrx_word' id='word_1_170' title='bbox 378 2716 416 2808; x_wconf 91' lang='lat' dir='ltr'>J.</span> <span class='ocrx_word' id='word_1_171' title='bbox 444 2719 603 2804; x_wconf 88' lang='lat' dir='ltr'>Turner</span> <span class='ocrx_word' id='word_1_172' title='bbox 612 2781 628 2827; x_wconf 86' lang='lat'>,</span> <span class='ocrx_word' id='word_1_173' title='bbox 650 2719 838 2804; x_wconf 88' lang='lat' dir='ltr'>Medicus</span> <span class='ocrx_word' id='word_1_174' title='bbox 858 2722 900 2800; x_wconf 93' lang='lat' dir='ltr'>iri</span> <span class='ocrx_word' id='word_1_175' title='bbox 916 2714 1057 2830; x_wconf 69' lang='lat' dir='ltr'>magnii</span> <span class='ocrx_word' id='word_1_176' title='bbox 1071 2713 1270 2801; x_wconf 71' lang='lat' dir='ltr'>Britannias</span> <span class='ocrx_word' id='word_1_177' title='bbox 1285 2635 1513 2803; x_wconf 72' lang='lat' dir='ltr'>clarishmus</span> <span class='ocrx_word' id='word_1_178' title='bbox 1523 2781 1537 2825; x_wconf 88' lang='lat'><strong>,</strong></span> <span class='ocrx_word' id='word_1_179' title='bbox 1556 2722 1625 2831; x_wconf 88' lang='lat' dir='ltr'>qui</span> 
     </span>
     <span class='ocr_line' id='line_1_22' title="bbox 189 2830 1626 2947; baseline 0 -31"><span class='ocrx_word' id='word_1_180' title='bbox 189 2834 285 2916; x_wconf 80' lang='lat' dir='ltr'>clim</span> <span class='ocrx_word' id='word_1_181' title='bbox 305 2857 439 2917; x_wconf 88' lang='lat' dir='ltr'>vetera</span> <span class='ocrx_word' id='word_1_182' title='bbox 465 2831 674 2947; x_wconf 85' lang='lat' dir='ltr'>diligenter</span> <span class='ocrx_word' id='word_1_183' title='bbox 700 2831 890 2916; x_wconf 89' lang='lat' dir='ltr'>scrutatus</span> <span class='ocrx_word' id='word_1_184' title='bbox 914 2830 981 2936; x_wconf 89' lang='lat' dir='ltr'>sit,</span> <span class='ocrx_word' id='word_1_185' title='bbox 1005 2831 1058 2913; x_wconf 80' lang='lat' dir='ltr'>eb</span> <span class='ocrx_word' id='word_1_186' title='bbox 1083 2832 1278 2913; x_wconf 90' lang='lat' dir='ltr'>tamenin</span> <span class='ocrx_word' id='word_1_187' title='bbox 1302 2832 1506 2913; x_wconf 88' lang='lat' dir='ltr'>curatione</span> <span class='ocrx_word' id='word_1_188' title='bbox 1532 2833 1626 2916; x_wconf 86' lang='lat' dir='ltr'>her-</span> 
     </span>
    </p>

    <p class='ocr_par' dir='ltr' id='par_1_9' title="bbox 241 2940 1623 3055">
     <span class='ocr_line' id='line_1_23' title="bbox 241 2940 1623 3055; baseline 0.001 -27"><span class='ocrx_word' id='word_1_189' title='bbox 241 2969 328 3028; x_wconf 89' lang='lat' dir='ltr'>tum</span> <span class='ocrx_word' id='word_1_190' title='bbox 360 2945 542 3030; x_wconf 75' lang='lat' dir='ltr'>reduetus</span> <span class='ocrx_word' id='word_1_191' title='bbox 576 2947 629 3030; x_wconf 90' lang='lat' dir='ltr'>est</span> <span class='ocrx_word' id='word_1_192' title='bbox 654 2968 700 3028; x_wconf 90' lang='lat' dir='ltr'>ut</span> <span class='ocrx_word' id='word_1_193' title='bbox 727 2948 795 3030; x_wconf 87' lang='lat' dir='ltr'>vix</span> <span class='ocrx_word' id='word_1_194' title='bbox 829 2941 852 3027; x_wconf 76' lang='lat' dir='ltr'>b</span> <span class='ocrx_word' id='word_1_195' title='bbox 880 2968 1059 3027; x_wconf 90' lang='lat' dir='ltr'>veterum</span> <span class='ocrx_word' id='word_1_196' title='bbox 1084 2942 1275 3055; x_wconf 90' lang='lat' dir='ltr'>opinione</span> <span class='ocrx_word' id='word_1_197' title='bbox 1304 2940 1516 3027; x_wconf 79' lang='lat' dir='ltr'>dissentiret</span> <span class='ocrx_word' id='word_1_198' title='bbox 1544 2943 1623 3047; x_wconf 85' lang='lat' dir='ltr'>(b).</span> 
     </span>
    </p>

    <p class='ocr_par' dir='ltr' id='par_1_10' title="bbox 182 3053 1626 4181">
     <span class='ocr_line' id='line_1_24' title="bbox 230 3053 1625 3169; baseline -0.001 -27"><span class='ocrx_word' id='word_1_199' title='bbox 230 3085 312 3142; x_wconf 85' lang='lat' dir='ltr'>enae</span> <span class='ocrx_word' id='word_1_200' title='bbox 332 3056 506 3144; x_wconf 69' lang='lat' dir='ltr'>senione</span> <span class='ocrx_word' id='word_1_201' title='bbox 528 3061 635 3142; x_wconf 88' lang='lat' dir='ltr'>enim</span> <span class='ocrx_word' id='word_1_202' title='bbox 650 3061 897 3142; x_wconf 83' lang='lat' dir='ltr'>curationem</span> <span class='ocrx_word' id='word_1_203' title='bbox 917 3055 991 3139; x_wconf 91' lang='lat' dir='ltr'>aus</span> <span class='ocrx_word' id='word_1_204' title='bbox 1011 3057 1158 3158; x_wconf 87' lang='lat' dir='ltr'>icarus,</span> <span class='ocrx_word' id='word_1_205' title='bbox 1179 3053 1271 3138; x_wconf 75' lang='lat' dir='ltr'>inde</span> <span class='ocrx_word' id='word_1_206' title='bbox 1290 3054 1450 3169; x_wconf 75' lang='lat' dir='ltr'>repentd</span> <span class='ocrx_word' id='word_1_207' title='bbox 1463 3055 1625 3144; x_wconf 83' lang='lat' dir='ltr'>adJou-</span> 
     </span>
     <span class='ocr_line' id='line_1_25' title="bbox 189 3087 1626 3284; baseline 0 -32"><span class='ocrx_word' id='word_1_208' title='bbox 189 3165 294 3254; x_wconf 88' lang='lat' dir='ltr'>berti</span> <span class='ocrx_word' id='word_1_209' title='bbox 308 3195 483 3255; x_wconf 91' lang='lat' dir='ltr'>mentem</span> <span class='ocrx_word' id='word_1_210' title='bbox 500 3169 621 3254; x_wconf 93' lang='lat' dir='ltr'>chola</span> <span class='ocrx_word' id='word_1_211' title='bbox 650 3175 739 3284; x_wconf 83' lang='lat' dir='ltr'>ogis</span> <span class='ocrx_word' id='word_1_212' title='bbox 759 3173 914 3275; x_wconf 88' lang='lat' dir='ltr'>insistit,</span> <span class='ocrx_word' id='word_1_213' title='bbox 936 3087 1058 3280; x_wconf 58' lang='lat' dir='ltr'>bsgue</span> <span class='ocrx_word' id='word_1_214' title='bbox 1077 3170 1272 3279; x_wconf 86' lang='lat' dir='ltr'>repetitis,</span> <span class='ocrx_word' id='word_1_215' title='bbox 1288 3166 1380 3252; x_wconf 71' lang='lat' dir='ltr'>inde</span> <span class='ocrx_word' id='word_1_216' title='bbox 1403 3165 1529 3281; x_wconf 85' lang='lat' dir='ltr'>longo</span> <span class='ocrx_word' id='word_1_217' title='bbox 1552 3171 1626 3252; x_wconf 90' lang='lat' dir='ltr'>usu</span> 
     </span>
     <span class='ocr_line' id='line_1_26' title="bbox 182 3202 1624 3390; baseline 0 -25"><span class='ocrx_word' id='word_1_218' title='bbox 182 3280 376 3369; x_wconf 85' lang='lat' dir='ltr'>adhibitis</span> <span class='ocrx_word' id='word_1_219' title='bbox 399 3202 722 3390; x_wconf 71' lang='lat' dir='ltr'>mercurialibus,</span> <span class='ocrx_word' id='word_1_220' title='bbox 747 3313 841 3366; x_wconf 91' lang='lat' dir='ltr'>cuni</span> <span class='ocrx_word' id='word_1_221' title='bbox 858 3279 999 3366; x_wconf 88' lang='lat' dir='ltr'>Ambr.</span> <span class='ocrx_word' id='word_1_222' title='bbox 1026 3281 1159 3364; x_wconf 85' lang='lat' dir='ltr'>Paraeo</span> <span class='ocrx_word' id='word_1_223' title='bbox 1181 3307 1299 3389; x_wconf 89' lang='lat' dir='ltr'>quem</span> <span class='ocrx_word' id='word_1_224' title='bbox 1318 3280 1490 3390; x_wconf 87' lang='lat' dir='ltr'>sequitur</span> <span class='ocrx_word' id='word_1_225' title='bbox 1509 3283 1624 3365; x_wconf 85' lang='lat' dir='ltr'>nimis</span> 
     </span>
     <span class='ocr_line' id='line_1_27' title="bbox 184 3393 1625 3510; baseline -0.001 -32"><span class='ocrx_word' id='word_1_226' title='bbox 184 3394 374 3502; x_wconf 68' lang='lat' dir='ltr'>induere,</span> <span class='ocrx_word' id='word_1_227' title='bbox 386 3396 436 3480; x_wconf 90' lang='lat' dir='ltr'>ad</span> <span class='ocrx_word' id='word_1_228' title='bbox 447 3395 678 3509; x_wconf 88' lang='lat' dir='ltr'>repellentia</span> <span class='ocrx_word' id='word_1_229' title='bbox 692 3395 965 3510; x_wconf 87' lang='lat' dir='ltr'>progreditur,</span> <span class='ocrx_word' id='word_1_230' title='bbox 978 3421 1102 3506; x_wconf 90' lang='lat' dir='ltr'>eaque</span> <span class='ocrx_word' id='word_1_231' title='bbox 1119 3394 1302 3505; x_wconf 87' lang='lat' dir='ltr'>styptica,</span> <span class='ocrx_word' id='word_1_232' title='bbox 1319 3393 1463 3508; x_wconf 74' lang='lat' dir='ltr'>quippd</span> <span class='ocrx_word' id='word_1_233' title='bbox 1478 3423 1563 3504; x_wconf 82' lang='lat' dir='ltr'>quae</span> <span class='ocrx_word' id='word_1_234' title='bbox 1574 3421 1625 3477; x_wconf 87' lang='lat' dir='ltr'>ex</span> 
     </span>
     <span class='ocr_line' id='line_1_28' title="bbox 187 3502 1625 3624; baseline -0.001 -32"><span class='ocrx_word' id='word_1_235' title='bbox 187 3535 298 3592; x_wconf 92' lang='lat' dir='ltr'>nuce</span> <span class='ocrx_word' id='word_1_236' title='bbox 310 3507 516 3618; x_wconf 58' lang='lat' dir='ltr'>quercina,</span> <span class='ocrx_word' id='word_1_237' title='bbox 534 3507 680 3624; x_wconf 88' lang='lat' dir='ltr'>gallam</span> <span class='ocrx_word' id='word_1_238' title='bbox 693 3508 854 3614; x_wconf 89' lang='lat' dir='ltr'>dicunt,</span> <span class='ocrx_word' id='word_1_239' title='bbox 874 3505 1037 3590; x_wconf 91' lang='lat' dir='ltr'>vittiolo</span> <span class='ocrx_word' id='word_1_240' title='bbox 1048 3569 1063 3611; x_wconf 89' lang='lat'><em>‚</em></span> <span class='ocrx_word' id='word_1_241' title='bbox 1083 3502 1267 3618; x_wconf 89' lang='lat' dir='ltr'>sulphure</span> <span class='ocrx_word' id='word_1_242' title='bbox 1286 3504 1516 3594; x_wconf 85' lang='lat' dir='ltr'>&amp;alumine</span> <span class='ocrx_word' id='word_1_243' title='bbox 1533 3536 1625 3591; x_wconf 94' lang='lat' dir='ltr'>con·</span> 
     </span>
     <span class='ocr_line' id='line_1_29' title="bbox 185 3615 1625 3733; baseline 0 -29"><span class='ocrx_word' id='word_1_244' title='bbox 185 3623 364 3720; x_wconf 79' lang='lat' dir='ltr'>flentur3</span> <span class='ocrx_word' id='word_1_245' title='bbox 385 3619 465 3718; x_wconf 85' lang='lat' dir='ltr'>tale</span> <span class='ocrx_word' id='word_1_246' title='bbox 482 3622 701 3706; x_wconf 89' lang='lat' dir='ltr'>remedium</span> <span class='ocrx_word' id='word_1_247' title='bbox 719 3625 761 3705; x_wconf 88' lang='lat' dir='ltr'>in</span> <span class='ocrx_word' id='word_1_248' title='bbox 776 3617 1073 3733; x_wconf 75' lang='lat' dir='ltr'>Pharmacopes</span> <span class='ocrx_word' id='word_1_249' title='bbox 1087 3615 1258 3702; x_wconf 77' lang='lat' dir='ltr'>Bateanai</span> <span class='ocrx_word' id='word_1_250' title='bbox 1274 3621 1451 3732; x_wconf 87' lang='lat' dir='ltr'>reperias.</span> <span class='ocrx_word' id='word_1_251' title='bbox 1474 3619 1625 3704; x_wconf 83' lang='lat' dir='ltr'>Verlim</span> 
     </span>
     <span class='ocr_line' id='line_1_30' title="bbox 185 3727 1624 3849; baseline 0.001 -33"><span class='ocrx_word' id='word_1_252' title='bbox 185 3735 428 3849; x_wconf 87' lang='lat' dir='ltr'>praecipuam</span> <span class='ocrx_word' id='word_1_253' title='bbox 447 3729 608 3816; x_wconf 86' lang='lat' dir='ltr'>adhibet</span> <span class='ocrx_word' id='word_1_254' title='bbox 624 3734 809 3816; x_wconf 88' lang='lat' dir='ltr'>fiduciam</span> <span class='ocrx_word' id='word_1_255' title='bbox 828 3732 914 3816; x_wconf 92' lang='lat' dir='ltr'>usui</span> <span class='ocrx_word' id='word_1_256' title='bbox 933 3758 1097 3818; x_wconf 78' lang='lat' dir='ltr'>¹externo</span> <span class='ocrx_word' id='word_1_257' title='bbox 1118 3728 1225 3813; x_wconf 74' lang='lat' dir='ltr'>laffls</span> <span class='ocrx_word' id='word_1_258' title='bbox 1244 3727 1348 3814; x_wconf 83' lang='lat' dir='ltr'>illisis</span> <span class='ocrx_word' id='word_1_259' title='bbox 1369 3730 1393 3815; x_wconf 79' lang='grc' dir='ltr'>ὲ</span> <span class='ocrx_word' id='word_1_260' title='bbox 1413 3729 1624 3816; x_wconf 88' lang='lat' dir='ltr'>sublimato</span> 
     </span>
     <span class='ocr_line' id='line_1_31' title="bbox 184 3841 1625 3958; baseline -0.006 -24"><span class='ocrx_word' id='word_1_261' title='bbox 184 3843 400 3934; x_wconf 82' lang='lat' dir='ltr'>corrosivo</span> <span class='ocrx_word' id='word_1_262' title='bbox 409 3903 425 3949; x_wconf 87' lang='lat'><em>‚</em></span> <span class='ocrx_word' id='word_1_263' title='bbox 450 3841 560 3953; x_wconf 92' lang='lat' dir='ltr'>quod</span> <span class='ocrx_word' id='word_1_264' title='bbox 583 3844 884 3958; x_wconf 83' lang='lat' dir='ltr'>Pharmacopaea</span> <span class='ocrx_word' id='word_1_265' title='bbox 902 3845 1074 3930; x_wconf 89' lang='lat' dir='ltr'>Bateana</span> <span class='ocrx_word' id='word_1_266' title='bbox 1095 3849 1157 3949; x_wconf 87' lang='lat' dir='ltr'>(c)</span> <span class='ocrx_word' id='word_1_267' title='bbox 1185 3842 1393 3958; x_wconf 77' lang='lat' dir='ltr'>descripsit.</span> <span class='ocrx_word' id='word_1_268' title='bbox 1421 3843 1625 3928; x_wconf 85' lang='lat' dir='ltr'>Differen-</span> 
     </span>
     <span class='ocr_line' id='line_1_32' title="bbox 184 3951 1625 4070; baseline 0.001 -28"><span class='ocrx_word' id='word_1_269' title='bbox 184 3963 285 4042; x_wconf 86' lang='lat' dir='ltr'>tiam</span> <span class='ocrx_word' id='word_1_270' title='bbox 311 3981 445 4040; x_wconf 90' lang='lat' dir='ltr'>tamen</span> <span class='ocrx_word' id='word_1_271' title='bbox 474 3951 645 4066; x_wconf 89' lang='lat' dir='ltr'>aliquam</span> <span class='ocrx_word' id='word_1_272' title='bbox 668 3954 754 4040; x_wconf 90' lang='lat' dir='ltr'>vult</span> <span class='ocrx_word' id='word_1_273' title='bbox 779 3955 955 4042; x_wconf 89' lang='lat' dir='ltr'>adhiberi</span> <span class='ocrx_word' id='word_1_274' title='bbox 977 3961 1018 4042; x_wconf 90' lang='lat' dir='ltr'>in</span> <span class='ocrx_word' id='word_1_275' title='bbox 1045 3960 1249 4043; x_wconf 87' lang='lat' dir='ltr'>curatione</span> <span class='ocrx_word' id='word_1_276' title='bbox 1275 3957 1445 4070; x_wconf 88' lang='lat' dir='ltr'>herpetis</span> <span class='ocrx_word' id='word_1_277' title='bbox 1464 3953 1625 4046; x_wconf 78' lang='lat' dir='ltr'>miliaria</span> 
     </span>
     <span class='ocr_line' id='line_1_33' title="bbox 185 4063 1622 4181; baseline 0 -27"><span class='ocrx_word' id='word_1_278' title='bbox 185 4097 311 4181; x_wconf 88' lang='lat' dir='ltr'>quem</span> <span class='ocrx_word' id='word_1_279' title='bbox 336 4067 622 4152; x_wconf 80' lang='lat' dir='ltr'>exsiccantibus</span> <span class='ocrx_word' id='word_1_280' title='bbox 641 4066 756 4175; x_wconf 86' lang='lat' dir='ltr'>solis,</span> <span class='ocrx_word' id='word_1_281' title='bbox 778 4067 927 4154; x_wconf 72' lang='lat' dir='ltr'>sublata</span> <span class='ocrx_word' id='word_1_282' title='bbox 947 4071 1036 4156; x_wconf 65' lang='lat' dir='ltr'>ants</span> <span class='ocrx_word' id='word_1_283' title='bbox 1063 4065 1324 4178; x_wconf 75' lang='lat' dir='ltr'>cacochymis</span> <span class='ocrx_word' id='word_1_284' title='bbox 1342 4063 1429 4151; x_wconf 93' lang='lat' dir='ltr'>vult</span> <span class='ocrx_word' id='word_1_285' title='bbox 1449 4071 1622 4177; x_wconf 71' lang='lat' dir='ltr'>crassari,</span> 
     </span>
    </p>
   </div>
   <div class='ocr_carea' id='block_1_3' title="bbox 186 4177 1623 4486">
    <p class='ocr_par' dir='ltr' id='par_1_11' title="bbox 186 4177 1623 4486">
     <span class='ocr_line' id='line_1_34' title="bbox 186 4177 1623 4310; baseline 0.001 -44"><span class='ocrx_word' id='word_1_286' title='bbox 186 4179 384 4296; x_wconf 69' lang='lat' dir='ltr'>praecipud</span> <span class='ocrx_word' id='word_1_287' title='bbox 405 4183 505 4268; x_wconf 82' lang='lat' dir='ltr'>verb</span> <span class='ocrx_word' id='word_1_288' title='bbox 526 4178 706 4268; x_wconf 87' lang='lat' dir='ltr'>adhibito</span> <span class='ocrx_word' id='word_1_289' title='bbox 725 4207 861 4268; x_wconf 89' lang='lat' dir='ltr'>cerato</span> <span class='ocrx_word' id='word_1_290' title='bbox 885 4182 908 4267; x_wconf 79' lang='grc' dir='ltr'>ὲ</span> <span class='ocrx_word' id='word_1_291' title='bbox 927 4181 1056 4298; x_wconf 89' lang='lat' dir='ltr'>lapide</span> <span class='ocrx_word' id='word_1_292' title='bbox 1076 4177 1426 4310; x_wconf 78' lang='lat' dir='ltr'>calaminariqupd</span> <span class='ocrx_word' id='word_1_293' title='bbox 1444 4181 1623 4294; x_wconf 76' lang='lat' dir='ltr'>expresse</span> 
     </span>
     <span class='ocr_line' id='line_1_35' title="bbox 187 4287 1623 4486; baseline 0.003 -108"><span class='ocrx_word' id='word_1_294' title='bbox 187 4293 403 4410; x_wconf 80' lang='lat' dir='ltr'>descripsit.</span> <span class='ocrx_word' id='word_1_295' title='bbox 432 4295 502 4380; x_wconf 84' lang='lat' dir='ltr'>Sic</span> <span class='ocrx_word' id='word_1_296' title='bbox 523 4297 642 4379; x_wconf 88' lang='lat' dir='ltr'>etiam</span> <span class='ocrx_word' id='word_1_297' title='bbox 663 4294 885 4427; x_wconf 75' lang='lat' dir='ltr'>periculosa</span> <span class='ocrx_word' id='word_1_298' title='bbox 905 4293 973 4378; x_wconf 89' lang='lat' dir='ltr'>illa</span> <span class='ocrx_word' id='word_1_299' title='bbox 989 4297 1289 4486; x_wconf 78' lang='lat' dir='ltr'>Pharmacopaea</span> <span class='ocrx_word' id='word_1_300' title='bbox 1308 4287 1478 4408; x_wconf 88' lang='lat' dir='ltr'>lapidem</span> <span class='ocrx_word' id='word_1_301' title='bbox 1501 4295 1623 4382; x_wconf 85' lang='lat' dir='ltr'>medi-</span> 
     </span>
    </p>
   </div>
   <div class='ocr_carea' id='block_1_4' title="bbox 186 4403 1624 4634">
    <p class='ocr_par' dir='ltr' id='par_1_12' title="bbox 186 4403 1624 4634">
     <span class='ocr_line' id='line_1_36' title="bbox 186 4403 1622 4512; baseline 0 -20"><span class='ocrx_word' id='word_1_302' title='bbox 186 4406 494 4512; x_wconf 84' lang='lat' dir='ltr'>camentosum‚</span> <span class='ocrx_word' id='word_1_303' title='bbox 514 4403 577 4490; x_wconf 93' lang='lat' dir='ltr'>lac</span> <span class='ocrx_word' id='word_1_304' title='bbox 596 4405 739 4489; x_wconf 88' lang='lat' dir='ltr'>saturni</span> <span class='ocrx_word' id='word_1_305' title='bbox 763 4403 990 4489; x_wconf 79' lang='lat' dir='ltr'>inconsulto</span> <span class='ocrx_word' id='word_1_306' title='bbox 1011 4430 1198 4488; x_wconf 89' lang='lat' dir='ltr'>commen</span> <span class='ocrx_word' id='word_1_307' title='bbox 1227 4429 1266 4486; x_wconf 90' lang='lat' dir='ltr'>at</span> <span class='ocrx_word' id='word_1_308' title='bbox 1278 4465 1293 4512; x_wconf 92' lang='lat'><strong>,</strong></span> <span class='ocrx_word' id='word_1_309' title='bbox 1316 4413 1357 4488; x_wconf 69' lang='lat' dir='ltr'>sit</span> <span class='ocrx_word' id='word_1_310' title='bbox 1379 4411 1431 4490; x_wconf 88' lang='lat' dir='ltr'>nu</span> <span class='ocrx_word' id='word_1_311' title='bbox 1459 4410 1622 4492; x_wconf 84' lang='lat' dir='ltr'>errimus</span> 
     </span>
     <span class='ocr_line' id='line_1_37' title="bbox 186 4517 1624 4634; baseline 0 -30"><span class='ocrx_word' id='word_1_312' title='bbox 186 4522 329 4604; x_wconf 75' lang='lat' dir='ltr'>auttor</span> <span class='ocrx_word' id='word_1_313' title='bbox 350 4518 652 4634; x_wconf 88' lang='lat' dir='ltr'>Monspeliensis</span> <span class='ocrx_word' id='word_1_314' title='bbox 673 4517 916 4630; x_wconf 86' lang='lat' dir='ltr'>Chirurgus,</span> <span class='ocrx_word' id='word_1_315' title='bbox 944 4545 1086 4628; x_wconf 89' lang='lat' dir='ltr'>aquarn</span> <span class='ocrx_word' id='word_1_316' title='bbox 1104 4521 1411 4632; x_wconf 86' lang='lat' dir='ltr'>vegeto-minet</span> <span class='ocrx_word' id='word_1_317' title='bbox 1450 4547 1514 4608; x_wconf 91' lang='lat' dir='ltr'>em</span> <span class='ocrx_word' id='word_1_318' title='bbox 1534 4520 1624 4606; x_wconf 66' lang='lat' dir='ltr'>ants</span> 
     </span>
    </p>
   </div>
   <div class='ocr_carea' id='block_1_5' title="bbox 231 4725 988 4910">
    <p class='ocr_par' dir='ltr' id='par_1_13' title="bbox 231 4725 988 4910">
     <span class='ocr_line' id='line_1_38' title="bbox 231 4725 712 4812; baseline 0.002 -23"><span class='ocrx_word' id='word_1_319' title='bbox 231 4731 289 4801; x_wconf 77' lang='grc' dir='ltr'>(α)</span> <span class='ocrx_word' id='word_1_320' title='bbox 307 4725 398 4791; x_wconf 85' lang='lat' dir='ltr'>Toni.</span> <span class='ocrx_word' id='word_1_321' title='bbox 415 4749 451 4800; x_wconf 81' lang='lat'>4,</span> <span class='ocrx_word' id='word_1_322' title='bbox 469 4748 530 4811; x_wconf 79' lang='lat' dir='ltr'>pus</span> <span class='ocrx_word' id='word_1_323' title='bbox 549 4745 582 4803; x_wconf 85' lang='lat'>5,</span> <span class='ocrx_word' id='word_1_324' title='bbox 599 4751 660 4812; x_wconf 87' lang='lat' dir='ltr'>cap.</span> <span class='ocrx_word' id='word_1_325' title='bbox 683 4746 712 4803; x_wconf 85' lang='lat'>5.</span> 
     </span>
     <span class='ocr_line' id='line_1_39' title="bbox 232 4804 988 4910; baseline 0.003 -40"><span class='ocrx_word' id='word_1_326' title='bbox 232 4809 288 4884; x_wconf 83' lang='lat' dir='ltr'>(d)</span> <span class='ocrx_word' id='word_1_327' title='bbox 309 4807 447 4872; x_wconf 83' lang='lat' dir='ltr'>Premiere</span> <span class='ocrx_word' id='word_1_328' title='bbox 467 4811 553 4893; x_wconf 85' lang='lat' dir='ltr'>partie</span> <span class='ocrx_word' id='word_1_329' title='bbox 572 4810 605 4872; x_wconf 85' lang='lat' dir='ltr'>de</span> <span class='ocrx_word' id='word_1_330' title='bbox 623 4813 651 4871; x_wconf 84' lang='lat' dir='ltr'>la</span> <span class='ocrx_word' id='word_1_331' title='bbox 668 4805 736 4872; x_wconf 83' lang='lat' dir='ltr'>trad.</span> <span class='ocrx_word' id='word_1_332' title='bbox 753 4805 839 4892; x_wconf 72' lang='lat' dir='ltr'>sranq.</span> <span class='ocrx_word' id='word_1_333' title='bbox 857 4804 938 4894; x_wconf 82' lang='lat' dir='ltr'>cbap.</span> <span class='ocrx_word' id='word_1_334' title='bbox 950 4823 988 4910; x_wconf 18' lang='grc' dir='ltr'>ις’.</span> 
     </span>
    </p>
   </div>
   <div class='ocr_carea' id='block_1_6' title="bbox 228 4889 863 4978">
    <p class='ocr_par' dir='ltr' id='par_1_14' title="bbox 228 4889 863 4978">
     <span class='ocr_line' id='line_1_40' title="bbox 228 4889 863 4978; baseline 0.009 -28"><span class='ocrx_word' id='word_1_335' title='bbox 228 4895 286 4970; x_wconf 77' lang='grc' dir='ltr'>Ι(ε)</span> <span class='ocrx_word' id='word_1_336' title='bbox 307 4889 413 4954; x_wconf 78' lang='lat' dir='ltr'>Littera</span> <span class='ocrx_word' id='word_1_337' title='bbox 428 4891 466 4956; x_wconf 70' lang='lat'>1.</span> <span class='ocrx_word' id='word_1_338' title='bbox 482 4889 550 4955; x_wconf 81' lang='lat' dir='ltr'>edii.</span> <span class='ocrx_word' id='word_1_339' title='bbox 564 4889 716 4956; x_wconf 67' lang='lat' dir='ltr'>auiam</span> <span class='ocrx_word' id='word_1_340' title='bbox 732 4911 798 4978; x_wconf 80' lang='lat' dir='ltr'>pag·</span> <span class='ocrx_word' id='word_1_341' title='bbox 811 4909 863 4972; x_wconf 70' lang='lat'>99.</span> 
     </span>
    </p>
   </div>
   <div class='ocr_carea' id='block_1_7' title="bbox 0 0 2098 5908">
    <p class='ocr_par' dir='ltr' id='par_1_15' title="bbox 0 0 2098 5908">
     <span class='ocr_line' id='line_1_41' title="bbox 0 0 2098 5908; baseline 0 0"><span class='ocrx_word' id='word_1_342' title='bbox 0 0 2098 5908; x_wconf 95' lang='lat' dir='ltr'> </span> 
     </span>
    </p>
   </div>
  </div>
 </body>
</html>
