4226 5916
461 313 551 400 ara
733 265 736 270 ’
925 283 1449 408 ΒἘΜοκΒιε

458 458 563 538 ,viro
581 449 828 537 illustrillimo
850 458 892 537 'bt
915 477 1081 566 experto
1102 452 1424 540 commendatum
1444 437 1608 535 memini
1632 445 1761 561 quise
1786 442 1903 535 nullo‘

465 565 550 652 alio
572 571 711 682 topico
733 565 977 650 sublevatum
992 564 1238 680 predicabat.
1262 565 1392 677 Quod
1407 562 1568 674 quidem
1592 561 1701 647 certb
1719 562 1908 676 sugerem

342 717 344 722 ’
414 701 423 720 ·
466 681 686 764 remedium
719 706 763 763 ut
799 678 990 794 obstipans
1025 685 1065 763 bt
1097 680 1180 762 cuti
1215 675 1438 762 indurandae
1469 701 1635 792 aptum,
1675 702 1906 786 quanquam

466 791 672 877 fatendum
701 794 746 874 srt
778 789 826 874 ab
854 818 905 874 eo
938 789 1115 875 oleosam
1149 793 1250 874 cutis
1284 789 1487 874 diathesrm
1519 785 1692 872 maxime
1720 790 1904 872 cicurari.

469 906 514 988 Si
534 907 674 989 fineret
698 907 893 1011 irritatio,
914 900 1099 1011 alcalina,
1123 903 1301 988 calcarea
1322 905 1472 1018 ingenti
1492 931 1599 1012 aquae
1619 896 1738 1010 cupii
1752 898 1900 1007 diluta,

470 1021 514 1102 br
569 1019 748 1102 rasertim
778 1018 995 1133 saponacea
1024 1019 1194 1104 mucosrs
1216 1019 1403 1122 remixta,
1430 1012 1614 1099 omnibus
1642 1015 1786 1126 topicis
1814 1045 1906 1128 pra-

468 1049 667 1216 soliarem.
693 1130 844 1215 Veram
862 1134 903 1212 in
926 1125 1066 1216 eorum
1089 1127 1187 1214 loco
1215 1125 1315 1235 nihil
1340 1127 1480 1212 melius
1508 1129 1562 1210 est
1585 1123 1735 1208 balneis
1761 1129 1906 1242 tepidis

469 1270 589 1352 atque
605 1242 995 1328 diluentibus'cutem
1014 1245 1163 1328 fovere.
1190 1245 1235 1327 si
1255 1244 1351 1332 verb
1371 1240 1518 1352 aliquid
1537 1236 1742 1324 universali
1763 1267 1905 1323 eorum

470 1356 556 1439 usui
568 1354 771 1462 obstiterit,
782 1357 917 1441 saltem
932 1356 1166 1470 semi-cupis
1179 1354 1365 1439 adhibere
1380 1354 1437 1438 fas
1453 1357 1519 1457 est,
1539 1379 1604 1434 aut
1617 1349 1755 1434 saltem
1772 1351 1905 1436 sedilia

472 1497 569 1552 cava
598 1494 681 1552 arte
705 1469 830 1576 faeta,
862 1499 945 1582 quae
971 1468 1070 1580 aquai
1094 1477 1136 1552 ὅ(
1165 1465 1461 1552 emollientibus
1491 1463 1621 1547 herbis
1652 1461 1906 1578 impleveris,

471 1580 578 1664 unde
593 1579 713 1695 longi
728 1581 891 1668 selsron'e
906 1611 992 1696 pars
1010 1585 1255 1666 humetletur
1271 1582 1444 1695 penitus,
1461 1585 1501 1661 bt
1521 1605 1662 1692 magna
1680 1579 1906 1662 acrimoniae

468 1724 559 1810 pars
583 1697 778 1780 cicuretur
806 1701 916 1778 omni
941 1696 1104 1778 ratione.

531 1812 586 1891 At
619 1809 661 1888 in
696 1810 858 1891 'mternis
888 1812 1081 1922 precipua
1115 1805 1497 1889 medicamentorum
1534 1805 1636 1886 astio
1672 1804 1905 1918 transrgitur.

473 1917 583 2003 Na'm
608 1945 866 2030 quacumque
888 1921 934 2002 srr
953 1921 1170 2003 acrimonia
1188 1918 1452 2021 retundenda,
1473 1943 1540 2000 aut
1558 1914 1789 2000 universalia
1809 1919 1907 2001 indi·

419 2033 423 2040 ’
476 2057 542 2116 cat
565 2034 788 2114 acrimonia
812 2033 1050 2140 cuicumque
1080 2031 1258 2144 opposita
1283 2030 1481 2137 remedia,
1507 2026 1573 2114 vel
1594 2025 1778 2146 specialia
1803 2037 1845 2114 bt
1865 2035 1909 2120 in

472 2145 735 2226 acrimoniam
761 2142 1000 2259 peculiarem
1022 2145 1218 2258 specifica.
1311 2205 1318 2215 -
1465 2227 1467 2232 .

533 2255 640 2338 Ciam
670 2259 767 2340 verb
796 2285 883 2340 raro
918 2283 1040 2370 genus
1067 2267 1110 2341 bt
1137 2255 1286 2371 species
1318 2257 1541 2338 acrimoniae
1569 2253 1656 2339 satis
1681 2252 1906 2338 adamuffim

474 2367 687 2452 noscantur
695 2432 707 2476 ‚
727 2397 772 2452 ut
792 2369 937 2454 diresla
990 2371 1077 2454 olsrt
1098 2373 1139 2452 in
1160 2367 1269 2452 illam
1294 2368 1399 2452 aetio
1417 2371 1586 2475 institui,
1610 2369 1730 2452 tutius
1751 2371 1805 2452 est
1821 2371 1906 2450 uni-

475 2479 637 2564 versalia
656 2481 854 2567 adhibere.
878 2483 973 2592 Qua
994 2487 1035 2566 in
1053 2477 1233 2568 efficacis
1253 2479 1314 2563 lac
1338 2485 1484 2566 caeteris
1503 2483 1657 2594 praestat.
1679 2480 1780 2563 Inde
1802 2477 1908 2564 laetis

474 2591 566 2678 usus
588 2596 786 2680 universus
808 2593 1011 2709 prodiet&
1035 2622 1153 2706 atque
1175 2595 1367 2708 regimine
1389 2597 1571 2710 princeps
1598 2595 1664 2676 hic
1689 2593 1908 2695 remedium

476 2709 698 2814 constituit,
718 2709 773 2790 sm
789 2703 917 2792 minus
936 2705 997 2791 lac
1015 2707 1203 2792 asrnirium
1216 2735 1285 2822 per
1297 2709 1466 2820 integras
1481 2707 1547 2790 sex
1566 2704 1822 2820 septimanas,
1844 2731 1908 2788 aur

431 2856 437 2869 ·
477 2819 730 2934 perduorum
746 2821 1114 2935 mensium-spatium
1155 2826 1509 2904 verebeautumno
1516 2883 1531 2927 ,
1554 2816 1684 2933 plures
1698 2847 1768 2934 per
1785 2845 1905 2902 annos

342 3018 348 3026 ,
477 2929 617 3016 debito
634 2937 824 3045 regimine
840 2932 946 3017 malo
962 2937 1092 3040 nostro
1112 2883 1305 3048 suppetias
1320 2935 1374 3016 ita
1392 2931 1512 3040 seret,
1532 2959 1577 3016 ut
1592 2931 1792 3018 ferociens
1809 2933 1908 3014 acri-

477 3048 614 3128 monia
631 3049 783 3158 penitlrs
801 3050 1063 3160 extinguatur.
1819 3065 1823 3068 ’

532 3156 745 3239 Arcadem
765 3185 847 3239 non
871 3187 1009 3244 omnes
1031 3157 1175 3266 juvant.
1208 3156 1324 3242 Undb
1348 3159 1414 3242 hlc
1436 3185 1509 3272 pto
1533 3155 1778 3242 indicatione
1803 3187 1910 3242 cura·

476 3266 581 3352 toriai
600 3270 642 3352 id
655 3267 921 3384 assumendum
935 3269 1073 3376 jubent
1091 3275 1359 3388 phoenomena
1373 3267 1509 3380 morbi
1522 3271 1589 3380 qui
1604 3267 1784 3354 robustos
1804 3269 1909 3354 solos

445 3385 447 3390 ’
481 3388 524 3463 &
540 3386 775 3465 exercitatos
786 3382 956 3491 invadit,
973 3408 1018 3467 ut
1031 3388 1254 3468 minuantur
1271 3381 1434 3490 oleosae‚
1447 3383 1535 3489 seu,
1550 3408 1595 3466 ut
1607 3411 1699 3466 cum
1713 3383 1909 3467 veteribus

479 3490 643 3602 loquar,
666 3491 879 3608 sulphurea
901 3493 1094 3610 sanguinis
1111 3525 1238 3614 partes
1245 3559 1259 3604 ‚
1282 3497 1392 3608 quod
1409 3498 1528 3580 aubiis
1549 3497 1594 3579 fit
1608 3495 1908 3580 vacuationibus

412 3625 418 3632 '
479 3605 814 3718 quibuscumque,
837 3606 1025 3720 diaetsque
1049 3610 1161 3717 srmul
1181 3613 1429 3694 humestante
1454 3611 1639 3693 strenui.
1669 3609 1781 3692 Hinc
1806 3637 1909 3719 aquae

455 3737 458 3743 ’
480 3717 688 3803 minerales
708 3718 833 3802 salina
852 3729 893 3804 ὅ(
908 3750 1139 3837 purgantes,
1161 3749 1206 3806 ut
1222 3719 1454 3829 Vallenses,
1477 3719 1752 3828 Cransacenae,
1773 3721 1912 3804 Sedlit·

480 3832 616 3916 censes
641 3834 707 3915 hic
758 3837 916 3915 unblum
939 3863 1058 3919 omne
1078 3834 1207 3920 tulisse
1221 3835 1309 3920 visae
1329 3835 1436 3941 sunt,
1461 3833 1715 3945 srprtrsertim
1739 3835 1911 3916 moranti

445 4039 448 4046 ⁴
480 3941 573 4026 alvo
588 3861 805 4028 identiribm
819 3944 991 4030 stimulus
1004 3947 1350 4032 addatunOleosar
1362 3953 1466 4032 enim
1476 3971 1604 4062 partes
1619 3946 1816 4060 sanguinis
1829 3946 1911 4030 alfa·

481 4056 553 4135 tim
575 4087 669 4139 cum
687 4055 768 4140 bile
787 4079 989 4171 proruunt.
1017 4059 1138 4166 Unde
1152 4057 1238 4143 boli
1259 4087 1310 4144 ex
1333 4061 1578 4144 scammonio
1590 4119 1604 4164 ,
1627 4055 1726 4173 jalap
1755 4057 1801 4164 a,
1822 4059 1912 4142 resr-

481 4166 662 4276 nosrsque
674 4168 914 4254 solventibus
927 4174 1035 4281 aquis
1049 4175 1123 4255 illis
1136 4173 1304 4256 immixti
1315 4171 1410 4286 sape
1421 4171 1513 4254 mali
1528 4171 1700 4254 radicem
1716 4087 1910 4255 bilustre.

480 4277 647 4364 Nocere
664 4283 763 4363 milri
781 4283 861 4366 visa
881 4284 970 4368 sunt
991 4284 1236 4368 mercurialia
1256 4282 1395 4392 majori
1411 4285 1490 4368 dosr
1512 4283 1711 4392 adhibita,
1733 4284 1913 4398 prodelle

483 4385 551 4470 ubi
566 4389 649 4475 dosr
671 4392 787 4507 parvi
805 4394 1008 4503 darentur,
1030 4395 1221 4508 simulque
1241 4424 1498 4482 vacuarentur
1522 4425 1590 4509 per
1611 4399 1841 4511 purgantis,
1863 4419 1913 4480 ne

481 4521 613 4586 moras
637 4507 739 4588 intus
766 4509 974 4594 traherent.
1004 4507 1111 4594 Tbm
1139 4517 1236 4596 verb
1260 4510 1410 4618 juscula
1435 4511 1611 4626 viperina
1638 4505 1914 4593 deficientibus

481 4617 593 4721 aquis
617 4617 868 4702 mineralibus
883 4684 897 4727 ,
924 4651 972 4704 arr
1002 4625 1286 4738 principiorum
1315 4625 1577 4732 tenuatione,
1608 4619 1757 4705 malum
1787 4619 1914 4736 longo

478 4724 917 4837 ususustulete,srcl1m
935 4733 1077 4848 plantis
1093 4734 1354 4850 aperientibus
1370 4744 1412 4821 &
1427 4733 1550 4822 bilem
1564 4733 1914 4866 cormnovetptibut
