4250 5898
687 405 1276 546 eurnnnra'
1578 477 1656 566 „1

282 615 432 706 Verbm
459 617 703 708 maculatum
730 621 886 708 illarum
907 618 989 706 alia
1016 649 1141 736 parva
1160 619 1273 725 sunt,
1307 619 1388 706 alic
1419 626 1585 736 grandes
1617 642 1660 719 ὅ(

225 755 354 816 totam
375 739 499 818 cutim
520 735 843 842 commaculant,
867 736 1003 849 paucis
1025 734 1201 846 exceptis
1221 734 1433 820 intervallis
1453 767 1465 836 3
1487 739 1568 825 aliae
1589 775 1659 830 co-

224 841 356 928 lorem
375 847 540 932 naturali
565 853 792 964 proximum
818 847 996 952 servant,
1027 845 1109 930 aliae
1141 842 1355 953 ruborem,
1381 852 1658 966 nigredinem,

223 955 453 1044 violaceum
476 959 659 1046 colorem
685 963 877 1050 affeblant.
904 961 1086 1071 Quarum
1107 983 1154 1042 ut
1175 983 1311 1043 natura
1336 967 1378 1044 dt
1400 963 1522 1048 causae
1543 969 1659 1056 intel-

224 1065 423 1182 ligantur,
442 1074 638 1160 notandus
654 1078 707 1161 est
721 1075 810 1160 autb
828 1072 903 1158 alia
919 1075 1053 1157 omnia
1067 1075 1181 1160 status
1205 1075 1304 1156 cutis
1320 1076 1473 1158 nativus
1517 1083 1559 1164 ui
1576 1101 1660 1174 non

223 1181 507 1271 coloresolitm
517 1217 636 1300 quem
646 1218 793 1275 norunt
803 1215 958 1295 omnes,
971 1185 1038 1270 sed
1050 1183 1218 1296 quidam
1234 1184 1402 1270 sanitatis
1418 1214 1513 1286 nota
1527 1197 1659 1308 viget,

222 1298 326 1383 nitet
336 1361 351 1405 ,
369 1301 513 1403 floret3
530 1306 598 1413 qui
614 1305 689 1388 flos
697 1365 712 1410 ,
729 1306 906 1414 quamvis
919 1301 968 1384 ad
982 1297 1227 1407 juventutem
1239 1299 1433 1415 praecipue
1446 1308 1659 1416 pertineat,

222 1411 268 1492 in
286 1412 470 1500 omnibus
488 1441 621 1502 tamen
641 1415 817 1502 aetatibus
837 1419 892 1498 ita
913 1443 956 1498 re
983 1415 1104 1496 eritur
1113 1476 1127 1519 ,
1146 1439 1190 1496 ut
1204 1416 1335 1527 potibs
1351 1415 1505 1500 amissus
1522 1419 1659 1531 agnos-

214 1547 360 1632 catur,
385 1525 502 1637 quim
525 1528 687 1641 presens
709 1532 935 1644 reperiatur.
957 1446 1049 1609 liic
1069 1529 1122 1610 est
1143 1524 1213 1610 ille
1230 1527 1464 1611 Graecorum
1481 1536 1543 1634 (o)
1569 1533 1659 1625 arboe

221 1640 361 1752 χρῶας
387 1641 455 1750 qui
477 1639 546 1724 ubi
573 1645 616 1724 in
640 1646 777 1728 amicis
800 1645 1018 1727 extintlum
1036 1639 1240 1746 videmus,
1265 1637 1461 1724 sollicitos
1487 1670 1659 1752 quarere
1781 1649 1785 1654 ’

220 1754 366 1864 cogit,
397 1782 447 1836 an
468 1753 625 1841 valeant
648 1761 662 1838 i
688 1786 737 1840 an
765 1756 861 1866 quid
886 1753 966 1838 illis
996 1753 1070 1836 diri
1099 1755 1313 1865 contigerit
1339 1757 1362 1834 i·
1381 1750 1489 1836 Nam
1517 1757 1660 1866 florem

215 1859 339 1946 illum
365 1870 484 1950 animi
506 1869 730 1982 pathemata
748 1868 945 1954 destruunt
965 1869 1095 1950 etiam.
1121 1865 1289 1947 Eum'in
1305 1865 1413 1948 sanie·
1427 1865 1659 1958 destruerunt

219 1977 361 2062 videre
376 1982 405 2062 st
420 1977 619 2086 volueris,
637 1982 766 2097 aspice
784 1985 966 2064 homines
985 1978 1008 2060 ὲ
1023 1975 1246 2062 carceribus
1259 2004 1327 2060 aut
1344 1981 1501 2062 mineris
1521 2007 1660 2069 reeens

221 2091 426 2202 egressos3
451 2095 513 2178 his
533 2097 634 2178 cutis
647 2093 841 2201 flavescit,
858 2097 975 2177 eriam
992 2118 1061 2206 per
1075 2088 1215 2202 spatia,
1237 2095 1279 2172 ὃ(
1296 2088 1394 2204 sape
1414 2120 1495 2174 non
1516 2095 1558 2174 in
1570 2099 1659 2179 uni-

220 2203 339 2286 verso
365 2231 561 2321 corpore:
585 2209 670 2290 imb
683 2205 978 2293 melancholici
1001 2206 1119 2286 etiam
1145 2202 1225 2284 fine
1245 2199 1334 2283 ullo
1359 2200 1438 2284 alio
1463 2207 1564 2288 vitio
1587 2205 1660 2292 ali·-

217 2317 385 2426 quando
400 2325 518 2402 etiam
536 2317 725 2404 similibus
745 2347 879 2404 cutem
895 2316 1042 2400 habent
1059 2313 1317 2427 deturpatam.
1343 2313 1458 2398 Unde
1476 2315 1660 2427 Plaurua',

218 2427 356 2512 viden*
383 2459 519 2543 corpus
549 2456 671 2514 toturn
698 2431 858 2514 maculis
871 2423 1017 2539 fedari
1045 2425 1179 2508 luridis
1193 2487 1212 2521 ,
1247 2423 1420 2509 atrabilis
1445 2454 1570 2512 vexat
1595 2433 1662 2516 sto-

87 2581 92 2594 ·
219 2541 372 2622 minem.

284 2652 399 2764 Quin
421 2655 541 2737 etiam
565 2653 663 2772 saepe
684 2657 729 2739 sit
749 2679 795 2738 ut
820 2655 944 2757 cutia,
973 2647 1042 2733 ubi
1070 2649 1242 2733 nitorem
1264 2649 1503 2764 perdiderit,
1530 2659 1664 2741 rursba

219 2765 321 2850 ditm
341 2793 433 2850 eum
456 2792 682 2883 recuperat,
707 2795 777 2882 per
797 2765 822 2848 s
841 2769 917 2850 aria
935 2765 1077 2877 pariter
1092 2759 1208 2844 illum
1223 2765 1386 2876 recipiar
1404 2771 1447 2847 dt
1466 2768 1507 2846 in
1529 2765 1658 2962 spania

217 2876 304 2964 illis
328 2873 406 2985 jam
431 2883 537 2964 nitor
561 2888 606 2965 bt
627 2885 729 2966 cutis
754 2797 871 2963 eolbr
900 2873 1109 2981 naturalis,
1139 2877 1180 2958 in
1207 2876 1267 2958 his
1295 2879 1448 2990 pristina
1471 2877 1528 2960 sot
1558 2883 1660 2966 ’tatic

220 3017 323 3077 nota
400 3021 418 3074 r
446 3023 510 3076 ma
538 3022 587 3077 na
610 2990 816 3080 intervalla
843 3015 1053 3076 remaneat.
1081 2989 1171 3071 Imb
1193 3013 1263 3100 per
1286 3014 1411 3073 totam
1432 2987 1554 3074 uitam
1576 2993 1660 3079 vidi

213 3131 343 3188 macu
360 3133 401 3190 as
430 3023 573 3190 similer
602 3105 626 3192 a
652 3103 779 3224 primi
805 3107 960 3220 origine
986 3099 1241 3216 permansisse.
1278 3099 1378 3186 Hac
1407 3127 1539 3187 autem
1566 3109 1661 3190 clun

219 3220 267 3302 in
286 3217 514 3302 hominibus
534 3214 1009 3331 taereroquinvalentibur
1031 3214 1233 3317 accidant,
1258 3213 1516 3324 fiinquisraris
1531 3223 1553 3300 ὲ
1567 3217 1659 3330 quir

160 3423 164 3430 ,
217 3359 317 3417 nam
332 3328 529 3441 pendeant
543 3335 696 3446 origine
703 3394 719 3441 ,
735 3359 905 3447 pronum
918 3332 992 3414 etit
1006 3325 1233 3440 responderi
1248 3324 1296 3410 ab
1312 3325 1417 3434 aliis,
1432 3330 1581 3414 nescire
1593 3332 1658 3439 se,

215 3441 276 3528 ab
297 3439 381 3526 aliis
404 3442 589 3528 morbum
610 3443 783 3558 aliquem
802 3443 970 3530 incusari
993 3449 1034 3526 δι
1056 3441 1269 3554 languores
1286 3439 1489 3526 toleratos.
1508 3441 1659 3528 Verum

214 3561 286 3643 hat
314 3554 479 3641 macula
504 3556 573 3641 ubi
589 3579 667 3674 ¹per
689 3558 853 3670 aliquod
877 3581 1033 3668 tempus
1056 3554 1294 3637 duraverunt
1306 3613 1320 3658 ,
1344 3581 1482 3667 parum
1504 3559 1659 3668 negotii

214 3667 417 3754 facessunt
425 3668 598 3754 Medicis
614 3703 627 3771 3
646 3675 739 3754 cirm
753 3667 896 3754 eniml
915 3665 1031 3753 causa
1045 3661 1123 3772 jam
1136 3661 1260 3780 longe
1274 3663 1425 3750 semota
1441 3667 1659 3782 pendeant,

214 3779 397 3894 ‚vasaque
419 3783 521 3876 cutia
547 3785 806 3898 &pristinam
832 3783 998 3895 figuram
1024 3787 1233 3864 &tonum
1256 3781 1460 3891 antiquum
1485 3801 1660 3866 mutave-

215 3899 332 4000 rint,
358 3891 416 3976 nil
438 3892 605 4010 superest
629 3894 838 4009 agendum.

289 4005 335 4089 Si
359 4031 492 4091 autem
519 4008 634 4092 causa
662 4007 824 4124 praesens
852 4005 946 4090 adstt
975 4003 1234 4090 cumeffetiu
1259 4005 1560 4138 proportionem
1582 4004 1659 4090 ser·

216 4149 353 4225 vana,
380 4121 463 4204 hac
485 4125 577 4205 cinn
593 4149 638 4205 ut
654 4118 869 4235 plurimbm
888 4122 1042 4202 interna
1066 4118 1112 4201 stt
1124 4181 1138 4224 ,
1163 4125 1255 4201 cbm
1279 4115 1348 4198 stbr
1371 4120 1568 4232 propriam
1589 4117 1660 4203 illa

213 4234 474 4330 curationem
496 4233 709 4340 vindicet,
744 4231 893 4316 sublata
920 4229 989 4314 illa
1025 4235 1126 4313 cutis
1159 4232 1302 4344 pariter
1336 4227 1455 4312 tollet
1490 4231 1660 4314 marces-

216 4347 402 4428 centiam
430 4354 472 4430 bt
496 4343 645 4431 delebit
669 4342 857 4429 maculas.
887 4343 1059 4426 Accidit
1080 4367 1152 4445 ut,
1183 4340 1281 4424 licet
1310 4342 1424 4424 causa
1445 4345 1660 4446 uehemens

215 4455 486 4563 emendetur,
502 4485 728 4546 remaneant
747 4483 877 4542 tamen
897 4457 938 4537 in
953 4476 1045 4538 cute
1062 4451 1226 4537 maculae
1245 4451 1417 4538 altius&
1436 4480 1545 4548 extra
1565 4484 1662 4540 cen-

216 4597 336 4654 trum
367 4570 568 4656 annitaris
596 4571 978 4657 medicamentorum
1013 4565 1211 4680 impressa.
1243 4565 1414 4650 Memini
1436 4595 1501 4652 me
1525 4567 1662 4652 vidisse

218 4682 437 4766 hominem
464 4685 531 4792 qui
557 4684 740 4768 omnibus
769 4679 912 4766 similes
940 4685 1041 4765 cutis
1070 4677 1244 4763 maculas
1277 4677 1531 4786 ostendebat,
1567 4693 1662 4790 quaa

215 4787 302 4880 srbi
326 4789 376 4875 ab
404 4789 608 4908 empyrico
636 4799 720 4911 post
747 4795 924 4880 haustum
948 4791 1123 4878 validum
1151 4819 1320 4906 purgans
1346 4789 1474 4877 aiebat
1500 4793 1663 4875 institiae

266 4945 905 5033 (a)A1exand.Tnfliranaturam.
1077 4983 1080 4992 ¹
1193 4974 1195 4986 ¹
1240 4981 1248 5014 t
1340 5025 1384 5112 X
1474 4929 1523 5050 .·'
1593 4950 1602 4987 l

1084 5073 1087 5078 ·
1394 5057 1454 5112 xx
1472 5057 1500 5136 n
