4250 5898
698 479 1181 593 CUTANEI&
1581 517 1660 595 mr

224 653 340 764 sunt3
361 691 452 748 nam
473 663 649 775 quamvis
666 667 828 750 canitIes
847 662 1020 748 calvitiei
1038 665 1083 746 srt
1101 658 1315 777 prodroma
1331 669 1372 748 ar
1388 661 1484 780 saepb
1501 697 1638 752 comes
1648 733 1663 776 ,

226 801 359 860 tamen
382 780 461 863 fine
487 777 554 862 illa
582 804 715 863 extare
745 781 892 892 potesl,
923 784 966 861 dt
990 783 1125 859 revera
1154 773 1249 886 saepb
1274 779 1412 860 extitt.
1449 781 1570 864 Certa
1595 813 1664 868 cur

228 888 346 972 color
367 892 408 972 in
432 889 610 1004 capillis,
635 887 753 974 barba
765 951 780 996 ,
805 915 921 1000 atque
971 885 1031 970 ilis
1052 887 1334 971 senescentium
1356 899 1525 976 mutetur
1542 923 1664 980 nemo

228 999 433 1110 hucusque
461 1002 684 1115 intelligere
715 1005 858 1116 potuit.
892 919 1152 1084 Subtiliffimae
1177 999 1370 1113 indaginis
1400 1006 1451 1084 est
1480 1004 1666 1093 colorum

230 1115 463 1226 generatio,
496 1143 570 1200 nec
600 1117 688 1200 satis
720 1112 1094 1230 comprehendimus
1121 1142 1191 1196 cur
1221 1114 1263 1194 in
1292 1117 1371 1198 oris
1401 1117 1593 1203 nivalibus
1625 1130 1668 1206 bc

230 1225 513 1338 rigescentibus
534 1230 641 1311 atsto
664 1227 835 1340 frigore,
857 1253 947 1310 aves
969 1233 1011 1310 bt
1034 1223 1302 1337 quadrupedes
1321 1224 1497 1340 plerique
1516 1230 1668 1342 plumas
1716 1312 1721 1323 ,

169 1433 179 1442 ι
227 1343 274 1419 bc
305 1337 426 1452 pelles
462 1337 546 1426 aliis·
580 1343 622 1423 in
653 1338 882 1454 regionibus
917 1335 1210 1442 versicolores,
1247 1343 1399 1452 penitbs
1427 1339 1670 1432 albescentes
1736 1353 1744 1360 '

176 1526 179 1532 ,
230 1448 417 1556 induant,
448 1481 532 1562 quae
565 1457 687 1537 astate
714 1452 985 1537 colorantur?
1019 1451 1103 1536 Cur
1132 1447 1271 1534 albidis
1302 1452 1531 1538 animalibus
1558 1456 1671 1552 oculi

232 1559 477 1646 rubescant?
505 1565 634 1676 Quod
658 1596 707 1675 an
734 1569 780 1651 iis
805 1566 997 1650 acciderit'
1018 1592 1118 1672 quos
1146 1563 1302 1646 historia
1328 1593 1523 1650 memorat
1548 1598 1672 1656 canos

233 1701 347 1757 natos
365 1675 463 1783 elle,
484 1703 528 1761 ut
551 1677 600 1762 de
619 1677 755 1762 Numi
776 1687 818 1761 bt
840 1677 1061 1787 Tarquinio
1083 1674 1257 1758 referunt
1275 1675 1481 1784 Romani,
1504 1708 1569 1776 aut
1593 1681 1673 1768 illis

235 1787 407 1899 Scythia
420 1788 934 1903 populisqui,testcSolino
947 1795 1013 1896 (o),
1027 1786 1253 1877 sedJasone
1265 1790 1454 1874 oriundos
1465 1789 1672 1902 jaslabant,

237 1907 280 1982 bt
311 1904 495 1986 canitiem
524 1902 571 1985 ab
605 1902 767 1987 infantis
801 1900 1084 2017 proferebant,
1114 1900 1263 1983 nescire
1294 1930 1360 2008 me
1386 1904 1568 2011 fatebor,
1605 1912 1673 2020 qui

234 2013 443 2096 hominem
465 2041 599 2097 natum
621 2047 714 2100 cum
737 2019 880 2100 canitie
901 2044 982 2096 non
1007 2011 1185 2102 viderim.
1215 2016 1285 2095 Ait
1308 2013 1576 2126 Hippocrates
1601 2022 1675 2124 (b)

237 2123 348 2234 qubd
370 2125 510 2234 quibus
537 2131 625 2211 cani
650 2127 781 2212 insunt
807 2124 940 2241 capilli
968 2121 1143 2207 cuticula
1165 2125 1284 2207 etiam
1309 2123 1478 2211 albidior
1504 2131 1552 2213 ad
1575 2133 1699 2217 radi-'

238 2264 327 2319 cem
350 2237 521 2351 pilorum
547 2241 592 2324 stt
612 2271 623 2338 3
646 2242 728 2324 hoc
754 2267 821 2324 me
840 2267 1040 2429 nunquam
1068 2232 1313 2337 observasse,
1339 2265 1422 2319 rem
1448 2239 1501 2322 ob
1526 2253 1676 2338 tantam

236 2351 509 2436 autlorita'tem
535 2355 761 2459 inquirens,
788 2352 931 2462 profire
962 2377 1007 2428 or
1036 2377 1044 2427 :
1075 2349 1253 2454 quamvis
1286 2355 1327 2430 bt
1355 2351 1411 2431 eis
1440 2353 1676 2462 sicciorem,

237 2455 1677 2579 mwweffimwmmmmfflmmffiQQQmsswe

241 2575 309 2682 qui
343 2577 431 2657 cani
465 2493 721 2688 suntcapilli
753 2575 880 2656 minias
917 2572 1022 2656 denst
1058 2572 1158 2676 smt,
1188 2574 1316 2655 minivs
1349 2571 1515 2660 olidi&
1549 2583 1678 2666 minias

242 2711 586 2772 excrementorum
615 2690 899 2800 ingenerantes.
934 2689 990 2766 At
1009 2681 1109 2765 vidit
1137 2683 1310 2766 summus
1337 2687 1396 2768 vir
1424 2686 1460 2774 J.
1487 2689 1544 2773 H.
1571 2693 1680 2777 Mer.

240 2797 399 2882 curialis
425 2805 487 2903 (c)
517 2797 665 2884 secerni
695 2798 745 2882 ad
777 2794 942 2911 capillos
972 2799 1181 2878 humorem
1209 2795 1232 2878 ὲ
1258 2797 1442 2909 sanguine
1471 2799 1677 2916 albidum,

245 2913 312 3020 qui
343 2914 384 2993 in
412 2909 520 2994 nulli
545 2910 619 2994 alisi
643 2913 881 3012 oeconomia
911 2905 1086 2992 animalis
1118 2933 1227 3022 parte
1253 2913 1343 2992 clun
1371 2909 1452 2994 ulla
1477 2913 1534 2996 sul
1561 2916 1683 3003 relin-

245 3048 340 3132 quat
362 3027 547 3137 vestigia,
567 3027 634 3108 vix
657 3024 813 3110 videtur
836 3019 1086 3135 quitatione
1113 3021 1229 3135 possit
1253 3021 1332 3104 dici
1352 3025 1393 3104 in
1416 3027 1496 3107 hoc
1522 3033 1681 3140 praecisb

245 3133 372 3240 loco,
404 3139 444 3220 in
471 3135 660 3246 senioque
693 3165 843 3222 novum
871 3135 1121 3247 incognitum
1151 3161 1337 3246 generare
1368 3164 1681 3231 excrementum.

245 3244 433 3360 ldigitur
458 3247 588 3334 solum
612 3250 784 3355 scimus,
809 3248 917 3360 quod
940 3254 1030 3330 cirm
1058 3247 1172 3329 causa
1195 3249 1351 3331 canitiei
1375 3254 1554 3361 proxima
1573 3257 1683 3370 igno·

247 3385 375 3466 retur,
400 3386 477 3445 tres
503 3389 634 3446 tamen
655 3359 826 3477 perseslb
854 3360 1061 3444 n'oscamus
1083 3360 1215 3442 causas
1238 3363 1276 3443 ei
1302 3365 1545 3447 concitandae
1575 3397 1683 3481 aptas

249 3478 291 3555 ἃ
306 3471 431 3566 ferme
450 3501 666 3588 perpetuas.
693 3476 873 3586 Quarum
893 3477 1018 3586 prima
1038 3469 1221 3554 naturalis
1239 3475 1291 3555 est
1306 3479 1345 3552 bt
1363 3503 1445 3555 non
1465 3477 1692 3589 evitabilis,

247 3583 423 3668 senectus
453 3586 633 3694 scilicet,
666 3587 742 3697 quir
767 3614 817 3671 ex
845 3589 976 3668 corvis
1005 3610 1200 3665 mutamur
1229 3587 1271 3663 in
1303 3613 1484 3694 cycnos,
1514 3591 1685 3703 flavique

250 3725 298 3780 ca
326 3694 384 3777 illi
413 3698 594 3782 videntur
623 3697 706 3782 aliis
736 3701 851 3780 citilrs
878 3691 1088 3779 albescere.
1117 3693 1215 3776 Haec
1244 3699 1405 3781 canities
1436 3727 1528 3782 cum
1555 3703 1685 3815 aliqui

251 3727 413 3892 calvitie
446 3810 597 3924 semper
632 3807 831 3922 jungitur3
861 3811 955 3890 hinc
990 3806 1088 3890 olim
1118 3811 1254 3920 capitis
1287 3814 1374 3891 cani
1407 3813 1710 3925 praedicabatur·

251 3925 482 4007 reverentia.
506 3922 650 4006 Alterae
668 3925 764 4006 verb
786 3919 906 4005 causae
927 3945 1062 4034 praeter
1085 3945 1261 4004 naturam
1281 3922 1390 4027 sunt,
1412 3950 1486 4007 nec
1507 3925 1688 4017 sanantur

252 4032 407 4118 melibs.
438 4035 604 4120 Scilicet
628 4060 763 4150 praeter
788 4039 930 4118 naturae
951 4062 1131 4116 normam
1153 4033 1418 4138 canescimus,
1441 4064 1507 4120 aut
1525 4054 1689 4156 prop'ter

252 4145 465 4254 morbum,
488 4173 554 4232 aut
568 4174 729 4262 propter
746 4151 878 4230 anxias
902 4174 1019 4256 atque
1041 4145 1246 4230 mordaces
1267 4149 1385 4228 animi
1409 4177 1533 4235 curas.
1563 4153 1689 4262 Cujus

247 4257 1631 4380 umffloemfflmmmmfflmmfflnssmfflmmmffl.

313 4371 452 4456 Morbi
474 4373 634 4485 quidem
655 4371 713 4457 illi
741 4375 924 4455 canitiem
949 4369 1177 4476 accersunt,
1206 4379 1247 4454 bt
1272 4371 1431 4481 quidem
1452 4384 1689 4492 promptiffi.

246 4482 1777 4603 mmmfflmmfflmmmwmmfflwws¹

259 4601 435 4682 eminent
468 4597 628 4686 dolores
670 4599 806 4714 capitis
848 4595 1174 4681 vehementissimi
1212 4603 1254 4680 bt
1285 4595 1468 4682 somnum
1499 4632 1693 4698 arcentes·

301 4827 361 4896 (a)
381 4821 454 4906 Poly
471 4822 575 4884 urnas.
668 4805 672 4814 '

300 4903 360 4982 (Β)
379 4903 427 4962 De
446 4904 553 4965 Natura
573 4903 662 4966 Pueri.

305 4987 363 5068 (c)
382 4985 555 5076 materialis
572 4985 607 5050 de
625 4983 734 5064 Morbis
750 4981 898 5071 Curensis,
915 4983 961 5054 lib.
981 5003 1096 5072 rlcap.
1114 5001 1141 5056 4.

1318 5064 1532 5186 *Grae
