4250 5898
479 495 567 588 602·
916 487 1024 579 DE
1091 489 1455 618 MORBIS

475 662 595 766 Vidi,
622 665 664 743 bt
680 687 818 744 omnes
837 657 971 741 srmilia
986 657 1169 744 viderunt
1181 722 1194 766 ,
1215 655 1464 764 juvenculam
1484 659 1700 764 seminam,
1724 659 1918 746 mentien-

474 804 557 862 tem
570 774 692 858 aniles
708 772 873 886 capillos
888 821 901 878 ,
922 770 1356 858 obvehementillimos
1369 773 1566 888 perpessos
1585 775 1723 888 capitis
1738 772 1918 862 dolores·

474 891 660 975 Arthtitis
671 889 1011 970 vehetnensetiam
1029 889 1213 970 canitiem
1227 883 1442 988 accelerat,
1456 889 1597 996 droul,
1613 911 1681 969 aut
1693 889 1890 972 cruciatus
1899 949 1915 996 ,

475 1030 543 1087 aut
561 998 750 1114 supplicia
767 1027 848 1080 non
864 996 1047 1103 lethalia,
1068 994 1134 1082 sed
1151 996 1361 1082 dolorilica
1376 999 1469 1111 passi
1488 999 1596 1103 sunt,
1624 1002 1714 1081 cani
1734 1026 1778 1084 ut
1797 999 1918 1114 pluti-
1979 1077 1982 1086 Δ

383 1184 386 1192 ,
474 1121 586 1198 mbm
600 1111 783 1196 evadunt.
804 1115 842 1194 A
856 1112 1050 1220 frequenti
1067 1111 1244 1195 dentium
1254 1109 1401 1222 dolore
1421 1113 1605 1216 canities,
1628 1119 1669 1196 ὁ(
1692 1110 1739 1196 ea
1754 1114 1917 1222 quidem

474 1223 669 1342 praecipue
716 1251 796 1308 arte
813 1222 890 1334 qual
909 1224 1045 1308 dentes
1065 1222 1243 1309 doluere.
1269 1225 1418 1330 Verum
1443 1233 1533 1307 curn
1553 1227 1617 1307 hic
1637 1222 1915 1312 observatione

475 1255 761 1452 deprehensdm
794 1339 838 1420 srt
867 1335 889 1419 ὲ
922 1335 1128 1422 doloribus
1160 1341 1341 1452 corporis
1367 1339 1559 1421 canitiem·
1581 1339 1751 1442 accersi,
1783 1367 1834 1421 an
1860 1337 1913 1422 ob

474 1452 648 1562 aliquem
675 1453 785 1536 nervi
809 1449 919 1533 fluidi
941 1453 1132 1532 influxum
1153 1451 1167 1531 ἓ
1191 1453 1256 1532 An
1281 1480 1363 1533 non
1392 1477 1453 1534 res
1475 1449 1566 1534 inde
1592 1447 1780 1563 probatur
1804 1451 1911 1561 qubd

395 1662 397 1672 Ι
473 1569 515 1648 in
546 1561 846 1649 vehementibus
881 1564 1061 1676 corporis
1099 1561 1306 1646 doloribus
1341 1565 1470 1646 anima
1500 1587 1636 1678 prater
1668 1564 1836 1646 modum
1870 1573 1911 1648 lle

474 1707 630 1762 motem
659 1674 870 1760 indoleat?
895 1679 1001 1758 Nam
1037 1675 1077 1758 id
1109 1677 1210 1759 inter
1225 1673 1501 1870 probatissima
1534 1705 1676 1758 naturae
1708 1675 1913 1762 observata

474 1789 724 1876 referendum
751 1793 803 1874 est
827 1787 977 1872 nullam
1003 1786 1118 1872 aliam
1149 1819 1303 1874 cauam
1330 1790 1430 1872 aden
1455 1785 1503 1871 ad
1532 1789 1775 1873 inferendam
1802 1795 1912 1874 cani-

471 1909 568 1987 'tiem
590 1903 799 1999 conferre,
827 1899 943 2012 qulam
967 1931 1067 1984 cura
1093 1905 1209 1983 animi
1237 1905 1357 1985 tristes
1385 1909 1427 1986 dt
1450 1902 1570 1984 anxiae
1591 1901 1909 2012 sollicitudines,

472 2047 568 2128 quas
592 2046 666 2130 pro
688 2013 800 2098 tertial
823 2018 982 2098 canitiei
1004 2013 1120 2097 caus&
1144 2013 1364 2098 habuimus.

528 2127 641 2213 Pleni
673 2126 761 2212 sunt
794 2129 997 2210 auslomm
1029 2125 1120 2209 libri
1154 2155 1267 2210 exem
1298 2126 1428 2211 lorum
1463 2129 1622 2211 canitiei
1682 2157 1729 2209 ra
1766 2129 1915 2221 timore.

394 2257 396 2264 ’
471 2241 572 2326 intra
589 2240 709 2325 breve
725 2241 888 2355 spatium
907 2241 1109 2331 accersita.
1131 2157 1298 2323 Famoll
1319 2243 1373 2322 el't
1386 2243 1541 2324 historia
1556 2239 1624 2322 illa
1638 2157 1687 2322 ab
1702 2239 1899 2349 Hadriano

470 2354 592 2446 Junio
624 2355 811 2439 recensita
842 2349 988 2435 nobilis
1018 2352 1182 2466 Hispani
1217 2352 1389 2458 Didaci,
1420 2358 1488 2464 qui
1517 2357 1609 2436 cltm
1650 2351 1704 2435 ob
1742 2353 1900 2438 furtivos

471 2497 632 2552 amores
653 2465 838 2573 illicitos,
866 2467 1062 2575 sraslaque
1083 2467 1235 2548 claustri
1255 2466 1377 2578 Regii
1402 2463 1512 2572 jura,
1541 2465 1697 2579 capitali
1714 2464 1903 2580 supplicio

399 2655 406 2664 .
470 2579 698 2695 pledendus
711 2579 824 2685 esset,
844 2584 898 2663 ita
915 2581 1098 2662 canitiem
1115 2576 1606 2688 undequthuecontraxit,
1620 2603 1664 2661 ut
1680 2579 1905 2666 Fernandus

467 2721 540 2784 rex
559 2693 826 2777 misericordis
848 2720 979 2777 motus
1004 2692 1072 2805 ipsr
1098 2711 1217 2804 caput
1242 2689 1442 2775 remiserit.
1468 2690 1607 2774 Simile
1631 2689 1751 2776 habet
1776 2719 1906 2776 exem

468 2805 579 2922 plum
594 2805 721 2896 Julius
735 2805 914 2920 Scaliger
929 2837 941 2907 3
968 2814 1009 2890 dt
1026 2809 1067 2887 in
1083 2802 1208 2887 nostra
1226 2803 1483 2888 historial'viro
1498 2802 1627 2886 nobili
1640 2805 1684 2888 de
1698 2803 1740 2888 S·
1759 2805 1807 2889 V
1801 2807 1907 2890 allier
1972 2821 1982 2836 “

467 2916 579 3026 cujus
592 2923 631 3001 in
645 2924 808 3032 gratiam
822 2920 952 3003 Diana
966 2920 1130 3004 Pislavis
1142 2915 1223 3023 ejus
1237 2919 1318 3012 filia
1329 2922 1460 3030 regios
1472 2915 1710 3001 concubitus
1724 2917 1827 3034 palla
1837 2921 1904 3028 ell,

467 3033 606 3117 eadem
624 3031 835 3146 improvisa
857 3034 1018 3117 canities
1039 3031 1258 3116 adventasse
1278 3029 1434 3142 legitur.
1455 3033 1510 3114 At
1531 3031 1585 3112 nil
1602 3032 1904 3116 memorandum

467 3150 593 3257 magis
621 3143 739 3255 quim
765 3146 876 3254 quod
901 3144 1038 3228 aulicis
1064 3142 1242 3228 narrabat
1265 3171 1412 3226 aterne
1439 3145 1637 3228 memoria
1662 3145 1757 3228 Rex
1780 3147 1903 3229 noster

467 3257 669 3341 Henticus
692 3256 767 3356 IV,
788 3257 827 3339 se
847 3257 999 3340 scilicet
1022 3286 1193 3341 moerote
1217 3266 1257 3342 &
1282 3281 1390 3342 metu
1412 3257 1660 3364 confeslum,
1685 3261 1726 3338 in
1746 3255 1900 3342 barbam

466 3368 715 3480 simulatque
735 3367 901 3484 capillos
919 3399 1037 3452 manu
1058 3367 1277 3453 incubuisse
1295 3397 1363 3483 per
1385 3403 1436 3474 24
1454 3372 1593 3474 horas,
1616 3369 1780 3453 laniena
1802 3369 1896 3454 illitis

466 3480 816 3567 Bartholomaanae
833 3511 1036 3598 tempore,
1058 3487 1346 3595 eoqueexaslo
1357 3544 1371 3588 ,
1392 3485 1494 3566 hanc
1515 3491 1556 3567 dt
1576 3481 1700 3566 barba
1722 3490 1765 3566 ὃ(
1787 3481 1898 3598 capil-

340 3661 347 3676 .
388 3683 399 3692 ,
464 3593 598 3679 lorum
622 3625 770 3708 partem
793 3597 905 3681 fuisse
925 3601 1173 3704 inffcanitrem
1194 3595 1451 3702 conversam,
1473 3625 1589 3705 quam
1612 3595 1901 3680 ostentabat.A

465 3707 704 3792 moeroribus
726 3737 844 3820 atque
870 3714 972 3793 curis
996 3711 1102 3794 idem
1124 3708 1341 3794 observasse
1362 3737 1426 3791 me
1446 3709 1477 3788 li
1497 3707 1687 3814 dixerim,
1709 3737 1793 3792 rem
1820 3739 1901 3792 om·

464 3821 580 3906 nibus
608 3825 810 3934 cognitam
834 3831 875 3906 δι
897 3821 1141 3908 observatam
1167 3820 1380 3906 retulerim.
1409 3819 1565 3905 Felices
1586 3847 1645 3918 ter
1670 3828 1713 3904 s(
1739 3821 1902 3938 amplids

464 3935 608 4044 quibus
637 3933 735 4018 nihil
762 3933 919 4042 majoris
946 3935 1039 4018 mali
1067 3944 1284 4018 moeror&
1306 3960 1433 4018 metus
1459 3933 1636 4021 attulere.

519 4050 796 4164 Symptomata
819 4048 902 4133 tltm
930 4047 1133 4156 calvitiei,
1162 4054 1246 4131 tltm
1271 4051 1428 4132 canitiei
1450 4074 1677 4162 exponere,
1702 4073 1753 4132 ut
1766 4045 1898 4132 inutile

462 4164 516 4244 est
528 4225 541 4266 ,
569 4169 659 4245 clim
680 4161 823 4248 oculos
845 4164 1006 4268 feriant,
1029 4164 1082 4246 stc
1104 4160 1245 4275 gradus
1263 4187 1400 4244 notate
1419 4183 1500 4243 non
1520 4160 1741 4244 absurdum.
1768 4159 1900 4275 vulga

462 4303 588 4356 mares
605 4279 763 4389 triginta
782 4282 891 4360 annis
907 4279 1050 4362 exactis
1070 4275 1292 4390 calvescere
1314 4275 1361 4356 ad
1384 4274 1572 4356 summam
1591 4277 1731 4388 capitis
1752 4301 1903 4387 partem

462 4387 709 4473 &frontem
744 4393 964 4505 incipiunt,
993 4389 1135 4472 tardius
1171 4387 1220 4470 ad
1258 4415 1368 4470 aures
1408 4395 1450 4469 dt
1487 4389 1681 4498 occiput,
1718 4413 1900 4504 tempora

461 4499 580 4582 etiam
603 4499 745 4586 diutius
767 4501 933 4617 capillos
955 4503 1118 4586 servant.
1145 4500 1325 4614 Tempus
1349 4525 1478 4584 autem
1496 4528 1581 4610 quo
1597 4501 1694 4583 varii
1716 4503 1899 4585 homines

461 4609 690 4695 calvescunt
725 4615 888 4700 definite
920 4612 1156 4728 impossibile
1188 4616 1240 4698 esl
1272 4643 1285 4712 ;
1323 4611 1505 4700 hariolari
1541 4612 1564 4696 ὲ
1597 4611 1899 4726 supradislarunr

460 4723 662 4808 causatum
691 4735 870 4814 examine
898 4759 980 4812 non
1008 4755 1162 4831 tutum,
1187 4733 1277 4810 cnm
1304 4728 1446 4808 mirum
1467 4731 1506 4810 in
1528 4725 1693 4808 modum
1717 4725 1899 4810 differant

458 4841 560 4923 inter
587 4837 626 4924 se
651 4839 831 4924 homines
857 4846 1008 4928 tatione
1032 4848 1115 4924 titm
1143 4842 1330 4944 canitiei,
1357 4841 1439 4920 tlrm
1466 4836 1665 4944 calvitiei,
1692 4839 1760 4922 nist
1789 4836 1893 4948 qubd

457 4951 666 5040 verisimile
687 4952 734 5037 stt
759 4980 828 5037 eos
850 4961 980 5070 potius
1005 4955 1211 5042 canescere
1234 4959 1275 5038 dt
1295 4953 1455 5067 propitia
1478 4950 1691 5062 juventutis
1714 4979 1890 5068 tempus,

1209 5305 1233 5440 l
1315 5489 1320 5498 .
