4228 5898
436 366 540 500 ἰω
736 393 832 482 na:
869 385 1184 483 noant-s
1221 385 1616 484 curantia.

454 589 543 647 rum
573 555 777 646 debilitate
801 583 921 672 atque
949 551 1087 662 inettil
1110 581 1160 644 ea
1192 519 1440 673 {Maternus
1475 559 1724 656 absorbentia
1739 555 1887 674 'quibus

413 759 415 764 ,
455 672 606 787 alitprid
627 675 801 757 adseres
826 697 946 783 atque
976 670 1150 756 calamia
1172 669 1268 754 inest
1292 674 1445 758 virtutis
1458 735 1474 777 ,
1500 699 1546 756 ut
1566 677 1619 758 eil
1637 701 1737 784 aqua
1760 671 1885 758 calcis

454 785 655 893 secunda,
682 790 834 870 cineret
854 783 994 870 ollium
1018 811 1070 868 err
1088 781 1322 868 animalibus
1334 847 1349 890 ‚
1363 811 1410 869 ut
1426 815 1558 878 contu
1575 790 1683 872 cervi
1695 847 1709 890 ,
1732 783 1885 892 ebore,

456 909 538 986 otc.
566 902 667 985 tuest
686 902 793 983 enirn
807 902 854 982 iis
870 895 1001 1008 aliqua
1020 900 1185 1012 poteslas
1231 896 1466 982 umefaciens
1487 906 1530 982 dt
1554 898 1886 1011 colliquationem

455 1017 626 1099 materia
645 1010 842 1120 adjuvans
860 1011 903 1094 N
905 1015 1108 1122 otavitque
1121 1010 1181 1124 pri
1210 1037 1275 1092 em
1290 1013 1391 1094 inter
1409 1011 1598 1096 Medicos
1620 1012 1887 1097 Bnerbaavius

456 1127 568 1240 qubd
588 1123 748 1211 animali
795 1121 911 1208 lutini
930 1119 1071 1229 inieela
1088 1119 1213 1208 calcis
1232 1120 1361 1234 aliqua
1386 1124 1642 1238 portiuncula
1660 1127 1887 1210 ammonia-‘-

457 1239 586 1326 calem
604 1239 699 1323 inde
725 1149 894 1322 osorem
917 1237 1063 1322 eliciat.
1089 1237 1183 1320 Nec
1205 1238 1302 1321 verb
1332 1235 1479 1336 tenella
1501 1263 1589 1322 atas
1615 1240 1827 1354 praepedit,
1855 1239 1885 1320 sl

456 1351 557 1438 allud
583 1351 805 1480 languentis
835 1353 1029 1436 stomachi
1061 1345 1218 1434 studeat
1239 1355 1408 1458 inertia,
1434 1377 1502 1436 aut
1524 1355 1705 1466 :stagnans
1729 1350 1886 1436 saburra

456 1467 629 1574 indicet,
652 1465 882 1582 rungi‘hisce
890 1465 1076 1550 remediis
1096 1461 1476 1550 unam-stomoma
1485 1529 1500 1574 ,
1523 1468 1781 1580 eomprotica
1795 1528 1811 1571 ,
1827 1463 1886 1548 la-'

456 1585 612 1686 xantia,
634 1605 681 1664 ut
702 1581 789 1663 sunt
811 1607 858 1662 ea
881 1609 965 1688 quae
990 1606 1040 1662 ex
1063 1580 1162 1662 rheo
1188 1581 1432 1685 conflantur,
1452 1606 1520 1663 aut
1541 1582 1676 1662 tonica
1698 1579 1887 1694 antispas⁴

455 1695 649 1798 modica,
671 1697 764 1778 ciam
786 1689 904 1776 facile
923 1716 1136 1776 nervorum
1154 1689 1392 1776 infantilium
1414 1719 1546 1807 portas
1570 1692 1739 1806 spasmus
1756 1721 1885 1776 occu-

456 1833 551 1922 pet,
574 1804 667 1889 talia
686 1807 775 1889 sunt
794 1833 844 1888 ea
869 1835 953 1916 quat
976 1833 1026 1889 ex
1054 1831 1180 1888 croco
1192 1869 1207 1916 ‚
1232 1804 1468 1922 camphorb,
1489 1807 1692 1910 cesaree,
1713 1803 1885 1890 assasse·

455 1917 564 2025 titis,
583 1915 778 2003 valeriana
797 1914 946 2023 majore
968 1943 1166 2033 petuntur.

513 2029 685 2144 Vulgatd
708 2035 833 2147 magis
864 2057 982 2141 atque
1015 2035 1241 2145 acceptione
1273 2031 1467 2130 methodo
1493 2031 1756 2118 indicationes
1784 2033 1884 2116 cutis

456 2147 676 2250 sedemus,
707 2144 802 2229 diam
826 2145 1124 2229 medicamentis
1150 2141 1228 2228 illis
1258 2143 1455 2258 jungimus
1480 2144 1885 2260 quaediapltoretico·

456 2287 545 2342 rum
574 2254 694 2340 titulo
718 2284 931 2364 omantur‚
965 2255 1106 2368 quibus
1132 2255 1250 2366 quim
1282 2265 1419 2372 parium
1446 2257 1540 2344 fidei
1565 2257 1790 2348 addendum
1808 2259 1881 2364 stt,

456 2399 541 2454 non
564 2367 763 2454 dubitabit
785 2374 853 2481 qui
882 2372 1012 2488 primb
1037 2369 1194 2455 senserit
1217 2367 1435 2484 legitimam
1451 2371 1715 2487 'diaphoresim
1737 2367 1885 2456 bbonl

456 2485 646 2570 cottione
663 2487 815 2599 penites
835 2492 879 2568 dt
901 2480 1078 2566 absolute
1093 2483 1288 2596 pendere,
1306 2488 1424 2595 cique
1436 2485 1606 2568 omnine
1624 2481 1882 2598 respondere3

457 2596 634 2684 secundb
651 2598 749 2686 verb
763 2593 834 2679 srbi
851 2593 1078 2710 persuaserit
1097 2599 1137 2678 in
1159 2593 1237 2680 illis
1258 2597 1528 2684 incommodis
1556 2597 1717 2682 lbdores
1738 2600 1883 2681 noxios

456 2711 546 2796 sore
558 2769 573 2816 ‚
596 2708 741 2800 nedem
766 2708 954 2817 inutiles,
982 2714 1075 2793 cium
1106 2707 1347 2795 subtilissima
1374 2735 1537 2822 quaque
1557 2712 1737 2824 sanguini
1766 2709 1883 2793 sutri*

455 2826 594 2938 piant,
615 2821 762 2910 crustas
782 2850 833 2907 ue
856 2822 1018 2940 perinde
1044 2821 1267 2934 relinquant
1289 2831 1333 2907 bt
1357 2824 1564 2931 duriores,
1592 2831 1635 2908 dt
1655 2823 1704 2906 ad
1729 2820 1883 2905 resolu-

457 2940 610 3026 tionem
636 2935 757 3020 diffic'
779 2941 905 3034 'oreta
938 2937 1056 3024 tortib
1081 2936 1243 3019 dembm
1264 2939 1332 3018 vix
1358 2933 1509 3047 ullum,
1532 2937 1560 3020 st
1583 2934 1753 3019 laxantia
1780 2939 1883 3021 cutio

458 3047 692 3160 exceperis,
719 3047 801 3131 hoc
829 3045 950 3130 titulo
984 3047 1151 3160 dignum
1179 3047 1512 3136 medicamentum
1535 3049 1617 3132 dari
1643 3046 1884 3162 experientia

457 3157 580 3242 fretus
609 3157 763 3248 viderit.
797 3155 908 3248 Hinc
941 3189 1025 3270 qua
1061 3159 1159 3274 sape
1192 3158 1277 3246 aliis
1309 3158 1604 3252 absorbentibus
1630 3161 1883 3277 praeferuntur

457 3268 591 3361 calcea
610 3268 838 3378 metallice,
859 3297 904 3355 ut
927 3275 1190 3358 antimonium
1220 3275 1536 3388 diaphoreticum
1547 3334 1561 3381 ,
1588 3271 1735 3358 benoat
1755 3277 1883 3358 mine·

459 3382 541 3470 tale
556 3447 583 3491 ‚,
601 3386 761 3468 materia
780 3382 928 3497 perlata
952 3387 1125 3500 Krugeri
1138 3447 1153 3496 ‚
1183 3385 1338 3500 aliaque
1360 3385 1485 3471 millia
1510 3383 1733 3494 hujusmodi
1758 3389 1800 3470 in
1823 3389 1884 3472 his

457 3496 608 3582 morbis
632 3496 838 3592 decantata
848 3561 863 3606 ,
886 3500 953 3588 vix
974 3495 1146 3610 aliquam
1167 3500 1351 3592 videntur
1374 3503 1515 3586 mereri
1568 3503 1882 3591 raentinentiam.

456 3611 550 3698 Nec
572 3637 704 3694 tamen
726 3614 891 3694 omninb
909 3612 1123 3697 vetandum
1147 3616 1200 3697 est
1229 3641 1281 3700 ne
1306 3610 1374 3696 illa
1386 3675 1401 3720 ,
1424 3531 1596 3706 discussis
1617 3611 1847 3730 prejudiciis
1865 3671 1883 3720 ,

458 3723 595 3808 dantes
629 3721 777 3833 aliquid
811 3722 952 3830 sama,
973 3723 1229 3820 exhibeamus
1252 3733 1297 3814 ἃ
1330 3723 1414 3814 aliis
1448 3727 1681 3813 misceamus
1708 3725 1884 3818 medica-

455 3842 599 3924 mentis
627 3833 937 3929 absorbentibus,

512 3951 663 4040 Verbm
686 3947 788 4036 illud
813 3946 996 4038 rarissime
1024 3949 1137 4036 datur
1156 3951 1331 4040 Medicis
1366 3953 1475 4064 qubd
1499 3954 1609 4038 initia
1648 3951 1883 4038 morborum

456 4061 619 4148 illorum
638 4069 692 4150 ita
716 4088 942 4264 occupent,
964 4089 1010 4148 ut
1027 4093 1169 4150 eorum
1190 4067 1354 4152 exordia
1377 4067 1616 4184 supprimere
1640 4068 1808 4264 pollina,
1839 4073 1882 4150 bt

456 4177 563 4286 quast
599 4177 802 4264 suffocare.
859 4175 1041 4286 satereia,
1065 4179 1169 4294 ipsos
1194 4178 1316 4271 celeri
1342 4207 1547 4272 curatione
1575 4182 1601 4264 st
1623 4211 1644 4264 a
1672 4185 1781 4295 igere
1810 4177 1883 4266 tibi

456 4287 764 4402 presumpseris,
798 4323 881 4376 non
906 4289 1086 4377 inutilem
1121 4291 1250 4375 solbm
1291 4290 1404 4384 ludes
1497 4321 1628 4401 crarn,
1657 4294 1724 4388 sed
1762 4297 1883 4379 etiam

455 4398 552 4486 vere
574 4405 787 4507 nocivam,
822 4413 914 4487 cbm
932 4411 1015 4492 inte
1061 4408 1093 4489 is
1116 4405 1384 4494 fiunelionibus
1413 4435 1439 4490 v
1481 4405 1543 4492 'da
1570 4415 1613 4492 bt
1637 4411 1884 4494 immutanda

456 4511 745 4602 medicamenta
775 4517 844 4599 nist
874 4519 916 4597 in
951 4547 1014 4601 ma
1034 4549 1099 4601 um
1121 4519 1316 4606 darinon
1340 4521 1519 4638 pollintt
1549 4525 1717 4606 mutatio
1750 4523 1883 4606 omnia

455 4623 583 4710 subita
603 4626 704 4712 mala
715 4693 729 4736 ,
749 4629 963 4715 secundam
979 4628 1269 4747 Hippocratem
1284 4667 1297 4736 ς
1314 4633 1425 4746 quod
1450 4637 1565 4748 preci
1594 4633 1644 4720 ue
1657 4638 1698 4718 in
1722 4630 1883 4718 infanti·

455 4737 530 4826 bus
547 4767 697 4825 verum.
717 4739 904 4828 Praeoerei
931 4725 1029 4828 verb
1046 4749 1174 4833 omniu
1197 4747 1398 4862 disposttlo
1418 4775 1501 4832 non
1518 4781 1545 4834 v
1585 4747 1648 4834 'de
1666 4747 1882 4834 discutien-

457 4853 551 4940 dam
570 4851 614 4939 se
642 4855 753 4964 furit,
773 4855 841 4950 sed
860 4857 998 4958 sessum
1023 4861 1321 4974 attenuandam,
1354 4863 1448 4952 binc
1481 4889 1605 4983 parce
1639 4869 1681 4950 ὅ(
1709 4864 1881 4978 repetita

1767 4973 1884 5060 doses
