4246 5900
512 409 1249 518 INTRODUCTIO.
1545 443 1599 521 ιγ

236 575 401 690 Ungues
422 577 463 659 in
490 575 589 688 aqui
616 575 757 689 frigida
783 580 851 660 vix
874 579 1155 682 immutantur,
1179 576 1433 664 emolliuntur
1455 579 1496 662 in
1523 609 1590 662 ca-

174 688 279 772 lente
308 697 349 772 &
371 687 560 773 bulliente
579 721 591 788 ;
613 687 988 793 acidiseroduntut,
1015 688 1119 774 unde
1138 693 1184 774 iis
1212 695 1278 801 qui
1298 693 1588 776 manus-incau—
1674 777 1675 780 a
1714 770 1718 776 .

173 803 246 886 titis
270 801 392 885 acidis
417 802 543 886 succis
565 803 807 912 immergunt
828 800 959 913 saepiits
978 828 1129 913 ungues
1149 802 1316 888 emolliti
1348 808 1494 912 vixque
1512 799 1588 884 ful-

174 911 325 1004 ciendis
377 912 592 1026 digitorum
636 910 812 1027 apicibus
898 915 927 996 ti
971 916 1227 1027 reperiuntur.
1262 913 1466 1000 Maculam
1503 917 1591 1026 ipfis

172 1027 286 1120 acida
306 1026 510 1112 minetalia
526 1023 724 1108 solutione
743 1049 845 1110 meta
878 1053 992 1108 otum
1018 1023 1167 1127 imbuta
1198 1029 1356 1114 inurunt
1368 1089 1383 1134 ‚
1411 1027 1478 1108 nist
1498 1054 1593 1140 pto·

173 1125 303 1250 grellu
322 1143 467 1249 unguis
487 1167 569 1220 non
587 1133 814 1240 delebiiem,
830 1134 897 1218 sed
924 1135 1113 1220 diversam
1136 1134 1243 1220 illam
1264 1168 1335 1252 pro
1361 1137 1508 1224 metalli
1532 1137 1594 1220 di·
1705 1185 1709 1192 ·

173 1253 388 1348 verfitate3
434 1248 542 1332 simul
570 1255 611 1330 ὅ(
639 1246 805 1362 politum
833 1247 1006 1360 ipsorum
1038 1247 1224 1333 laevorem
1264 1248 1423 1334 tollunt.
1465 1251 1594 1332 Com·

172 1358 276 1444 busti
295 1393 351 1444 un
407 1389 447 1444 es
467 1361 630 1442 odorem
655 1389 780 1442 cornu
800 1359 982 1442 foetidum
1001 1363 1205 1468 emittunt,
1228 1368 1269 1446 ὃ(
1287 1365 1328 1443 in
1348 1359 1595 1446 distillatione

174 1477 375 1586 protraela
395 1469 508 1558 alcaii
521 1467 708 1578 volatile,
723 1497 768 1558 ut
787 1497 923 1557 caetera
944 1500 993 1559 ex
1013 1471 1242 1558 animalibus
1257 1472 1482 1590 desumpta,
1503 1473 1594 1588 sup-

177 1585 369 1698 peditant.
639 1665 644 1676 ,
896 1611 903 1624 ·

218 1697 358 1781 Tertia
372 1701 473 1780 cutis
487 1705 571 1811 pais
583 1727 665 1806 quae
674 1693 929 1783 hucubertim
938 1695 1253 1810 reperitur,illi1c
1265 1701 1391 1782 minin
1405 1695 1596 1805 obviaest,

173 1807 384 1894 *folliculos
404 1818 642 1922 patentes&
665 1809 752 1894 vasa
775 1811 919 1891 hiantia
949 1810 1278 1922 comprehendit,
1304 1840 1387 1921 quae
1409 1811 1598 1894 secretio·

182 1929 237 2008 nis
269 1922 425 2036 semper
444 1925 484 2001 in
511 1947 602 2007 cute
631 1920 821 2035 prasentia
870 1949 1015 2032 organa
1039 1923 1137 2006 sunt.
1168 1923 1220 2005 Et
1250 1926 1425 2033 quamvis
1454 1925 1599 2003 horum

184 2063 423 2149 organorum
453 2035 658 2138 struetura,
693 2061 797 2116 nunc
829 2031 1063 2144 penicillaris
1097 2036 1173 2138 stt,
1204 2063 1309 2118 nunc
1335 2037 1449 2118 variis
1481 2031 1598 2146 repli-

186 2177 267 2232 cata
284 2149 423 2251 tricis,
443 2175 548 2228 nunc
570 2141 796 2228 folliculum
816 2142 994 2226 circulari
1014 2143 1162 2227 ambitu
1175 2146 1343 2252 efficiat,
1359 2144 1601 2253 exsudetque
1633 2205 1638 2217 .

187 2264 393 2346 humorem
446 2285 492 2338 to
515 2260 629 2340 variis
647 2254 818 2370 partibus
844 2256 1066 2360 diversum,
1087 2253 1184 2338 nihil
1210 2283 1340 2348 tamen
1356 2262 1461 2342 circa
1479 2261 1602 2338 struc-

190 2399 274 2456 tutae
304 2287 494 2477 cujuliiue
519 2368 664 2473 usum,
708 2369 772 2453 ins
792 2371 894 2452 edio
925 2372 1145 2451 anatomica
1174 2368 1370 2482 defignat,
1402 2369 1468 2454 sed
1493 2369 1602 2450 diffe-

195 2489 349 2566 rentiam
370 2479 527 2566 fabricae
549 2509 665 2590 quam
686 2399 826 2567 oculus
845 2482 1035 2592 attingere
1050 2484 1211 2589 nequit,
1228 2483 1488 2564 demonstrant
1503 2480 1603 2563 odo-

195 2609 270 2678 rum
301 2598 507 2680 varietates
530 2653 543 2697 ,
565 2591 725 2694 oleosa‚
757 2590 995 2705 saponacea,
1027 2593 1189 2676 mucosa
1213 2595 1424 2686 humorum
1443 2618 1602 2695 natura,

160 2743 164 2750 ¹
194 2705 398 2794 inauribus
409 2767 424 2812 ‚
447 2701 575 2792 axillis
586 2763 601 2810 ‚
627 2699 781 2786 natibus
789 2765 804 2810 ‚
824 2703 873 2788 ad
886 2706 1059 2814 inguina.

484 2923 1094 3015 laurentus
1196 2926 1302 3012 ru.

656 3151 723 3237 De
754 3153 862 3236 Cutis
886 3150 1144 3238 varietatibus.

240 3383 414 3472 Fabrica
436 3384 538 3468 'cutis
562 3385 603 3467 in
622 3377 802 3462 universo
821 3403 993 3492 corpore
1006 3375 1168 3476 eadem,
1188 3367 1329 3454 multas
1348 3396 1504 3477 tamen,
1533 3372 1610 3455 siue

192 3499 367 3612 tangenti
398 3494 524 3606 digito
540 3544 561 3598 ,ι
580 3496 658 3576 five
685 3489 855 3576 lustranti
882 3486 1005 3574 oculo
1033 3486 1266 3588 differentias
1293 3481 1480 3589 exhibet,
1518 3512 1614 3590 quas

194 3609 428 3694 nanciscitur
459 3605 555 3719 sape
587 3603 610 3688 *a
639 3600 894 3708 lubjedatum
921 3602 1088 3716 partium
1123 3592 1257 3685 namra
1281 3622 1326 3702 ac
1345 3593 1496 3700 sormi,
1517 3593 1615 3710 sape

193 3718 360 3806 etiamb
389 3719 503 3805 variis
532 3711 811 3803 accidentibus.
839 3715 1042 3810 Primariat
1058 3711 1144 3796 sunt
1169 3705 1242 3796 illae
1266 3703 1403 3816 quasi
1432 3704 1573 3814 colore
1598 3765 1618 3810 5

194 3834 284 3916 sexu
304 3894 319 3937 ,
352 3855 462 3914 atate
488 3827 701 3944 pendentes
717 3830 845 3940 primo
873 3827 1013 3906 intuitu
1034 3819 1371 3936 deprehendimus.
1387 3818 1484 3900 Aliae
1498 3855 1519 3922 ,·
1537 3821 1615 3900 five

194 3943 428 4030 secundarie
456 3937 665 4057 pendenti
679 3937 1081 4026 constitutioneuniits
1101 3931 1288 4042 cujusque
1308 3927 1436 4020 nativi
1447 3991 1461 4037 ‚
1482 3927 1618 4040 quales

179 4058 281 4149 ,sunt
300 4057 493 4156 tenuitas,
507 4050 853 4155 exnensrlitas,&c.
1161 4140 1165 4151 ,
1268 4105 1275 4148 ;
1384 4075 1389 4084 ·

248 4171 321 4254 De
341 4167 578 4258 differentiis,
596 4162 672 4256 illis
689 4193 784 4273 1quae
810 4161 831 4244 ὲ
854 4164 981 4246 textus
1002 4155 1226 4260 reticulatis]
1245 4151 1385 4236 colore
1412 4151 1616 4264 pendent,

198 4289 238 4364 δι
266 4278 291 4362 ὲ
310 4305 419 4393 parte
433 4281 534 4360 intits
555 4275 716 4366 evoluti
734 4272 939 4358 colorante
955 4273 1228 4372 desumuntur,
1242 4268 1305 4354 hic
1323 4263 1437 4350 fustus
1457 4265 1593 4374 dicere
1601 4327 1616 4369 ‚

202 4395 393 4502 quatenits
412 4389 528 4474 color
539 4387 609 4478 'dle
629 4387 685 4481 Ni
714 4391 865 4470 ritas&
884 4388 1097 4578 AEthioges
1125 4380 1344 4484 constituit,
1371 4377 1394 4461 *a
1416 4377 1619 4491 proposito

199 4509 356 4618 ptorsits
369 4502 540 4588 alienum
550 4500 667 4588 foret.
724 4494 1010 4579 bservallesatis
1040 4495 1138 4580 uerit
1156 4490 1337 4575 colorem
1354 4485 1619 4575 initiantibus

195 4643 319 4725 ,atque
331 4612 557 4700 mulieribus
570 4609 769 4723 Europaeis
785 4609 847 4690 tna
875 4611 906 4690 is
915 4603 1105 4712 albidum,
1122 4602 1375 4718 splendidiori
1385 4597 1548 4685 cellulas
1558 4626 1621 4686 re·

202 4727 327 4843 plenti
349 4750 478 4818 muco
501 4723 633 4818 'deberi
656 4747 672 4824 ς
697 4727 738 4809 in
761 4639 930 4824 marinis
956 4729 997 4813 ἃ(
1015 4723 1109 4806 viris
1132 4713 1378 4822 umbratilem
1397 4717 1517 4797 vitam
1544 4709 1623 4816 res·

203 4839 566 4958 pueritibusmegle'
588 4867 634 4936 al:
665 4838 786 4953 magis
809 4832 1024 4943 micatis
1042 4828 1153 4962 quod
1175 4823 1534 5026 iradiisesolaribus
1562 4823 1625 4930 in·
