4226 5916
641 409 1138 540 cuvANEIs
1396 439 1401 450 ·
1532 438 1617 526 nm

183 576 332 666 hostilis
362 577 531 664 materie
563 574 611 662 ab
641 580 855 690 humorum
887 577 1055 662 circuitu
1087 581 1130 660 dt
1160 597 1206 659 or
1240 565 1384 676 [nismo
1412 572 1592 693 separate
1606 631 1626 690 ,-

184 693 363 808 legitime
382 690 596 776 avertendae
619 691 736 805 polfrt
759 691 841 775 dari
867 689 1090 774 indicatio?
1117 602 1351 774 Cerdaants
1371 695 1505 776 omnia
1529 697 1623 792 curu

185 831 296 890 terre
319 809 483 890 nutritis
506 830 625 914 arque
646 802 816 888 mucosae
835 805 936 886 vitio
956 829 1100 922 peccet
1119 804 1290 910 humor,
1313 808 1470 917 pror'sbs
1491 807 1625 890 inver-

185 917 352 1002 tendum
376 919 453 1003 esle
480 943 521 1000 re
549 920 656 1010 imen
682 915 920 1000 crediderim
945 947 963 1016 ;¹
991 924 1032 999 ὅ(
1059 915 1109 1000 ad
1130 913 1229 998 tales
1257 945 1380 1028 egros
1407 916 1624 1005 advocatus

185 1029 374 1114 Medicus
394 1031 434 1114 id
451 949 548 1113 ant}
562 1033 695 1114 omnia
713 1028 920 1144 explorare
940 1027 1087 1135 debet,
1112 1027 1161 1112 ad
1177 1027 1287 1139 quod
1301 1030 1443 1112 vitium
1459 1029 1628 1117 inclinet

186 1147 364 1256 regimen
377 1143 490 1227 illud.
517 1145 667 1230 Namfr
683 1140 992 1257 bvegetantibus
1010 1138 1104 1226 solis
1121 1144 1376 1225 constitutum
1393 1142 1499 1228 foret
1517 1149 1626 1258 regi-

158 1284 306 1361 men,
335 1255 378 1338 id
405 1261 460 1340 ita
492 1283 645 1342 vertere
671 1254 794 1340 velim
825 1281 870 1340 ut
900 1257 1034 1340 omnia
1063 1252 1167 1339 bens
1197 1253 1454 1360 fermentata,
1483 1285 1627 1371 panem

186 1367 407 1452 biscoclum
436 1369 646 1476 suaserim,
682 1365 894 1478 carnesque
930 1395 1111 1475 teneras,
1147 1392 1215 1451 aut
1244 1367 1371 1481 pisces
1403 1370 1628 1456 concedam

178 1479 377 1572 -saxariles,
412 1483 483 1564 Sin
517 1481 657 1566 contrd
687 1507 738 1566 ex
774 1479 1006 1566 animalibus
1038 1480 1162 1565 diaeta.
1181 1483 1353 1565 conflata
1378 1481 1529 1588 suerit,
1563 1486 1627 1566 his

187 1592 369 1678 animalia
389 1593 535 1680 cibaria
553 1593 785 1679 interdicam
809 1599 964 1709 prorsbs
976 1655 992 1700 ,
1015 1618 1081 1700 ut,
1107 1587 1262 1678 scilicet
1290 1593 1539 1706 quacumque
1564 1623 1627 1678 ra·

188 1712 323 1813 tione,
345 1705 595 1818 quascumque
613 1706 676 1802 vil
696 1705 811 1791 illatae
831 1710 1049 1790 humorum
1070 1705 1294 1789 conditioni
1316 1707 1555 1792 medeamur.
1609 1769 1615 1783 ,

245 1823 292 1904 In
307 1849 452 1934 genere
466 1845 599 1903 tamen
614 1821 747 1928 diaeta,
765 1825 953 1931 quantbm
973 1820 1057 1903 fieri
1077 1823 1225 1933 poterit
1243 1822 1284 1900 in
1302 1817 1450 1930 viribus
1472 1818 1626 1928 illaefrs,
1694 1901 1697 1906 .

189 1937 331 2018 ordior
351 1933 591 2046 imperanda.
621 1933 726 2016 Cum
754 1962 836 2016 non
855 1960 945 2016 acre
963 1930 1115 2037 solbm,
1142 1931 1210 2016 sed
1236 1940 1276 2016 bc
1303 1932 1541 2045 superfluum
1560 1937 1627 2018 hic

191 2045 337 2132 morbo
363 2047 547 2130 fomitem
577 2046 722 2151 addat,
750 2047 1067 2159 superfluumque
1100 2053 1142 2128 dc
1170 2043 1316 2158 spissius
1347 2047 1414 2148 fit,
1444 2053 1486 2128 dt
1521 2047 1627 2154 quast

191 2159 399 2242 mucosum
437 2163 563 2242 nimis.
601 2159 717 2242 Unde
750 2158 883 2272 sapitis
912 2161 1045 2243 evenit
1075 2183 1120 2242 ut
1156 2159 1184 2239 ii
1217 2159 1284 2266 qui
1314 2155 1420 2242 tined
1453 2157 1629 2242 maxims

190 2272 457 2376 vexantur,s1
486 2276 611 2384 gravis
638 2269 776 2381 aliquis
808 2275 848 2353 in
875 2299 947 2354 eos
973 2270 1157 2354 inciderit
1185 2267 1376 2375 morbus,
1407 2273 1554 2382 inquo
1584 2278 1626 2354 dc

190 2381 302 2467 febre
317 2392 358 2466 ἃ
372 2383 478 2466 fame
496 2387 758 2467 conficiantur
769 2443 784 2491 ,
808 2383 1111 2468 conticescat&
1139 2382 1244 2491 quast
1266 2379 1374 2464 sileat
1391 2385 1502 2480 ,tinea
1513 2443 1527 2487 ,
1549 2410 1627 2466 nec

191 2496 243 2580 de
264 2493 310 2577 ei
330 2491 499 2608 longum
518 2521 586 2607 per
606 2520 761 2608 tempus
779 2498 936 2580 mentio·
950 2498 1030 2578 fiat.
1053 2494 1142 2576 Imb
1159 2491 1375 2578 nonnullos
1394 2497 1491 2577 novi
1513 2493 1628 2578 simili

190 2606 319 2692 modo
346 2631 530 2713 curatos,
558 2606 624 2690 sed
653 2634 699 2691 ut
724 2607 844 2693 fatear
871 2608 980 2718 quod
1009 2635 1070 2692 res
1099 2609 1151 2688 est
1165 2668 1180 2712 ,
1209 2635 1292 2688 non
1321 2607 1400 2689 sme
1428 2609 1627 2692 interioris

192 2719 352 2804 visceris
367 2716 529 2824 alicujus
545 2717 770 2836 dispendio;
785 2718 904 2804 febris
917 2723 1023 2804 enim
1032 2781 1045 2824 ,
1062 2746 1106 2801 ut
1120 2743 1165 2801 ut
1182 2715 1372 2823 violenta,
1390 2721 1456 2802 vix
1471 2717 1646 2820 videtu't,

191 2833 373 2918 sufficere
392 2858 503 2916 tanto
524 2833 656 2916 fomiti
680 2831 931 2918 debellando.
960 2831 1109 2918 Forsan
1129 2829 1239 2914 aliter
1258 2827 1324 2914 alii
1339 2829 1534 2914 viderunt.

254 2943 456 3030 Omnibus
482 2947 579 3028 verb
612 2945 718 3050 circi
744 2946 903 3030 vivendi
935 2973 1116 3029 normam
1146 2946 1189 3025 in
1206 2943 1398 3027 ordinem
1426 2943 1624 3052 reductis,

158 3072 163 3080 '
193 3058 491 3146 medicamentis
505 3057 824 3173 prospiciendum
837 3061 900 3142 est.
919 3056 1096 3140 Suadent
1109 3084 1267 3160 omnes,
1287 3059 1345 3138 uti
1365 3053 1442 3161 jam
1457 3055 1624 3164 dissum,

193 3169 339 3256 dvenae
356 3169 679 3256 sectione'curam
705 3171 965 3276 ordiendam,
992 3167 1103 3278 quod
1127 3197 1201 3252 nec
1227 3167 1402 3281 semper,
1431 3197 1507 3254 nec
1535 3173 1626 3254 uni·

195 3285 311 3369 verfis
330 3293 468 3369 verum
492 3285 575 3386 est3
601 3285 789 3394 siquidem
814 3285 862 3368 ad
890 3279 1150 3367 indicationes
1174 3283 1386 3366 curatorias
1412 3309 1519 3366 venae
1540 3282 1626 3368 sec.-

194 3401 255 3482 tio
277 3394 375 3480 nihil
396 3396 597 3482 evidenter
616 3398 801 3506 confert,
816 3399 989 3510 corpori
1015 3401 1165 3496 tantbm
1193 3421 1262 3508 per
1284 3422 1373 3478 eam
1397 3392 1626 3480 consulitur.

194 3506 333 3594 Postes
340 3513 452 3616 verb,
467 3539 511 3594 ut
520 3537 672 3594 veteres
683 3510 766 3596 ferd
777 3537 930 3618 omnes,
945 3507 1216 3622 precipueque
1229 3506 1392 3612 Paraeus,
1409 3511 1626 3592 cauterium

196 3625 299 3706 inuri
321 3630 363 3708 bt
385 3621 462 3706 latd
484 3651 506 3704 a
534 3646 660 3706 ertum
680 3624 819 3708 servari
839 3620 1149 3726 commendant,
1172 3622 1215 3702 in
1235 3646 1375 3703 eorum
1395 3620 1627 3704 sententiam

197 3735 372 3821 eundum
392 3735 457 3817 cll.
526 3761 579 3816 on
594 3737 702 3844 quod
721 3764 772 3819 eo
787 3737 964 3818 cauterio
977 3730 1187 3816 revellatur
1199 3733 1363 3838 humor,
1386 3759 1433 3816 ur
1450 3731 1628 3845 plerique

197 3875 355 3964 purant,
378 3871 445 3930 aut
457 3846 668 3932 divertatur
685 3879 767 3958 quae
784 3845 1011 3932 divertenda
1029 3875 1112 3928 non
1125 3845 1178 3930 est
1190 3847 1319 3950 tinea,
1343 3843 1410 3928 sed
1433 3846 1519 3929 urs
1566 3874 1626 3931 er·

196 3963 299 4046 sluus
327 3963 473 4044 humor
506 3963 653 4044 exitum
686 3959 844 4044 facilem
878 3962 1081 4044 inveniens
1095 4019 1111 4066 ,
1147 3987 1230 4042 non
1260 3957 1337 4064 jam
1371 3957 1419 4040 ad
1455 3985 1501 4040 ea
1551 3988 1626 4044 oce
1708 3983 1734 4031 ι

196 4073 342 4159 feratur
391 4102 432 4158 et
456 4101 540 4184 quae
564 4070 778 4180 exuberat,
803 4073 983 4184 adeoque
1006 4073 1135 4157 fomes
1160 4075 1273 4156 tinere
1294 4071 1427 4152 minor
1448 4071 1527 4154 fiat.
1816 4082 1823 4094 “

254 4103 408 4270 Exinde
440 4188 536 4270 verb
562 4185 611 4268 ad
649 4184 842 4272 leniorem
871 4187 1060 4271 ‘medendi
1091 4181 1332 4268 methodum.
1356 4180 1543 4277 vertenda
1573 4185 1625 4272 est

197 4329 323 4405 cura,
347 4327 411 4383 me
433 4297 567 4384 saltem
589 4295 732 4403 judice
757 4300 870 4410 Quid
887 4302 992 4383 enim
1010 4297 1079 4381 sub
1101 4294 1230 4378 morbi
1252 4297 1477 4408 principiis,
1501 4323 1625 4382 mate·

198 4411 334 4523 risque
356 4410 476 4496 crude
483 4473 497 4517 ,
519 4409 541 4494 *a
559 4411 788 4494 fortioribus
814 4413 1020 4515 emericis,
1045 4407 1068 4490 b
1092 4404 1346 4491 validioribus
1399 4407 1626 4522 urgentibus

201 4523 398 4641 speremus
413 4527 427 4604 ἒ
444 4549 483 4606 at
496 4527 695 4634 inquient,
715 4527 935 4630 nemeteria
947 4520 1146 4635 copiosior
1159 4543 1294 4625 exeat,
1313 4437 1397 4635 ipss>
1409 4524 1451 4602 in
1468 4520 1535 4606 sus
1555 4526 1635 4610 ori.

198 4643 294 4752 gine
317 4667 342 4720 o
370 4638 584 4751 primenda.
613 4639 763 4721 Verbm
788 4633 846 4721 nil
872 4631 1014 4718 melius
1041 4633 1170 4740 foret,
1197 4633 1225 4714 sr
1254 4631 1392 4743 aliquis
1418 4631 1627 4747 sperandus

199 4753 320 4835 succe
351 4779 408 4833 us.
434 4750 490 4831 At
506 4746 566 4830 illi
586 4751 770 4834 fiduciam
792 4746 977 4832 adhibere
995 4773 1136 4831 nature
1154 4773 1285 4831 mores
1307 4753 1348 4832 ὃ(
1371 4747 1512 4859 agendi
1532 4776 1626 4829 nor-

197 4893 307 4951 mam
330 4859 586 4977 perpendenti
612 4861 848 4976 impossibile
875 4863 938 4947 en
974 4861 1050 4948 Ars
1076 4858 1219 4974 quippi¹
1250 4887 1337 4944 eam
1366 4859 1628 4973 imperseblids
