4136 5892
495 445 550 528 74
738 417 833 506 DE
889 411 1185 505 nonnis
1243 415 1656 506 CUTANEIS.

297 581 365 657 Η·
498 583 692 700 implices
721 583 809 667 suut
820 647 834 690 ,
864 582 930 668 seu
949 605 1116 689 extant,
1145 579 1256 666 mole
1278 583 1558 666 tantummodo
1581 581 1765 668 vasorum
1784 579 1922 693 audii,

198 663 473 827 Pupuqsspmpiirou
495 695 579 782 a'liae
601 721 834 780 contentum
853 694 1050 804 liquorem
1068 693 1219 778 servant
1231 757 1246 801 ,
1272 701 1314 780 ot
1340 693 1412 781 illo
1432 694 1671 809 turgescunt.
1694 695 1762 780 De
1778 697 1922 812 simpli.

441 885 444 894 .
497 809 610 896 cibus
626 809 810 920 quidem,
838 807 903 890 seu
923 803 1118 920 prioribus
1138 806 1214 890 illae
1234 807 1346 922 supra
1366 834 1502 892 cutem
1521 812 1698 894 eminent
1720 805 1921 916 sejuntiim

415 962 420 974 ·
497 951 614 1034 atque
638 923 896 1035 segregatim,
925 916 1207 1031 intervallaque
1233 923 1334 1004 inter
1352 920 1392 1005 se
1410 920 1636 1032 relinquunt
1649 923 1750 1006 sana.
1766 923 1921 1006 Harum

498 1029 580 1122 aliar
606 1036 791 1118 confertae
816 1032 929 1136 sunt,
956 1031 1066 1141 quod
1083 1031 1394 1145 magnitudinem
1419 1033 1540 1117 causae
1559 1039 1713 1150 arguit,
1745 1033 1825 1118 aliae
1845 1037 1924 1119 huc

499 1155 543 1234 ὃ(
558 1146 656 1232 illuc
677 1144 831 1262 sparsae,
856 1143 965 1254 quod
981 1141 1173 1227 leviorem
1190 1144 1338 1228 indicat
1352 1148 1614 1258 eruptionem.
1638 1146 1775 1232 Postei
1791 1147 1925 1230 durio-

499 1279 560 1346 'tes
580 1262 687 1364 sunt,
718 1256 827 1367 quod
855 1259 1073 1340 tenacitatis
1097 1260 1138 1338 in
1155 1254 1299 1339 inorbo
1327 1262 1337 1279 '
1394 1261 1517 1341 icium
1544 1261 1598 1343 est
1612 1320 1627 1364 ,
1656 1288 1724 1344 aut
1748 1258 1817 1342 sub
1838 1261 1923 1374 ipso

498 1377 603 1460 meu
616 1370 801 1454 cedentes
809 1431 822 1476 ,
836 1368 945 1478 quod
955 1368 1248 1483 impressionem
1264 1259 1586 1551 *enicem
1602 1369 1818 1458 &levioris
1834 1373 1924 1454 sun-

500 1487 673 1572 dementi
689 1483 936 1567 demonstrat.
1905 1554 1907 1558 ,

547 1598 711 1680 ‘Rursus
729 1597 826 1679 vero
847 1621 901 1678 eae
923 1595 951 1676 si
973 1592 1093 1678 rubiae
1116 1596 1189 1678 sirit
1201 1655 1216 1702 ,
1243 1590 1311 1677 vel
1330 1590 1493 1676 rubrum
1517 1592 1728 1678 lamiarum
1752 1596 1928 1682 referunt

500 1708 684 1794 colorem
693 1705 826 1814 ‚unde
839 1707 888 1790 ad
927 1705 1159 1820 hlegmones
1172 1731 1348 1790 naturam
1363 1706 1580 1814 accedunt,
1595 1705 1662 1792 vel
1675 1708 1790 1792 roseo
1807 1708 1928 1793 colo-

500 1850 543 1906 re
557 1826 683 1905 nitent
694 1884 708 1926 ‚
721 1820 830 1930 quod
846 1737 932 1933 ipsis
946 1817 1179 1934 erysipelatis
1192 1821 1361 1903 formam
1374 1817 1544 1926 adstruit,
1559 1818 1624 1904 vel
1636 1821 1796 1904 demlim
1809 1827 1929 1936 nigrae

498 1933 588 2018 sunt
606 1959 673 2018 aut
695 1935 956 2047 nigricantes‚
986 1933 1095 2043 quod
1111 1934 1301 2015 summam
1319 1932 1514 2044 sanguinis
1527 1929 1581 2016 ibi
1596 1936 1640 2016 in
1656 1936 1929 2045 ecchymosim

499 2047 695 2130 affluentis
714 2046 995 2159 degenerisque
1014 2043 1285 2129 alterationem
1307 2041 1638 2128 melancholicam
1665 2043 1817 2158 probat.
1844 2048 1930 2130 Mi-

498 2161 643 2242 tiorem
662 2160 823 2268 &quasi
843 2159 1123 2242 adventaneam
1141 2158 1295 2242 causam
1312 2160 1460 2241 evincit
1475 2153 1646 2240 illibatus
1671 2160 1772 2242 curis
1792 2157 1928 2244 color.

499 2269 712 2368 {dentiam
737 2275 834 2354 vero
857 2275 1089 2384 incorpore
1117 2271 1438 2383 dispositionem,
1460 2271 1488 2351 si
1513 2299 1596 2379 quar
1619 2271 1725 2353 flavae
1749 2271 1929 2380 fuerint,

502 2377 776 2468 demonstrari?
791 2382 1133 2497 suspicionemque
1147 2382 1249 2466 male
1265 2409 1422 2466 moratae
1437 2378 1526 2465 bilis
1540 2379 1730 2487 injiciunt.

478 2521 505 2594 j
586 2494 747 2579 Pustulae
775 2496 802 2577 si
834 2525 915 2578 non
952 2497 1155 2610 perstent,
1192 2495 1260 2580 sed
1286 2497 1493 2580 effloreant
1519 2497 1561 2576 in
1591 2521 1684 2577 cute
1697 2556 1712 2600 ,
1739 2493 1929 2580 dicuntur

496 2607 772 2704 βλαφήμὴι,
796 2609 1013 2716 ιχθύματα,
1039 2603 1193 2704 oluere
1228 2610 1335 2691 Nam
1362 2608 1518 2691 diversis
1542 2605 1648 2690 hisce
1668 2605 1931 2716 nominibus,

500 2719 662 2803 eosdem
669 2718 766 2832 sape
781 2719 1016 2833 assignavere
1028 2719 1192 2805 morbos
1208 2723 1356 2831 antiqui
1366 2745 1638 2834 praeceptorem
1650 2718 1716 2803 sed
1726 2721 1791 2829 qui
1805 2721 1931 2828 iiiior,

497 2829 610 2914 diroti
627 2833 775 2915 Graecis
799 2831 1008 2936 dicuntur,
1031 2833 1183 2918 Latinis
1205 2835 1310 2937 vari,
1336 2841 1378 2917 &
1392 2857 1436 2914 ut
1449 2830 1673 2915 scholarum
1688 2829 1821 2944 linguai
1837 2858 1929 2916 uta-

499 2935 610 3051 mur,
627 2972 696 3058 per
713 2946 1008 3137 congestionem
1022 2947 1135 3051 fiunt,
1152 2975 1233 3029 non
1247 2971 1317 3060 per
1331 2945 1564 3050 fluxionem,
1579 2943 1680 3027 idest
1694 2943 1831 3028 sensim
1845 2945 1932 3031 fine

500 3055 712 3142 erethismo
747 3087 795 3138 na
813 3082 984 3163 cuntur,
1010 3055 1148 3141 tubera
1170 3057 1257 3140 sunt
1278 3059 1403 3139 cutim
1429 3054 1700 3170 deturpanda,
1721 3057 1930 3142 sanitatem

500 3171 598 3256 vero
620 3170 781 3253 fruentia
799 3171 982 3254 intestam
1003 3178 1044 3254 &t
1064 3167 1266 3255 illibatam.
1295 3168 1448 3253 Rurslis
1464 3171 1561 3252 vetii
1579 3165 1744 3281 pustulae'
1761 3167 1835 3256 illae
1857 3171 1934 3255 vel

500 3286 717 3398 prurientes
738 3281 827 3364 sunt
852 3309 969 3391 atque
994 3280 1214 3366 doloriferae
1228 3307 1257 3388 ,‘
1272 3278 1338 3364 vel
1367 3285 1547 3366 innocuae
1580 3289 1622 3364 dt
1645 3279 1795 3366 nullam
1817 3285 1933 3366 infli-

500 3421 639 3508 gentes
666 3391 758 3476 mali
788 3391 931 3478 labem.
956 3395 1056 3504 Quo
1080 3397 1243 3479 nomine
1263 3397 1412 3508 priores
1447 3395 1635 3481 irrisurus
1660 3421 1854 3478 vocantur
1885 3404 1933 3480 ὅ(

500 3503 698 3602 ariopolis
707 3567 722 3612 ,
749 3508 832 3589 imo
848 3514 890 3590 &
912 3500 1055 3607 elopem
1072 3537 1154 3617 quae
1172 3508 1269 3590 veto
1287 3505 1442 3621 pustulat
1467 3536 1549 3588 non
1568 3509 1769 3618 pruriunt,
1789 3535 1841 3592 eae
1856 3512 1935 3590 vix

501 3616 699 3701 medicam
715 3617 884 3731 poscunt
900 3647 1030 3732 opem.
1045 3617 1265 3702 Prurienres
1277 3620 1374 3702 vero
1388 3621 1439 3704 eo
1454 3617 1704 3732 maligniores
1721 3617 1822 3726 sunt,
1842 3624 1934 3732 quii

500 3731 651 3846 pruritu
665 3731 818 3813 acriore
834 3737 876 3813 ὃ(
892 3733 1014 3845 magis
1031 3730 1270 3815 indesinente
1284 3759 1439 3816 vexant.

559 3841 729 3956 Aspeslu
744 3843 810 3922 vix
821 3837 994 3944 judicare
1016 3871 1133 3951 queas
1155 3873 1202 3927 an
1245 3845 1362 3927 ruriat
1375 3841 1550 3956 pustula,
1573 3873 1622 3926 an
1636 3845 1703 3927 siin
1733 3841 1796 3928 lex
1818 3843 1866 3928 sit
1885 3853 1935 3932 ὅ(

499 3952 726 4067 benignior.
750 3951 856 4034 Clim
885 3951 980 4066 sepe
1007 3957 1073 4036 viii
1098 3874 1293 4038 manilista
1313 3955 1461 4070 pustula
1486 3981 1602 4064 atque
1622 3875 1730 4066 quali
1752 3954 1938 4042 solitaria

502 4070 671 4179 pruritus
686 4067 864 4150 concitet
877 4067 1081 4171 immanes,
1091 4068 1158 4147 viir
1175 4093 1313 4151 contra
1327 4066 1405 4150 sese
1415 4069 1511 4151 sinat
1526 4067 1802 4152 advertentiam
1814 4069 1940 4158 foeda
1959 4121 1962 4130 ·

503 4177 554 4262 ad
564 4177 757 4289 aspedium
771 4175 1007 4292 pustularum
1019 4181 1256 4290 congeries,
1275 4177 1427 4260 nullum
1451 4181 1648 4265 adduceris
1673 4179 1823 4265 sensum
1839 4213 1851 4280 ;
1888 4189 1940 4268 in

503 4315 649 4401 genere
660 4313 790 4371 rameii
801 4290 1000 4376 fatendum
1011 4288 1236 4405 estpustulas
1249 4287 1335 4374 illas
1345 4321 1428 4402 quae
1438 4293 1485 4376 ad
1497 4293 1729 4407 erysipelaris
1744 4319 1938 4381 naturam

502 4400 700 4484 accedunt
716 4403 864 4514 pruritu
881 4403 1074 4518 distingui,
1082 4404 1272 4515 sensuque
1285 4402 1358 4488 illo
1374 4409 1441 4516 qui
1456 4407 1539 4520 ipso
1555 4403 1696 4492 dolore
1710 4404 1761 4488 ali
1790 4410 1940 4494 nando

505 4507 706 4596 crudelior
737 4515 778 4594 iri
802 4512 1076 4602 convulsiones
1104 4517 1356 4603 atrocissimas
1379 4523 1559 4632 erumpit.
1589 4517 1691 4628 Quae
1714 4435 1942 4634 phlegmo-

505 4624 642 4709 iiodeae
670 4623 784 4730 sunt,
807 4621 968 4708 dolores
989 4627 1184 4738 pulsatiles
1206 4639 1247 4714 ὃ(
1271 4631 1468 4715 cruciatus
1493 4631 1854 4716 vehementissimos
1887 4639 1939 4718 in

506 4733 656 4821 summa
677 4736 796 4819 cause
820 4735 1062 4851 malignitate
1081 4741 1315 4845 attulerunt3
1332 4767 1507 4828 naturam
1522 4741 1678 4856 pustula:
1704 4742 1800 4858 sape
1822 4745 1944 4832 visui

505 4847 667 4936 dubiam
692 4845 843 4934 doloris
865 4877 1002 4936 natura
1019 4859 1159 4970 arguit.
