4292 5904
389 373 399 381 ⁸
496 439 587 548 tp
947 429 1059 522 nn
1125 431 1496 523 Monere

500 601 703 715 stagnante
727 604 772 684 8(
798 593 914 680 inerti
944 597 1161 708 pendentes
1190 599 1356 686 similem
1387 603 1575 686 effessum
1601 595 1807 683 srmilium'
1822 631 1943 688 remc-

504 713 664 798 diomm
689 712 786 799 vidi.
815 707 978 793 Solutlo
1006 740 1137 798 autem
1162 713 1249 798 salis
1274 718 1413 798 marini
1444 713 1564 826 quium
1585 713 1811 828 prompte,
1832 731 1939 827 quim

495 825 667 932 -subitb,
700 821 819 936 quim
851 824 932 907 fine
963 825 1202 911 torminibus
1231 827 1365 912 alvum
1395 827 1536 936 laxet,
1570 827 1774 911 referente
1806 831 1938 914 tudun

496 944 697 1046 -auslore,
719 937 825 1024 testis
843 961 1006 1054 autopta
1030 941 1224 1027 affirmare
1244 942 1401 1056 possim.

789 1101 1679 1240 PAnAonAPuusru
1773 1253 1780 1264 ,

809 1325 879 1414 De
892 1328 1041 1412 aurium
1055 1329 1295 1416 Humiditote
1301 1329 1626 1448 proettrncrurali.

504 1591 508 1598 .
564 1503 698 1593 Multa
722 1507 775 1594 de
796 1509 947 1598 morbis
968 1512 1149 1619 aurium,
1174 1513 1242 1598 seu
1268 1516 1401 1628 potius
1424 1507 1655 1592 immensam
1678 1510 1930 1595 rermdiornm

501 1619 744 1734 sartaginem
770 1623 821 1708 ad
849 1623 990 1710 titulos
1015 1628 1212 1711 horumce
1239 1625 1432 1710 morboru
1503 1623 1745 1735 congessere
1767 1629 1929 1708 annoso

506 1733 665 1820 Medici
686 1736 817 1828 Greci
834 1737 1070 1844 aurifaber,
1090 1739 1395 1854 descriptionem
1487 1732 1651 1817 rborum
1671 1736 1830 1820 nullam.
1851 1737 1928 1846 Qui

507 1871 641 1932 tamen
654 1847 811 1955 morbi,
832 1858 925 1936 cbm
949 1851 1000 1940 ad
1012 1851 1364 1937 inflammationem
1381 1859 1424 1934 it
1440 1847 1577 1932 ulcera
1589 1849 1824 1955 reserantur,
1838 1846 1925 1932 nibil

508 1957 659 2044 habent
673 1962 866 2074 singulare
885 1964 993 2050 unde
1009 1966 1059 2050 ad
1079 1966 1245 2050 morbos
1270 1969 1372 2050 cutis
1397 1961 1577 2078 partiales
1602 1967 1840 2076 pertineant3
1859 1959 1921 2044 'nis

509 2073 644 2182 quod,
663 2074 743 2160 live
756 2073 1051 2168 obstrusiuram
1096 2083 1215 2184 artis,
1231 2082 1309 2163 srve
1330 2077 1385 2162 ob
1398 2073 1670 2191 glandularum
1683 2074 1921 2181 subjesianrm

501 2185 727 2290 uiciniam,
759 2195 803 2271 ὃ(
828 2185 914 2272 1οοί
938 2107 1238 2298 humiditatem,
1265 2217 1387 2274 omne
1410 2186 1641 2272 morborum
1672 2212 1912 2272 cotoneorum

499 2299 1920 2528 'iiiiiiffiisiilliislbliquiiioisffliiispiili

507 2521 599 2607 sunt
619 2525 850 2636 primae'suae
876 2530 1050 2642 origini,
1075 2529 1186 2623 unde,
1208 2536 1251 2616 bt
1274 2527 1443 2614 infantes
1472 2537 1515 2612 br
1541 2527 1695 2642 pueruli
1714 2523 1924 2610 nondinnl

504 2633 610 2718 laile
644 2633 793 2748 depulsi
823 2635 903 2743 jam
932 2641 982 2724 ad
1015 2644 1168 2726 aurium
1209 2649 1252 2727 δ’(
1294 2645 1466 2727 internas
1505 2649 1547 2724 bt
1592 2667 1769 2724 erremus
1811 2663 1926 2754 partes

498 2746 642 2946 {xiiis
672 2747 781 2834 leves
810 2749 1126 2838 exulcerationes
1152 2760 1370 2872 patiantur,
1396 2751 1709 2867 rhagadibusque
1733 2783 1781 2836 ac
1804 2751 1928 2835 lillurit

566 2862 757 2968 ellenrur,
781 2894 865 2949 non
884 2868 964 2951 stne
981 2894 1150 2952 matrum
1168 2867 1304 2983 plausu
1323 2895 1440 2978 arque
1460 2865 1650 2984 cautelis,
1664 2897 1749 2978 quae
1767 2863 1791 2949 b
1809 2861 1929 2950 naturl

503 2973 597 3056 satis
615 2973 793 3084 edoslae,
815 2978 1115 3093 depurationem
1136 2986 1240 3083 hanc
1262 3012 1342 3096 pro
1363 3009 1507 3070 namrae
1538 2977 1924 3082 beneficiobabem,

500 3093 553 3170 bt
574 3087 720 3172 eodem
739 3089 851 3176 cultu
873 3093 1160 3206 prosequuntur
1182 3123 1301 3206 atque
1323 3094 1457 3180 sordes
1473 3093 1643 3178 lemosas
1658 3097 1800 3209 capitis
1814 3094 1931 3177 insan-

498 3195 616 3303 -tilis‚
648 3200 830 3312 adeoque
851 3233 994 3291 cavent
1015 3236 1068 3326 ne
1089 3211 1176 3322 quis
1199 3210 1427 3325 imprudens
1452 3205 1680 3323 preposterti
1705 3205 1860 3293 modeli
1875 3234 1932 3290 etr

498 3337 709 3394 coerceat.

563 3422 624 3505 Hi
632 3424 731 3508 verb
739 3425 871 3512 morbi
881 3428 1138 3542 depuratorii,
1155 3439 1333 3546 quamvis
1348 3435 1397 3521 ab
1409 3434 1634 3552 herpetibus
1647 3440 1717 3548 qui
1729 3436 1772 3518 in
1785 3431 1933 3520 adultos

498 3535 688 3630 ‚incidunt
706 3563 797 3624 toto
819 3540 932 3626 coelo
956 3543 1165 3656 differant,
1183 3548 1335 3664 duplici
1363 3555 1405 3636 in
1430 3551 1520 3637 casu
1543 3551 1790 3664 potillimirm
1810 3576 1933 3632 erum-

531 3675 616 3732 unt.
1864 3721 1868 3726 -

503 3677 532 3764 p
568 3760 624 3846 1⁰.
646 3763 821 3877 Quoties
834 3765 1003 3852 infantes
1018 3774 1238 3889 nimioperb
1249 3777 1492 3883 nutriuntur,
1509 3777 1690 3886 adeoque
1705 3775 1933 3889 superfluum

501 3869 743 4072 lympham,
776 3905 894 3990 atque
918 3887 1148 3974 nutrimenti
1174 3892 1440 4003 copiosrorem
1466 3892 1671 3974 materiem
1696 3893 1933 4084 iggenerant.

497 3985 567 4074 ‚Un
644 4015 764 4074 enam
788 3994 835 4075 fit
857 4017 902 4076 ut
924 4001 1082 4105 quoties
1104 4027 1215 4084 erum
1244 4031 1311 4088 ere
1337 4003 1483 4088 debent
1509 3999 1646 4085 similia
1668 4032 1708 4083 m
1784 4064 1799 4108 ,
1827 4001 1930 4115 glan·

497 4097 685 4188 ,dulannn
708 4130 843 4188 rumor
864 4106 1016 4220 signum
1031 4110 1121 4217 det,
1141 4121 1185 4197 δι
1210 4033 1308 4228 slepi:
1333 4148 1409 4231 pra
1436 4116 1578 4200 duritie
1605 4113 1809 4198 scirrbosae
1830 4111 1932 4200 vide·

501 4239 638 4298 rentur
679 4214 1065 4324 landulae,nifiillicb
1079 4254 1188 4310 erum
1243 4254 1303 4311 ret
1313 4231 1364 4314 ad
1377 4257 1489 4313 aures
1503 4231 1659 4312 humor.
1668 4224 1784 4310 Hinc
1798 4223 1935 4311 srmiles

499 4245 697 4436 glanduiae
721 4327 791 4414 vul
842 4359 886 4416 to
912 4341 1075 4423 nornine
1098 4345 1176 4422 croi
1204 4371 1317 4424 nuces
1341 4342 1445 4456 apud
1466 4337 1718 4426 mulierculas
1740 4341 1807 4423 dic
1861 4367 1933 4422 tur.

531 4435 592 4520 2⁰.
608 4440 715 4524 Verb
725 4444 774 4528 ad
813 4449 979 4552 entium,
992 4451 1201 4563 presertim
1214 4454 1441 4563 molarium,
1450 4456 1701 4570 eruptionem
1713 4463 1788 4565 par‘
1870 4480 1931 4556 es,

499 4544 794 4641 submaxillares
809 4557 1003 4672 glandule
1016 4593 1202 4678 apparent
1225 4566 1435 4674 imbibite,
1484 4600 1532 4652 τε
1548 4565 1727 4680 spasmo,
1742 4563 1764 4648 b
1778 4591 1934 4650 retento

495 4663 673 4754 humore
690 4665 905 4779 glandule,
925 4677 967 4758 in
982 4679 1160 4762 vicinum
1179 4707 1333 4764 textum
1354 4679 1460 4767 cellu
1500 4709 1583 4764 rem
1602 4681 1788 4762 humores
1810 4679 1936 4762 effim-

501 4775 755 4882 duntfunde
776 4782 964 4896 adusque
984 4817 1134 4905 partem
1153 4796 1341 4908 pofficam
1357 4800 1506 4878 aurium
1568 4791 1769 4876 otenditur
1786 4791 1932 4874 humor

495 4891 571 5008 gui
590 4891 811 5010 rhagades,
839 4899 1010 5019 fissuras,
1035 4903 1170 4998 ulcera
1195 4906 1457 5024 superficiaria
1479 4933 1504 4992 e
1549 4909 1633 5020 cit,
1658 4903 1793 4992 donec
1816 4899 1932 4990 causi
