4186 5908
349 491 357 504 .
449 415 538 510 '22'6
856 405 1005 502 ,DE
1076 405 1442 498 MORBIS

512 580 570 670 At
586 571 917 687 fatendumquod
934 601 996 660 rec
1013 575 1068 660 est
1078 633 1093 682 ,
1112 569 1190 663 illae
1205 574 1389 686 quidem,
1410 586 1612 684 quotquot
1629 565 1739 679 sunt,
1763 571 1900 660 divet-

458 700 586 784 sttatec
601 692 822 780 accidentia
835 688 923 774 sunt
936 690 1109 772 bominis
1123 720 1153 772 κ
1182 691 1346 774 rotantis
1354 715 1464 796 ,non
1473 681 1619 768 morbi.
1634 683 1695 768 Ita
1707 685 1898 774 omnibus

323 901 325 906 ,
458 812 603 926 pariter
630 799 835 920 speciebus
860 805 1052 888 convenit
1075 799 1121 890 ut
1147 719 1244 918 {pb
1272 829 1343 917 per
1371 802 1557 914 hyemem
1585 794 1769 906 silentes,
1799 828 1897 887 vere

460 952 571 1010 novo
583 916 822 1005 invalescant
833 941 950 1027 atque
961 914 1215 1022 reviviscant,
1229 917 1388 1030 reprimi
1400 912 1607 998 videantur
1615 937 1685 1026 per
1697 913 1898 1004 estuantes

459 1037 650 1149 temporis
676 1030 859 1137 ardores,
888 1054 1128 1116 renoventur
1157 1027 1209 1114 ad
1233 1055 1496 1133 autumnum,
1527 1025 1581 1108 ita
1608 1049 1656 1114 ut
1681 1023 1798 1110 multi
1822 1027 1900 1114 smt

461 1151 645 1232 homines
666 1144 771 1256 quast
797 1141 819 1230 i
841 1145 1006 1257 proptio
1031 1141 1159 1232 tuido
1180 1139 1375 1248 scabiosi,
1402 1141 1470 1252 qui
1492 1139 1772 1228 tantummodo
1795 1167 1902 1252 quo-

460 1263 587 1346 tannis
613 1257 672 1342 bis
699 1255 749 1340 ad
771 1281 983 1366 utrumque
1004 1259 1282 1367 oquinoffium
1309 1251 1440 1342 scabie
1460 1249 1667 1338 videantur
1689 1248 1897 1360 laborare,

462 1405 545 1484 quae
554 1435 568 1480 ,
587 1376 679 1458 cium
696 1373 845 1485 pruritu
860 1369 1030 1454 cessante
1040 1367 1239 1476 mitescat,
1255 1365 1363 1482 negli
1393 1369 1483 1454 itur.
1504 1363 1600 1452 Vidi
1618 1365 1672 1448 stc
1687 1367 1899 1452 bominem

462 1489 527 1570 cui
547 1488 648 1570 cutis
665 1489 735 1598 pe'r
752 1507 885 1568 totum
900 1512 1046 1568 annum
1060 1482 1249 1597 aspero&
1267 1397 1420 1597 popuiic
1432 1477 1537 1565 duris
1550 1475 1710 1564 horrida
1722 1475 1899 1565 scabiem

428 1592 1902 1796 ‘isssziisisisffstsffiffi‘st‘citissimis
2068 1637 2073 1650 ’

461 1823 613 1907 nissimi
624 1883 638 1929 ,
653 1823 856 1936 postquam
870 1847 959 1906 eam
972 1769 1104 1935 phire}
1124 1847 1195 1936 per
1217 1815 1526 1906 annoc=inuoxib
1545 1815 1785 1924 servaverat,
1810 1737 1902 1902 ion

460 1937 541 2027 sine
563 1929 740 2047 legitimi
764 1936 1050 2018 communicati
1077 1936 1120 2018 in
1147 1931 1247 2018 alios
1274 1934 1452 2047 contagii
1475 1930 1710 2045 suspicione.

518 2047 716 2130 Maximae
735 2042 878 2159 vulgus
903 2043 1048 2132 scabiei
1071 2045 1308 2133 differentias
1333 2044 1404 2130 fibi
1427 2046 1620 2160 proponit
1640 2039 1664 2127 b
1689 2043 1903 2130 duratione

462 2155 580 2266 mali,
603 2154 711 2244 circi
757 2183 852 2242 unm
877 2161 996 2244 etiam
1027 2155 1191 2246 fabellas
1216 2156 1338 2244 utiles
1361 2184 1491 2244 narrat
1515 2186 1608 2268 quac
1633 2153 1682 2242 ab
1700 2156 1901 2243 Arubibuu

462 2297 689 2372 mutuatum
751 2269 996 2360 ‘atnscih'cct
1014 2273 1205 2368 mensuum
1228 2272 1403 2387 septem,
1425 2271 1541 2356 aliam
1560 2269 1753 2384 septennii
1774 2270 1901 2385 spatio

463 2381 776 2582 cogipregtcndi,
794 2385 899 2582 lanc
930 2499 938 2517 ι
998 2381 1022 2468 ὲ
1040 2385 1265 2584 ἑοῗῙεὲίιΙῖἱτυ
1289 2381 1775 2584 cumalscabiostzlcamffl
1794 2413 1899 2582 iclim·

463 2523 521 2580 tta
550 2528 578 2584 1.
655 2521 783 2580 ertum
890 2525 1007 2584 aem
1081 2529 1104 2582 c
1204 2529 1309 2583 anan
1423 2527 1485 2583 am
1519 2525 1561 2584 m
1605 2522 1649 2580 to
1770 2525 1937 2586 cus„

465 2605 625 2720 Quibus
649 2633 784 2694 tamen
812 2611 854 2694 in
876 2609 1175 2724 distinguendis,
1201 2611 1251 2696 cie
1274 2560 1550 2726 aeg’rotantibuu
1573 2607 1820 2696 sismundum
1845 2613 1901 2696 est

463 2733 514 2808 aiu
533 2749 617 2808 non
636 2723 883 2836 immorigeri
902 2723 999 2829 sint,
1018 2753 1067 2812 an
1081 2753 1165 2811 non
1178 2723 1292 2810 causa
1312 2723 1407 2810 mali
1423 2725 1540 2810 vivax
1558 2724 1604 2807 stt
1624 2730 1668 2806 δι
1687 2727 1900 2808 renovatas

462 2836 572 2922 Nam
589 2866 629 2921 v.
644 2864 684 2948 g.
700 2861 855 2922 certum
869 2836 924 2920 est
938 2835 1113 2922 scabiem
1125 2835 1260 2924 multis
1277 2834 1505 2952 regionibus
1525 2837 1630 2948 quast
1647 2833 1900 2920 endemicatn

464 2947 545 3033 effe
576 2949 1041 3058 quasstnondeserueris,
1057 2948 1459 3037 difficiiibssanabere.
1473 2947 1901 3036 Sordes&immundi·

464 3060 538 3144 ties
548 3009 766 3144 immotum
778 3058 908 3148 scabie
918 3061 1154 3148 insessorem
1162 3061 1347 3148 morbum
1360 3067 1478 3150 etiam
1490 3063 1902 3178 perpetubrenovant,

464 3171 585 3277 unde,
595 3176 732 3286 pancio
741 3175 1023 3271 mnmmmodb
1033 3173 1224 3290 exemplis
1234 3181 1424 3292 exceptis,
1435 3174 1563 3262 muitb
1573 3178 1695 3290 magis
1708 3173 1902 3260 obstinate

326 3355 330 3366 ,
464 3279 636 3370 {scabie
647 3312 878 3400 premuntur
891 3291 982 3402 aegri
1001 3315 1079 3404 pau.
1129 3291 1402 3397 monsfortis,
1427 3287 1700 3402 quimdivites
1719 3295 1762 3374 bt
1786 3289 1900 3372 omni

466 3423 589 3512 opum
610 3424 728 3511 atque
746 3402 955 3486 munditiei
971 3404 1067 3515 cop‘
1113 3401 1350 3490 diffluentes.
1376 3403 1470 3488 Nec
1490 3429 1623 3488 tamen
1642 3399 1901 3486 diffitebimur

465 3509 569 3596 inter
617 3511 750 3627 apulae
768 3512 962 3599 scabiosus
984 3515 1065 3600 dati
1085 3511 1216 3630 plures
1234 3547 1317 3628 quae
1332 3515 1501 3622 duriori,
1522 3515 1687 3598 firmiori
1711 3521 1752 3598 δι
1772 3515 1902 3628 magia

464 3541 617 3737 aspin-i,
616 3623 694 3710 basi
712 3627 893 3712 notando
904 3627 1010 3738 sint,
1034 3657 1129 3739 quau
1151 3629 1244 3714 ideb
1266 3635 1307 3714 bt
1328 3629 1555 3715 remedii&
1576 3629 1687 3712 omni
1708 3656 1812 3710 curae
1835 3654 1899 3710 re-

465 3732 591 3822 belles
616 3739 702 3822 sieri
720 3741 877 3826 necesse
897 3744 971 3847 est,
996 3746 1090 3826 citnu‘
1108 3751 1201 3856 quae'
1215 3743 1310 3826 duta
1333 3741 1423 3828 sunt
1442 3751 1484 3828 δι
1505 3741 1638 3856 aspera
1658 3767 1708 3825 ex
1730 3737 1812 3853 ipati
1833 3736 1901 3824 suti

463 3847 875 3960 nuutioiscutiantui
894 3851 1106 3941 difficiliii.
1172 3891 1176 3900 ⁴
1245 3928 1248 3938 .

520 3959 671 4052 Blanda
693 3973 735 4052 δι
755 3995 850 4051 cum
872 3995 955 4051 uon
978 3970 1135 4082 ingt'auo
1157 3967 1393 4054 dulladonis
1419 3965 1530 4053 sensu
1553 3969 1620 4080 qui
1643 3967 1710 4052 vix
1733 3964 1900 4082 papillas

466 4099 626 4164 nemeae
648 4078 813 4166 vellicet
826 4078 957 4167 *altera
978 4079 1123 4166 scabiei
1147 4083 1296 4198 species
1321 4083 1404 4180 est3
1436 4078 1558 4168 altera
1581 4081 1760 4166 ferocior
1786 4086 1829 4165 ὃ(
1855 4081 1899 4166 in

465 4186 655 4276 immanes
669 4197 748 4283 aci
778 4193 822 4282 so
835 4191 981 4281 dolote
996 4195 1159 4280 immani
1178 4192 1431 4282 redimendos
1456 4199 1625 4309 pruritus
1641 4191 1818 4301 conjicit.
1841 4193 1902 4282 At

465 4323 512 4396 ea
528 4299 724 4390 diuersum
748 4223 961 4424 icotporc
977 4334 1176 4394 venenum
1193 4311 1441 4425 excipiente,
1464 4337 1546 4392 non
1570 4305 1619 4390 ab
1640 4305 1726 4422 ipso
1739 4334 1901 4394 veneno

463 4415 676 4542 repetenda
693 4420 765 4526 est,
786 4427 879 4506 cium
894 4420 920 4507 i
937 4418 1154 4508 leuioribus
1172 4427 1370 4540 graviores
1385 4449 1455 4539 pet
1469 4422 1700 4554 contagium
1712 4449 1901 4505 commu-

465 4528 588 4608 meari
603 4529 774 4618 viderint
785 4561 945 4645 omnes,
959 4542 1001 4620 bt
1016 4535 1293 4652 igravioribuc
1309 4532 1478 4621 leviores
1490 4567 1503 4636 ;
1517 4531 1670 4620 scihcet
1684 4561 1804 4652 prout
1821 4536 1903 4620 cui·

466 4663 546 4746 que
555 4633 683 4727 sensus
691 4644 757 4730 vel
768 4651 892 4763 magis
898 4711 912 4757 ,
924 4649 991 4734 vel
1001 4654 1129 4736 mimis
1141 4652 1351 4762 exquisitus
1362 4653 1436 4758 est,
1450 4648 1566 4734 sentit
1575 4674 1641 4733 aut
1649 4649 1815 4756 acutius,
1832 4671 1901 4732 aut

464 4746 607 4836 obtuse
619 4759 753 4867 magis.
768 4759 815 4844 Id
828 4759 1034 4849 observare
1046 4787 1219 4881 pronum
1230 4765 1283 4848 est
1294 4767 1335 4847 in
1344 4762 1488 4849 scabiei
1498 4759 1737 4877 speciebuee
1764 4763 1901 4848 idemi-

459 4864 530 4950 cic.
550 4859 648 4950 Dari
663 4868 770 4953 enim
783 4879 826 4958 ἃ
841 4874 1003 4990 papulus
1017 4885 1059 4964 bt
1072 4877 1222 4966 scabies
1242 4875 1482 4990 epidemicae
1495 4875 1652 4965 videtur
1669 4903 1718 4961 au
1758 4903 1806 4962 ot
1818 4873 1901 4962 effe
