4250 5898
478 453 569 545 '542'
927 367 1459 524 annonara·
1599 521 1603 529 .

481 594 699 682 videantur.
724 577 849 693 Unde
870 599 1006 684 auslor
1037 599 1107 682 sun
1135 595 1321 686 omnibus
1347 621 1448 710 quos
1474 589 1565 682 vari
1613 613 1723 678 reter
1753 581 1923 678 tationis

482 707 695 796 modulum
717 707 931 816 divexant,
954 735 999 795 ut
1020 710 1241 800 foeditatem
1260 713 1364 796 hanc
1384 704 1556 796 tolerare
1604 709 1612 729 '
1634 729 1739 793 cant.

780 927 1641 1058 nxxneuxrnusrn

1051 1147 1119 1231 De
1155 1143 1348 1233 Ventris.

540 1367 724 1452 Verructs
740 1367 845 1482 ὄχθος
861 1371 996 1482 grecis
1014 1375 1103 1475 (a),
1121 1393 1297 1456 tumores
1319 1368 1408 1456 sunt
1426 1363 1618 1470 tuberosi,
1635 1361 1742 1467 duri,
1768 1359 1891 1478 asperi
1896 1407 1917 1470 ‚-

484 1483 595 1568 omni
620 1480 730 1564 sensu
754 1509 945 1566 carentes.
968 1483 1084 1567 Unde
1099 1491 1142 1567 dt
1158 1486 1392 1595 myrmecias
1414 1490 1454 1566 δι
1478 1477 1848 1580 achtocordonem,
1870 1499 1919 1562 ut

483 1592 593 1676 sensu
608 1593 847 1707 gaudentes,
867 1595 955 1710 ipso
969 1594 1091 1680 Celso
1107 1598 1200 1680 teste
1210 1660 1225 1703 ,
1241 1625 1291 1682 ex
1310 1621 1476 1682 munero
1488 1621 1759 1693 verrucarum,
1780 1587 1918 1674 dissen-

483 1711 608 1792 ciente
624 1704 751 1790 Paulo
758 1769 773 1811 ,
793 1711 1015 1793 eximimus.
1029 1711 1296 1794 Verrucarum
1311 1709 1484 1826 speciem
1499 1735 1617 1824 unam
1636 1701 1920 1788 tantummodo

437 1863 439 1868 ’
481 1821 725 1910 admittimus
736 1853 758 1924 ,¹
771 1817 1007 1905 licetsormi
1020 1825 1131 1907 varia
1146 1813 1240 1930 fint,
1257 1851 1332 1908 nec
1345 1819 1547 1934 vulgarem
1564 1816 1768 1902 obtineant
1782 1839 1917 1900 rotun-

484 1933 576 2022 dam
598 1959 715 2042 atque
736 1932 909 2045 asperam
930 1935 1101 2017 formam
1122 1938 1163 2018 in
1188 1940 1315 2050 apice.
1338 1935 1422 2020 Sed
1441 1931 1571 2018 nullus
1591 1933 1686 2015 inest
1706 1931 1752 2012 iis
1773 1925 1917 2012 sensus.

485 2046 677 2132 Constant
695 2069 825 2128 autent
835 2105 849 2148 ‚
866 2048 894 2128 st
913 2049 1095 2130 attentius
1113 2053 1404 2154 examinentur,
1421 2076 1471 2132 ex
1489 2041 1664 2160 pluribus
1678 2037 1847 2124 lamellis
1866 2040 1917 2126 ad

482 2155 682 2270 aspertum
696 2154 984 2264 albicantibus,
1002 2189 1085 2270 quae
1126 2160 1324 2270 educent,
1344 2159 1545 2244 srseorfrm
1559 2155 1791 2283 speslentur.
1806 2149 1913 2238 Tots

484 2273 646 2378 quidem
672 2270 739 2354 sui
761 2271 1026 2386 prominentis
1050 2192 1378 2360 intlolentessunt
1399 2271 1688 2379 illae,&1uxta
1714 2265 1858 2369 basim,
1882 2265 1911 2348 rr

482 2386 691 2508 prasertim
710 2449 714 2456 ,
743 2385 1090 2500 erpendiculariter
1105 2392 1317 2472 tradentur
1326 2450 1340 2495 ‚
1361 2413 1428 2470 aut
1447 2385 1786 2497 comprimantur,
1805 2373 1915 2462 sensu

484 2499 679 2700 expuisrpo
725 2525 914 2630 ouantem,
943 2506 984 2582 dt
1009 2497 1186 2696 saepfiisdllr
1205 2505 1364 2616 propiirs
1388 2499 1438 2582 ad
1458 2497 1578 2582 basnn
1601 2493 1808 2598 secentur,
1826 2514 1918 2604 gut·

483 2642 608 2702 trram
649 2639 965 2698 anumrsunam
1015 2639 1060 2694 ro
1189 2641 1243 2698 ne

542 2731 588 2814 Si
605 2640 874 2840 phoelromena
885 2727 966 2810 h‘aec
982 2645 1218 2839 gemendas,
1235 2728 1495 2811 srstrusluram
1513 2721 1674 2840 propius
1688 2717 1917 2823 examinesj

482 2838 720 2928 videbuntur
745 2834 820 2922 ille
851 2837 872 2920 i
903 2837 1057 2953 papillis
1088 2841 1259 2923 nervosis
1285 2839 1471 2924 induratis
1501 2847 1544 2924 δι
1572 2827 1915 2949 protuberantibus
2097 2833 2098 2897 ἱ

484 2958 593 3040 oriri.
618 2949 735 3036 Unde
760 2953 879 3036 etiarn
900 2955 944 3035 fit
965 2977 1010 3035 ut
1029 2951 1120 3034 casu
1144 2951 1306 3062 quidem
1330 2981 1417 3036 raro
1428 3015 1442 3060 ‚
1466 2955 1526 3036 uti
1549 2948 1628 3058 iam
1649 2939 1743 3029 alibi
1767 2942 1916 3028 ninum

483 3068 561 3174 est,
584 3064 755 3150 sednon
776 3064 1024 3179 pratetviso‚
1046 3067 1191 3146 mirum
1212 3069 1255 3148 in
1275 3065 1442 3150 modum
1464 3065 1653 3150 crescant.

537 3179 758 3286 Nunquam
782 3203 959 3262 connata
988 3177 1076 3260 sunt
1103 3205 1288 3262 verruca.
1318 3179 1412 3265 Nec
1443 3181 1512 3262 nist
1541 3182 1584 3266 in
1610 3195 1703 3258 cute
1728 3167 1915 3256 adultiori

483 3297 528 3378 δι
547 3291 713 3376 firmiori
734 3315 956 3405 erumpunt.
976 3287 1205 3374 Familiares
1225 3293 1323 3376 verb
1344 3292 1433 3377 sunt
1449 3289 1527 3376 ilfis
1542 3282 1757 3375 artificibus
1773 3281 1914 3392 quibus

481 3433 621 3492 manus
648 3402 805 3487 sortiter
829 3427 1068 3507 atterunnrr,
1094 3405 1163 3512 qui
1189 3404 1348 3488 rudiora
1370 3434 1490 3491 onera
1504 3465 1518 3513 ‚
1550 3427 1616 3488 aut
1648 3397 1800 3484 leviora
1808 3459 1824 3502 ‚
1848 3395 1914 3482 sed

482 3515 633 3604 assidui>
655 3517 838 3623 tradant,
868 3515 1009 3626 quibus
1026 3514 1164 3598 sordes
1185 3520 1344 3630 aggestae
1365 3521 1406 3600 in
1420 3515 1534 3604 vultu
1546 3581 1562 3626 ‚
1583 3520 1624 3600 in
1645 3508 1825 3594 manibus
1835 3571 1851 3615 ,
1866 3508 1913 3594 ad

481 3626 672 3714 articulos
698 3658 783 3712 non
811 3628 1010 3713 eluuntur.
1040 3627 1292 3743 Compressio
1317 3631 1412 3716 inde
1438 3658 1524 3715 orta
1547 3622 1709 3746 papillas
1733 3623 1912 3728 indurat,

482 3749 525 3832 &
546 3770 681 3828 mrum
700 3740 922 3827 exhalantia
945 3739 1080 3826 oscula
1100 3738 1289 3857 obstipet,
1339 3773 1399 3828 ars
1423 3743 1616 3828 obstmlla
1632 3735 1911 3852 extrapellitur.

539 3855 737 3966 Quamvis
761 3881 894 3940 antem
917 3853 1122 3940 fatendum
1145 3857 1192 3939 fit
1218 3853 1266 3938 ab
1289 3859 1365 3940 hac
1387 3883 1432 3942 ut
1454 3855 1666 3972 plutimirm
1686 3849 1802 3936 cause
1823 3881 1912 3938 ver·

482 3998 595 4060 rucas
631 3971 755 4074 oriri,
792 3971 875 4052 imo
906 3972 1025 4054 etiarn
1050 3993 1096 4050 ut
1132 3967 1346 4083 plurimum
1380 3969 1463 4054 soll
1495 3969 1624 4074 solvi,
1660 3963 1909 4072 exarescere,

482 4081 669 4168 decidere
684 4079 869 4196 patientiis
879 4143 897 4189 ,
914 4089 956 4166 dt
973 4077 1123 4164 summi
1140 4082 1348 4166 munditiei
1362 4081 1515 4168 culturi
1524 4145 1540 4190 ,
1560 4081 1763 4165 sciendum
1781 4105 1908 4162 tarnen

481 4195 536 4280 est
550 4254 564 4297 ,
586 4221 633 4278 ea
647 4194 730 4280 dari
745 4198 847 4280 cutis
862 4221 1006 4309 genera
1025 4223 1108 4303 quae
1117 4253 1132 4299 ‚
1154 4194 1363 4308 praesertim
1379 4196 1485 4280 cited
1531 4193 1717 4280 ubertatis
1731 4199 1910 4306 tempus,

481 4305 748 4418 producendis
767 4311 940 4392 verrucis
964 4305 1153 4423 aptissima
1178 4305 1279 4410 lint3
1301 4311 1381 4394 stve
1403 4311 1485 4418 quo
1533 4335 1584 4391 eo
1604 4334 1687 4389 tem
1717 4333 1786 4388 ore
1807 4303 1911 4418 glan·

482 4413 585 4502 dulis
610 4416 784 4502 evolutis
805 4420 997 4506 redundet
1016 4417 1280 4530 undequique
1304 4451 1445 4505 mucus
1467 4447 1631 4504 nerveus
1640 4481 1657 4524 ‚
1678 4335 1827 4528 llbique
1844 4417 1911 4532 ipfl

481 4529 587 4618 viana
613 4527 862 4618 exhalantem
878 4533 1111 4650 praeludat,
1135 4533 1213 4617 sive
1237 4533 1345 4646 quod
1372 4533 1578 4649 plethota‚
1603 4533 1687 4615 hoc
1705 4529 1910 4646 prasertim

478 4665 697 4756 tempore,
727 4642 830 4728 intrl
857 4675 1001 4762 corpus
1029 4671 1145 4732 enata
1172 4648 1235 4732 h‘u
1265 4644 1382 4730 malis
1407 4647 1536 4729 attsarn
1566 4645 1634 4728 det
1662 4651 1705 4728 dt
1732 4641 1911 4757 prabeat.

481 4752 605 4844 Certe
631 4783 714 4864 qoae
741 4757 1031 4846 innascuntur
1053 4786 1226 4846 sermea
1261 4761 1347 4876 post
1373 4757 1536 4874 aliquod
1561 4785 1716 4874 ternpus
1746 4759 1911 4842 omnino

523 4913 585 4989 (ι)
603 4909 683 4974 Paul.
704 4907 753 4974 lib.
774 4927 893 4998 Νη.
913 4933 961 4996 15,
