<?xml version="1.0" encoding="UTF-8"?>
<!DOCTYPE html PUBLIC "-//W3C//DTD XHTML 1.0 Transitional//EN"
    "http://www.w3.org/TR/xhtml1/DTD/xhtml1-transitional.dtd">
<html xmlns="http://www.w3.org/1999/xhtml" xml:lang="en" lang="en">
 <head>
  <title>
</title>
<meta http-equiv="Content-Type" content="text/html;charset=utf-8" />
  <meta name='ocr-system' content='tesseract 3.04.00' />
  <meta name='ocr-capabilities' content='ocr_page ocr_carea ocr_par ocr_line ocrx_word'/>
</head>
<body>
  <div class='ocr_page' id='page_1' title='image "./tractatusdemorb00cavegoog_0575.png"; bbox 0 0 4250 5898; ppageno 0'>
   <div class='ocr_carea' id='block_1_1' title="bbox 689 435 1656 578">
    <p class='ocr_par' dir='ltr' id='par_1_1' title="bbox 689 435 1656 578">
     <span class='ocr_line' id='line_1_1' title="bbox 689 435 1656 578; baseline -0.002 -29"><span class='ocrx_word' id='word_1_1' title='bbox 689 453 1176 549; x_wconf 67' lang='lat' dir='ltr'>curantis.</span> <span class='ocrx_word' id='word_1_2' title='bbox 1455 435 1459 440; x_wconf 84' lang='grc'><strong>’</strong></span> <span class='ocrx_word' id='word_1_3' title='bbox 1564 478 1656 578; x_wconf 76' lang='lat' dir='ltr'>&#39;T557</span> 
     </span>
    </p>
   </div>
   <div class='ocr_carea' id='block_1_2' title="bbox 178 615 1656 2306">
    <p class='ocr_par' dir='ltr' id='par_1_2' title="bbox 178 615 1656 2306">
     <span class='ocr_line' id='line_1_2' title="bbox 215 615 1655 736; baseline 0.005 -30"><span class='ocrx_word' id='word_1_4' title='bbox 215 615 328 706; x_wconf 71' lang='lat' dir='ltr'>nulli</span> <span class='ocrx_word' id='word_1_5' title='bbox 347 645 463 736; x_wconf 83' lang='lat' dir='ltr'>egeat</span> <span class='ocrx_word' id='word_1_6' title='bbox 484 625 727 709; x_wconf 74' lang='lat' dir='ltr'>tratiatione.</span> <span class='ocrx_word' id='word_1_7' title='bbox 754 624 879 709; x_wconf 92' lang='lat' dir='ltr'>Nulla</span> <span class='ocrx_word' id='word_1_8' title='bbox 903 628 916 709; x_wconf 95' lang='lat' dir='ltr'>i</span> <span class='ocrx_word' id='word_1_9' title='bbox 946 629 1023 709; x_wconf 91' lang='lat' dir='ltr'>itur</span> <span class='ocrx_word' id='word_1_10' title='bbox 1045 625 1261 708; x_wconf 83' lang='lat' dir='ltr'>acrimonia</span> <span class='ocrx_word' id='word_1_11' title='bbox 1279 649 1470 710; x_wconf 89' lang='lat' dir='ltr'>venenata</span> <span class='ocrx_word' id='word_1_12' title='bbox 1498 624 1594 711; x_wconf 91' lang='lat' dir='ltr'>later</span> <span class='ocrx_word' id='word_1_13' title='bbox 1613 633 1655 713; x_wconf 92' lang='lat' dir='ltr'>in</span> 
     </span>
     <span class='ocr_line' id='line_1_3' title="bbox 215 731 1654 825; baseline 0.006 -9"><span class='ocrx_word' id='word_1_14' title='bbox 215 731 890 824; x_wconf 85' lang='lat' dir='ltr'>ilioeortice.Ereademvideture</span> <span class='ocrx_word' id='word_1_15' title='bbox 921 741 1058 823; x_wconf 90' lang='lat' dir='ltr'>erario</span> <span class='ocrx_word' id='word_1_16' title='bbox 1070 734 1239 820; x_wconf 88' lang='lat' dir='ltr'>aliorum</span> <span class='ocrx_word' id='word_1_17' title='bbox 1251 735 1363 820; x_wconf 92' lang='lat' dir='ltr'>simili</span> <span class='ocrx_word' id='word_1_18' title='bbox 1377 742 1562 822; x_wconf 81' lang='lat' dir='ltr'>rationes</span> <span class='ocrx_word' id='word_1_19' title='bbox 1591 769 1654 825; x_wconf 93' lang='lat' dir='ltr'>en·</span> 
     </span>
     <span class='ocr_line' id='line_1_4' title="bbox 214 845 1653 964; baseline 0.006 -36"><span class='ocrx_word' id='word_1_20' title='bbox 214 845 318 928; x_wconf 87' lang='lat' dir='ltr'>tium</span> <span class='ocrx_word' id='word_1_21' title='bbox 334 850 531 933; x_wconf 84' lang='lat' dir='ltr'><strong>corticum</strong></span> <span class='ocrx_word' id='word_1_22' title='bbox 545 876 664 960; x_wconf 91' lang='lat' dir='ltr'>atque</span> <span class='ocrx_word' id='word_1_23' title='bbox 679 848 906 962; x_wconf 88' lang='lat' dir='ltr'>lignorum,</span> <span class='ocrx_word' id='word_1_24' title='bbox 932 877 998 934; x_wconf 86' lang='lat' dir='ltr'>aut</span> <span class='ocrx_word' id='word_1_25' title='bbox 1017 848 1249 955; x_wconf 88' lang='lat' dir='ltr'>herbarum,</span> <span class='ocrx_word' id='word_1_26' title='bbox 1270 875 1315 932; x_wconf 91' lang='lat' dir='ltr'>ut</span> <span class='ocrx_word' id='word_1_27' title='bbox 1336 849 1424 934; x_wconf 91' lang='lat' dir='ltr'>sunt</span> <span class='ocrx_word' id='word_1_28' title='bbox 1443 881 1541 964; x_wconf 86' lang='lat' dir='ltr'>anag</span> <span class='ocrx_word' id='word_1_29' title='bbox 1581 851 1653 961; x_wconf 83' lang='lat' dir='ltr'>lis,</span> 
     </span>
     <span class='ocr_line' id='line_1_5' title="bbox 219 957 1654 1078; baseline 0.004 -36"><span class='ocrx_word' id='word_1_30' title='bbox 219 957 461 1042; x_wconf 87' lang='lat' dir='ltr'>caerefolium</span> <span class='ocrx_word' id='word_1_31' title='bbox 480 959 684 1070; x_wconf 87' lang='lat' dir='ltr'>sylvestre,</span> <span class='ocrx_word' id='word_1_32' title='bbox 704 959 858 1072; x_wconf 91' lang='lat' dir='ltr'>aliaque</span> <span class='ocrx_word' id='word_1_33' title='bbox 876 960 999 1047; x_wconf 89' lang='lat' dir='ltr'>multa</span> <span class='ocrx_word' id='word_1_34' title='bbox 1019 960 1156 1044; x_wconf 91' lang='lat' dir='ltr'>similia</span> <span class='ocrx_word' id='word_1_35' title='bbox 1174 959 1411 1075; x_wconf 86' lang='lat' dir='ltr'>vegetabilia</span> <span class='ocrx_word' id='word_1_36' title='bbox 1427 991 1509 1072; x_wconf 87' lang='lat' dir='ltr'>quae</span> <span class='ocrx_word' id='word_1_37' title='bbox 1529 962 1654 1078; x_wconf 80' lang='lat' dir='ltr'>vulgo</span> 
     </span>
     <span class='ocr_line' id='line_1_6' title="bbox 212 1071 1654 1183; baseline 0.004 -28"><span class='ocrx_word' id='word_1_38' title='bbox 212 1071 365 1155; x_wconf 89' lang='lat' dir='ltr'>virtute</span> <span class='ocrx_word' id='word_1_39' title='bbox 389 1071 635 1158; x_wconf 81' lang='lat' dir='ltr'>cathaeretioii</span> <span class='ocrx_word' id='word_1_40' title='bbox 659 1073 804 1157; x_wconf 90' lang='lat' dir='ltr'>donata</span> <span class='ocrx_word' id='word_1_41' title='bbox 823 1074 1030 1178; x_wconf 90' lang='lat' dir='ltr'>dicuntur,</span> <span class='ocrx_word' id='word_1_42' title='bbox 1056 1083 1098 1158; x_wconf 71' lang='grc' dir='ltr'>ὅ(</span> <span class='ocrx_word' id='word_1_43' title='bbox 1126 1103 1297 1183; x_wconf 88' lang='lat' dir='ltr'>quorum</span> <span class='ocrx_word' id='word_1_44' title='bbox 1321 1072 1459 1156; x_wconf 89' lang='lat' dir='ltr'>seriem</span> <span class='ocrx_word' id='word_1_45' title='bbox 1484 1081 1654 1161; x_wconf 84' lang='lat' dir='ltr'>mareriae</span> 
     </span>
     <span class='ocr_line' id='line_1_7' title="bbox 215 1182 1653 1300; baseline 0.006 -38"><span class='ocrx_word' id='word_1_46' title='bbox 215 1207 360 1273; x_wconf 78' lang='lat' dir='ltr'>,omnes</span> <span class='ocrx_word' id='word_1_47' title='bbox 372 1182 626 1270; x_wconf 85' lang='lat' dir='ltr'>medicinales</span> <span class='ocrx_word' id='word_1_48' title='bbox 640 1190 859 1271; x_wconf 86' lang='lat' dir='ltr'><strong>continent.</strong></span> <span class='ocrx_word' id='word_1_49' title='bbox 874 1187 979 1269; x_wconf 78' lang='lat' dir='ltr'>Ciam</span> <span class='ocrx_word' id='word_1_50' title='bbox 994 1189 1100 1270; x_wconf 87' lang='lat' dir='ltr'>enim</span> <span class='ocrx_word' id='word_1_51' title='bbox 1111 1183 1219 1268; x_wconf 74' lang='lat' dir='ltr'>lente</span> <span class='ocrx_word' id='word_1_52' title='bbox 1231 1186 1508 1269; x_wconf 71' lang='lat' dir='ltr'>tantummodi)</span> <span class='ocrx_word' id='word_1_53' title='bbox 1520 1217 1653 1300; x_wconf 85' lang='lat' dir='ltr'>agant,</span> 
     </span>
     <span class='ocr_line' id='line_1_8' title="bbox 214 1294 1654 1409; baseline 0.006 -33"><span class='ocrx_word' id='word_1_54' title='bbox 214 1319 296 1377; x_wconf 87' lang='lat' dir='ltr'>ricc</span> <span class='ocrx_word' id='word_1_55' title='bbox 319 1298 387 1378; x_wconf 90' lang='lat' dir='ltr'>nisi</span> <span class='ocrx_word' id='word_1_56' title='bbox 407 1294 541 1380; x_wconf 90' lang='lat' dir='ltr'>calore</span> <span class='ocrx_word' id='word_1_57' title='bbox 561 1302 736 1382; x_wconf 89' lang='lat' dir='ltr'>humano</span> <span class='ocrx_word' id='word_1_58' title='bbox 757 1299 843 1382; x_wconf 89' lang='lat' dir='ltr'>sota</span> <span class='ocrx_word' id='word_1_59' title='bbox 861 1325 978 1409; x_wconf 92' lang='lat' dir='ltr'>atque</span> <span class='ocrx_word' id='word_1_60' title='bbox 1001 1300 1194 1402; x_wconf 86' lang='lat' dir='ltr'>enutrita,</span> <span class='ocrx_word' id='word_1_61' title='bbox 1214 1298 1370 1382; x_wconf 89' lang='lat' dir='ltr'>videtur</span> <span class='ocrx_word' id='word_1_62' title='bbox 1384 1297 1546 1382; x_wconf 87' lang='lat' dir='ltr'>illorum</span> <span class='ocrx_word' id='word_1_63' title='bbox 1565 1302 1654 1386; x_wconf 87' lang='lat' dir='ltr'>suc-</span> 
     </span>
     <span class='ocr_line' id='line_1_9' title="bbox 214 1409 1654 1525; baseline 0.002 -33"><span class='ocrx_word' id='word_1_64' title='bbox 214 1435 290 1492; x_wconf 89' lang='lat' dir='ltr'>cus</span> <span class='ocrx_word' id='word_1_65' title='bbox 310 1433 379 1520; x_wconf 88' lang='lat' dir='ltr'>per</span> <span class='ocrx_word' id='word_1_66' title='bbox 397 1409 439 1492; x_wconf 92' lang='lat' dir='ltr'>se</span> <span class='ocrx_word' id='word_1_67' title='bbox 453 1411 552 1492; x_wconf 89' lang='lat' dir='ltr'>acris</span> <span class='ocrx_word' id='word_1_68' title='bbox 568 1439 719 1494; x_wconf 91' lang='lat' dir='ltr'>novum</span> <span class='ocrx_word' id='word_1_69' title='bbox 735 1409 912 1494; x_wconf 90' lang='lat' dir='ltr'>calorem</span> <span class='ocrx_word' id='word_1_70' title='bbox 931 1423 952 1494; x_wconf 79' lang='lat' dir='ltr'>a</span> <span class='ocrx_word' id='word_1_71' title='bbox 972 1438 1143 1525; x_wconf 89' lang='lat' dir='ltr'>corpore</span> <span class='ocrx_word' id='word_1_72' title='bbox 1159 1410 1357 1525; x_wconf 91' lang='lat' dir='ltr'>supposito</span> <span class='ocrx_word' id='word_1_73' title='bbox 1377 1414 1535 1495; x_wconf 89' lang='lat' dir='ltr'>vivente</span> <span class='ocrx_word' id='word_1_74' title='bbox 1551 1442 1654 1495; x_wconf 90' lang='lat' dir='ltr'>con-</span> 
     </span>
     <span class='ocr_line' id='line_1_10' title="bbox 218 1520 1654 1636; baseline 0.005 -34"><span class='ocrx_word' id='word_1_75' title='bbox 218 1521 352 1632; x_wconf 79' lang='lat' dir='ltr'>cipere</span> <span class='ocrx_word' id='word_1_76' title='bbox 377 1549 602 1632; x_wconf 87' lang='lat' dir='ltr'>novamque</span> <span class='ocrx_word' id='word_1_77' title='bbox 627 1525 708 1636; x_wconf 88' lang='lat' dir='ltr'>pati</span> <span class='ocrx_word' id='word_1_78' title='bbox 734 1528 1073 1623; x_wconf 80' lang='lat' dir='ltr'>attenuationem3</span> <span class='ocrx_word' id='word_1_79' title='bbox 1097 1521 1202 1605; x_wconf 73' lang='lat' dir='ltr'>unde</span> <span class='ocrx_word' id='word_1_80' title='bbox 1230 1526 1359 1605; x_wconf 87' lang='lat' dir='ltr'>acrior</span> <span class='ocrx_word' id='word_1_81' title='bbox 1385 1520 1463 1627; x_wconf 85' lang='lat' dir='ltr'>jain</span> <span class='ocrx_word' id='word_1_82' title='bbox 1489 1524 1654 1636; x_wconf 90' lang='lat' dir='ltr'>papillas</span> 
     </span>
     <span class='ocr_line' id='line_1_11' title="bbox 211 1629 1655 1776; baseline 0.004 -64"><span class='ocrx_word' id='word_1_83' title='bbox 211 1657 381 1716; x_wconf 83' lang='lat' dir='ltr'>-nerveas</span> <span class='ocrx_word' id='word_1_84' title='bbox 398 1629 587 1740; x_wconf 89' lang='lat' dir='ltr'>vellicat,</span> <span class='ocrx_word' id='word_1_85' title='bbox 608 1663 684 1718; x_wconf 91' lang='lat' dir='ltr'>nec</span> <span class='ocrx_word' id='word_1_86' title='bbox 704 1634 804 1719; x_wconf 79' lang='lat' dir='ltr'>ultiii</span> <span class='ocrx_word' id='word_1_87' title='bbox 827 1633 908 1741; x_wconf 91' lang='lat' dir='ltr'>ejus</span> <span class='ocrx_word' id='word_1_88' title='bbox 934 1638 1037 1719; x_wconf 66' lang='lat' dir='ltr'>assio</span> <span class='ocrx_word' id='word_1_89' title='bbox 1058 1635 1337 1776; x_wconf 84' lang='lat' dir='ltr'>progreditur,</span> <span class='ocrx_word' id='word_1_90' title='bbox 1360 1633 1508 1717; x_wconf 87' lang='lat' dir='ltr'>nullam</span> <span class='ocrx_word' id='word_1_91' title='bbox 1534 1640 1655 1719; x_wconf 88' lang='lat' dir='ltr'>etiam</span> 
     </span>
     <span class='ocr_line' id='line_1_12' title="bbox 218 1743 1655 1863; baseline 0.004 -37"><span class='ocrx_word' id='word_1_92' title='bbox 218 1743 352 1856; x_wconf 75' lang='lat' dir='ltr'>aperti</span> <span class='ocrx_word' id='word_1_93' title='bbox 375 1747 417 1826; x_wconf 92' lang='lat' dir='ltr'>iii</span> <span class='ocrx_word' id='word_1_94' title='bbox 442 1769 535 1829; x_wconf 90' lang='lat' dir='ltr'>cute</span> <span class='ocrx_word' id='word_1_95' title='bbox 561 1751 819 1830; x_wconf 87' lang='lat' dir='ltr'>acrimoniam</span> <span class='ocrx_word' id='word_1_96' title='bbox 847 1745 1127 1863; x_wconf 88' lang='lat' dir='ltr'>utplurimum</span> <span class='ocrx_word' id='word_1_97' title='bbox 1155 1746 1360 1830; x_wconf 75' lang='lat' dir='ltr'>insinuans.</span> <span class='ocrx_word' id='word_1_98' title='bbox 1394 1748 1463 1828; x_wconf 88' lang='lat' dir='ltr'>Sic</span> <span class='ocrx_word' id='word_1_99' title='bbox 1492 1747 1655 1832; x_wconf 71' lang='lat' dir='ltr'>innoxie</span> 
     </span>
     <span class='ocr_line' id='line_1_13' title="bbox 218 1853 1655 1972; baseline 0.003 -34"><span class='ocrx_word' id='word_1_100' title='bbox 218 1853 320 1940; x_wconf 71' lang='lat' dir='ltr'>iniri</span> <span class='ocrx_word' id='word_1_101' title='bbox 335 1860 553 1940; x_wconf 84' lang='lat' dir='ltr'>cauterium</span> <span class='ocrx_word' id='word_1_102' title='bbox 572 1856 762 1972; x_wconf 87' lang='lat' dir='ltr'>languens</span> <span class='ocrx_word' id='word_1_103' title='bbox 774 1858 1037 1943; x_wconf 87' lang='lat' dir='ltr'>introducitur</span> <span class='ocrx_word' id='word_1_104' title='bbox 1057 1861 1123 1941; x_wconf 86' lang='lat' dir='ltr'>iris</span> <span class='ocrx_word' id='word_1_105' title='bbox 1144 1861 1309 1964; x_wconf 88' lang='lat' dir='ltr'>nostras,</span> <span class='ocrx_word' id='word_1_106' title='bbox 1326 1887 1407 1941; x_wconf 92' lang='lat' dir='ltr'>non</span> <span class='ocrx_word' id='word_1_107' title='bbox 1427 1885 1559 1942; x_wconf 90' lang='lat' dir='ltr'>tamen</span> <span class='ocrx_word' id='word_1_108' title='bbox 1574 1863 1655 1942; x_wconf 89' lang='lat' dir='ltr'>acri</span> 
     </span>
     <span class='ocr_line' id='line_1_14' title="bbox 218 1967 1655 2084; baseline 0.004 -32"><span class='ocrx_word' id='word_1_109' title='bbox 218 1969 364 2052; x_wconf 87' lang='lat' dir='ltr'>virtute</span> <span class='ocrx_word' id='word_1_110' title='bbox 388 1967 590 2075; x_wconf 87' lang='lat' dir='ltr'>destituta,</span> <span class='ocrx_word' id='word_1_111' title='bbox 615 1979 707 2054; x_wconf 76' lang='lat' dir='ltr'>ciam</span> <span class='ocrx_word' id='word_1_112' title='bbox 726 1971 879 2054; x_wconf 88' lang='lat' dir='ltr'>sortiter</span> <span class='ocrx_word' id='word_1_113' title='bbox 906 1996 1071 2084; x_wconf 82' lang='lat' dir='ltr'>purget,</span> <span class='ocrx_word' id='word_1_114' title='bbox 1099 1968 1284 2053; x_wconf 86' lang='lat' dir='ltr'>&amp;semel</span> <span class='ocrx_word' id='word_1_115' title='bbox 1307 1973 1456 2053; x_wconf 75' lang='lat' dir='ltr'>tantiam</span> <span class='ocrx_word' id='word_1_116' title='bbox 1473 1969 1522 2054; x_wconf 90' lang='lat' dir='ltr'>ab</span> <span class='ocrx_word' id='word_1_117' title='bbox 1545 1969 1591 2055; x_wconf 82' lang='lat' dir='ltr'>eii</span> <span class='ocrx_word' id='word_1_118' title='bbox 1612 1975 1655 2058; x_wconf 86' lang='lat' dir='ltr'>in</span> 
     </span>
     <span class='ocr_line' id='line_1_15' title="bbox 222 2079 1656 2186; baseline 0.001 -22"><span class='ocrx_word' id='word_1_119' title='bbox 222 2082 440 2165; x_wconf 86' lang='lat' dir='ltr'>cauterium</span> <span class='ocrx_word' id='word_1_120' title='bbox 472 2081 693 2166; x_wconf 69' lang='lat' dir='ltr'>introdusit</span> <span class='ocrx_word' id='word_1_121' title='bbox 722 2080 873 2168; x_wconf 86' lang='lat' dir='ltr'>febrem</span> <span class='ocrx_word' id='word_1_122' title='bbox 904 2091 945 2164; x_wconf 85' lang='lat'>&amp;</span> <span class='ocrx_word' id='word_1_123' title='bbox 975 2079 1052 2164; x_wconf 90' lang='lat' dir='ltr'>alvi</span> <span class='ocrx_word' id='word_1_124' title='bbox 1082 2082 1232 2164; x_wconf 89' lang='lat' dir='ltr'>fluxum</span> <span class='ocrx_word' id='word_1_125' title='bbox 1290 2084 1442 2165; x_wconf 88' lang='lat' dir='ltr'>toritari</span> <span class='ocrx_word' id='word_1_126' title='bbox 1457 2144 1471 2186; x_wconf 89' lang='lat'><strong><em>,</em></strong></span> <span class='ocrx_word' id='word_1_127' title='bbox 1504 2081 1656 2166; x_wconf 78' lang='lat' dir='ltr'>sublarii</span> 
     </span>
     <span class='ocr_line' id='line_1_16' title="bbox 178 2111 1655 2306; baseline 0.003 -32"><span class='ocrx_word' id='word_1_128' title='bbox 178 2243 187 2262; x_wconf 92' lang='lat'><strong>·</strong></span> <span class='ocrx_word' id='word_1_129' title='bbox 220 2188 333 2298; x_wconf 85' lang='lat' dir='ltr'>rolli,</span> <span class='ocrx_word' id='word_1_130' title='bbox 356 2192 451 2277; x_wconf 89' lang='lat' dir='ltr'>vidi.</span> <span class='ocrx_word' id='word_1_131' title='bbox 472 2193 585 2277; x_wconf 88' lang='lat' dir='ltr'>Vidit</span> <span class='ocrx_word' id='word_1_132' title='bbox 603 2198 719 2278; x_wconf 89' lang='lat' dir='ltr'>etiam</span> <span class='ocrx_word' id='word_1_133' title='bbox 742 2193 875 2279; x_wconf 75' lang='lat' dir='ltr'>altere</span> <span class='ocrx_word' id='word_1_134' title='bbox 894 2191 1063 2306; x_wconf 85' lang='lat' dir='ltr'>collegis</span> <span class='ocrx_word' id='word_1_135' title='bbox 1080 2196 1178 2276; x_wconf 88' lang='lat' dir='ltr'>meis</span> <span class='ocrx_word' id='word_1_136' title='bbox 1194 2192 1216 2276; x_wconf 71' lang='lat' dir='ltr'>a</span> <span class='ocrx_word' id='word_1_137' title='bbox 1233 2111 1403 2305; x_wconf 78' lang='lat' dir='ltr'>globulo</span> <span class='ocrx_word' id='word_1_138' title='bbox 1425 2192 1532 2278; x_wconf 70' lang='lat' dir='ltr'>alosis</span> <span class='ocrx_word' id='word_1_139' title='bbox 1554 2194 1655 2280; x_wconf 84' lang='lat' dir='ltr'>intrii</span> 
     </span>
    </p>
   </div>
   <div class='ocr_carea' id='block_1_3' title="bbox 142 2301 1745 2981">
    <p class='ocr_par' dir='ltr' id='par_1_3' title="bbox 221 2301 1656 2748">
     <span class='ocr_line' id='line_1_17' title="bbox 222 2301 1654 2420; baseline 0.003 -32"><span class='ocrx_word' id='word_1_140' title='bbox 222 2307 439 2388; x_wconf 89' lang='lat' dir='ltr'>cauterium</span> <span class='ocrx_word' id='word_1_141' title='bbox 455 2305 626 2388; x_wconf 88' lang='lat' dir='ltr'>immisso</span> <span class='ocrx_word' id='word_1_142' title='bbox 640 2305 825 2390; x_wconf 89' lang='lat' dir='ltr'>eumdem</span> <span class='ocrx_word' id='word_1_143' title='bbox 837 2307 1023 2389; x_wconf 71' lang='lat' dir='ltr'>effeiiuni</span> <span class='ocrx_word' id='word_1_144' title='bbox 1041 2301 1206 2418; x_wconf 88' lang='lat' dir='ltr'>pluries,</span> <span class='ocrx_word' id='word_1_145' title='bbox 1220 2313 1261 2390; x_wconf 73' lang='lat' dir='ltr'>bi</span> <span class='ocrx_word' id='word_1_146' title='bbox 1276 2333 1351 2418; x_wconf 91' lang='lat' dir='ltr'>pro</span> <span class='ocrx_word' id='word_1_147' title='bbox 1366 2302 1516 2410; x_wconf 92' lang='lat' dir='ltr'>lubitu,</span> <span class='ocrx_word' id='word_1_148' title='bbox 1542 2331 1654 2420; x_wconf 85' lang='lat' dir='ltr'>repe-</span> 
     </span>
     <span class='ocr_line' id='line_1_18' title="bbox 221 2413 1656 2531; baseline 0.001 -32"><span class='ocrx_word' id='word_1_149' title='bbox 221 2419 350 2514; x_wconf 83' lang='lat' dir='ltr'>titum.</span> <span class='ocrx_word' id='word_1_150' title='bbox 369 2416 462 2498; x_wconf 90' lang='lat' dir='ltr'>Nec</span> <span class='ocrx_word' id='word_1_151' title='bbox 479 2416 643 2498; x_wconf 80' lang='lat' dir='ltr'>fiderem</span> <span class='ocrx_word' id='word_1_152' title='bbox 660 2413 857 2500; x_wconf 88' lang='lat' dir='ltr'>hellebori</span> <span class='ocrx_word' id='word_1_153' title='bbox 875 2414 1049 2499; x_wconf 89' lang='lat' dir='ltr'>frustulo.</span> <span class='ocrx_word' id='word_1_154' title='bbox 1069 2415 1228 2499; x_wconf 83' lang='lat' dir='ltr'>Merum</span> <span class='ocrx_word' id='word_1_155' title='bbox 1245 2419 1351 2498; x_wconf 90' lang='lat' dir='ltr'>enim</span> <span class='ocrx_word' id='word_1_156' title='bbox 1369 2415 1546 2500; x_wconf 86' lang='lat' dir='ltr'>facerent</span> <span class='ocrx_word' id='word_1_157' title='bbox 1566 2447 1656 2531; x_wconf 90' lang='lat' dir='ltr'>pur-</span> 
     </span>
     <span class='ocr_line' id='line_1_19' title="bbox 222 2523 1656 2640; baseline 0.004 -32"><span class='ocrx_word' id='word_1_158' title='bbox 222 2555 318 2637; x_wconf 85' lang='lat' dir='ltr'>gans</span> <span class='ocrx_word' id='word_1_159' title='bbox 345 2523 447 2610; x_wconf 74' lang='lat' dir='ltr'>bene</span> <span class='ocrx_word' id='word_1_160' title='bbox 474 2532 636 2638; x_wconf 83' lang='lat' dir='ltr'>cognita</span> <span class='ocrx_word' id='word_1_161' title='bbox 659 2532 808 2633; x_wconf 85' lang='lat' dir='ltr'>virtus,</span> <span class='ocrx_word' id='word_1_162' title='bbox 837 2523 1129 2640; x_wconf 86' lang='lat' dir='ltr'>&amp;exemplum</span> <span class='ocrx_word' id='word_1_163' title='bbox 1158 2527 1429 2611; x_wconf 90' lang='lat' dir='ltr'>cantharidum</span> <span class='ocrx_word' id='word_1_164' title='bbox 1457 2558 1541 2640; x_wconf 85' lang='lat' dir='ltr'>quae</span> <span class='ocrx_word' id='word_1_165' title='bbox 1569 2536 1656 2614; x_wconf 84' lang='lat' dir='ltr'>riim</span> 
     </span>
     <span class='ocr_line' id='line_1_20' title="bbox 222 2636 1394 2748; baseline 0.004 -31"><span class='ocrx_word' id='word_1_166' title='bbox 222 2636 405 2746; x_wconf 71' lang='lat' dir='ltr'>externe,</span> <span class='ocrx_word' id='word_1_167' title='bbox 427 2641 513 2722; x_wconf 85' lang='lat' dir='ltr'>tiim</span> <span class='ocrx_word' id='word_1_168' title='bbox 534 2637 685 2724; x_wconf 68' lang='lat' dir='ltr'>interne</span> <span class='ocrx_word' id='word_1_169' title='bbox 705 2637 903 2748; x_wconf 76' lang='lat' dir='ltr'>aqualiter</span> <span class='ocrx_word' id='word_1_170' title='bbox 918 2640 1087 2723; x_wconf 88' lang='lat' dir='ltr'>vesicam</span> <span class='ocrx_word' id='word_1_171' title='bbox 1107 2637 1298 2722; x_wconf 90' lang='lat' dir='ltr'>afficiunt.</span> <span class='ocrx_word' id='word_1_172' title='bbox 1380 2685 1394 2702; x_wconf 57' lang='grc' dir='ltr'>ι</span> 
     </span>
    </p>

    <p class='ocr_par' dir='ltr' id='par_1_4' title="bbox 142 2747 1745 2981">
     <span class='ocr_line' id='line_1_21' title="bbox 142 2747 1745 2865; baseline 0.005 -34"><span class='ocrx_word' id='word_1_173' title='bbox 142 2777 147 2784; x_wconf 94' lang='grc'><strong><em>·</em></strong></span> <span class='ocrx_word' id='word_1_174' title='bbox 212 2815 217 2822; x_wconf 92' lang='grc'>.</span> <span class='ocrx_word' id='word_1_175' title='bbox 278 2747 415 2832; x_wconf 84' lang='lat' dir='ltr'>Multb</span> <span class='ocrx_word' id='word_1_176' title='bbox 436 2749 575 2836; x_wconf 83' lang='lat' dir='ltr'>fortiiis</span> <span class='ocrx_word' id='word_1_177' title='bbox 599 2760 641 2837; x_wconf 74' lang='grc' dir='ltr'>ὅ(</span> <span class='ocrx_word' id='word_1_178' title='bbox 660 2751 827 2836; x_wconf 77' lang='lat' dir='ltr'>vividius</span> <span class='ocrx_word' id='word_1_179' title='bbox 848 2760 890 2837; x_wconf 74' lang='grc' dir='ltr'>ὅ(</span> <span class='ocrx_word' id='word_1_180' title='bbox 912 2753 1129 2865; x_wconf 90' lang='lat' dir='ltr'>penetranti</span> <span class='ocrx_word' id='word_1_181' title='bbox 1148 2754 1273 2863; x_wconf 83' lang='lat' dir='ltr'>magis</span> <span class='ocrx_word' id='word_1_182' title='bbox 1293 2753 1439 2836; x_wconf 88' lang='lat' dir='ltr'>virtute</span> <span class='ocrx_word' id='word_1_183' title='bbox 1460 2751 1658 2838; x_wconf 91' lang='lat' dir='ltr'>donantur</span> <span class='ocrx_word' id='word_1_184' title='bbox 1739 2843 1745 2848; x_wconf 77' lang='grc'><strong>,</strong></span> 
     </span>
     <span class='ocr_line' id='line_1_22' title="bbox 223 2860 1656 2981; baseline 0.006 -39"><span class='ocrx_word' id='word_1_185' title='bbox 223 2862 396 2976; x_wconf 86' lang='lat' dir='ltr'>apposita</span> <span class='ocrx_word' id='word_1_186' title='bbox 417 2870 458 2947; x_wconf 75' lang='lat' dir='ltr'>bi</span> <span class='ocrx_word' id='word_1_187' title='bbox 480 2861 672 2978; x_wconf 90' lang='lat' dir='ltr'>applicata</span> <span class='ocrx_word' id='word_1_188' title='bbox 692 2867 774 2947; x_wconf 94' lang='lat' dir='ltr'>cuti</span> <span class='ocrx_word' id='word_1_189' title='bbox 797 2863 972 2973; x_wconf 79' lang='lat' dir='ltr'>quadam</span> <span class='ocrx_word' id='word_1_190' title='bbox 991 2860 1195 2976; x_wconf 84' lang='lat' dir='ltr'>animalia,</span> <span class='ocrx_word' id='word_1_191' title='bbox 1213 2865 1314 2947; x_wconf 91' lang='lat' dir='ltr'>inter</span> <span class='ocrx_word' id='word_1_192' title='bbox 1334 2891 1418 2972; x_wconf 78' lang='lat' dir='ltr'>qua</span> <span class='ocrx_word' id='word_1_193' title='bbox 1436 2869 1656 2981; x_wconf 88' lang='lat' dir='ltr'>principem</span> 
     </span>
    </p>
   </div>
   <div class='ocr_carea' id='block_1_4' title="bbox 222 2971 1658 3088">
    <p class='ocr_par' dir='ltr' id='par_1_5' title="bbox 222 2971 1658 3088">
     <span class='ocr_line' id='line_1_23' title="bbox 222 2971 1658 3088; baseline 0.006 -33"><span class='ocrx_word' id='word_1_194' title='bbox 222 2971 362 3056; x_wconf 91' lang='lat' dir='ltr'>locum</span> <span class='ocrx_word' id='word_1_195' title='bbox 386 2971 569 3060; x_wconf 88' lang='lat' dir='ltr'>obtinent</span> <span class='ocrx_word' id='word_1_196' title='bbox 596 2975 866 3082; x_wconf 89' lang='lat' dir='ltr'>cantharides,</span> <span class='ocrx_word' id='word_1_197' title='bbox 899 3006 982 3086; x_wconf 78' lang='lat' dir='ltr'>que</span> <span class='ocrx_word' id='word_1_198' title='bbox 1007 3003 1092 3058; x_wconf 91' lang='lat' dir='ltr'>non</span> <span class='ocrx_word' id='word_1_199' title='bbox 1121 2971 1325 3088; x_wconf 78' lang='lat' dir='ltr'>erysipelas</span> <span class='ocrx_word' id='word_1_200' title='bbox 1349 2974 1475 3058; x_wconf 85' lang='lat' dir='ltr'>soliim</span> <span class='ocrx_word' id='word_1_201' title='bbox 1500 2981 1540 3060; x_wconf 94' lang='lat' dir='ltr'>in</span> <span class='ocrx_word' id='word_1_202' title='bbox 1563 3005 1658 3063; x_wconf 91' lang='lat' dir='ltr'>cute</span> 
     </span>
    </p>
   </div>
   <div class='ocr_carea' id='block_1_5' title="bbox 89 3083 1660 3203">
    <p class='ocr_par' dir='ltr' id='par_1_6' title="bbox 89 3083 1660 3203">
     <span class='ocr_line' id='line_1_24' title="bbox 89 3083 1660 3203; baseline 0.004 -36"><span class='ocrx_word' id='word_1_203' title='bbox 89 3145 94 3152; x_wconf 86' lang='lat'>-</span> <span class='ocrx_word' id='word_1_204' title='bbox 214 3087 421 3191; x_wconf 83' lang='lat' dir='ltr'>excitant,</span> <span class='ocrx_word' id='word_1_205' title='bbox 442 3086 507 3171; x_wconf 90' lang='lat' dir='ltr'>sed</span> <span class='ocrx_word' id='word_1_206' title='bbox 524 3101 709 3197; x_wconf 83' lang='lat' dir='ltr'>tanquam</span> <span class='ocrx_word' id='word_1_207' title='bbox 723 3091 824 3201; x_wconf 85' lang='lat' dir='ltr'>ignis</span> <span class='ocrx_word' id='word_1_208' title='bbox 838 3115 1026 3193; x_wconf 88' lang='lat' dir='ltr'>exurens,</span> <span class='ocrx_word' id='word_1_209' title='bbox 1044 3083 1254 3170; x_wconf 80' lang='lat' dir='ltr'>vesiculam</span> <span class='ocrx_word' id='word_1_210' title='bbox 1267 3090 1468 3200; x_wconf 86' lang='lat' dir='ltr'>ingentem</span> <span class='ocrx_word' id='word_1_211' title='bbox 1486 3091 1526 3170; x_wconf 94' lang='lat' dir='ltr'>in</span> <span class='ocrx_word' id='word_1_212' title='bbox 1546 3117 1660 3203; x_wconf 87' lang='lat' dir='ltr'>parte</span> 
     </span>
    </p>
   </div>
   <div class='ocr_carea' id='block_1_6' title="bbox 175 3197 1661 4881">
    <p class='ocr_par' dir='ltr' id='par_1_7' title="bbox 175 3197 1661 4207">
     <span class='ocr_line' id='line_1_25' title="bbox 223 3197 1653 3312; baseline 0.004 -32"><span class='ocrx_word' id='word_1_213' title='bbox 223 3225 341 3306; x_wconf 90' lang='lat' dir='ltr'>quani</span> <span class='ocrx_word' id='word_1_214' title='bbox 359 3197 570 3306; x_wconf 89' lang='lat' dir='ltr'>attollunt,</span> <span class='ocrx_word' id='word_1_215' title='bbox 587 3203 814 3305; x_wconf 88' lang='lat' dir='ltr'>concitant,</span> <span class='ocrx_word' id='word_1_216' title='bbox 832 3199 1030 3309; x_wconf 85' lang='lat' dir='ltr'>intiisque,</span> <span class='ocrx_word' id='word_1_217' title='bbox 1053 3201 1174 3312; x_wconf 89' lang='lat' dir='ltr'>ruptis</span> <span class='ocrx_word' id='word_1_218' title='bbox 1241 3199 1440 3284; x_wconf 91' lang='lat' dir='ltr'>idermidis</span> <span class='ocrx_word' id='word_1_219' title='bbox 1457 3201 1653 3308; x_wconf 89' lang='lat' dir='ltr'>vinculis,</span> 
     </span>
     <span class='ocr_line' id='line_1_26' title="bbox 224 3226 1656 3422; baseline 0.006 -32"><span class='ocrx_word' id='word_1_220' title='bbox 224 3311 522 3422; x_wconf 89' lang='lat' dir='ltr'>irritationeque</span> <span class='ocrx_word' id='word_1_221' title='bbox 547 3310 775 3396; x_wconf 71' lang='lat' dir='ltr'>continuati</span> <span class='ocrx_word' id='word_1_222' title='bbox 798 3311 988 3395; x_wconf 89' lang='lat' dir='ltr'>diluviem</span> <span class='ocrx_word' id='word_1_223' title='bbox 1009 3311 1083 3393; x_wconf 91' lang='lat' dir='ltr'>seri</span> <span class='ocrx_word' id='word_1_224' title='bbox 1106 3226 1337 3421; x_wconf 50' lang='lat' dir='ltr'>lymellatici</span> <span class='ocrx_word' id='word_1_225' title='bbox 1363 3339 1481 3422; x_wconf 87' lang='lat' dir='ltr'>arque</span> <span class='ocrx_word' id='word_1_226' title='bbox 1503 3317 1656 3398; x_wconf 83' lang='lat' dir='ltr'>mucofi</span> 
     </span>
     <span class='ocr_line' id='line_1_27' title="bbox 224 3341 1659 3538; baseline 0.004 -35"><span class='ocrx_word' id='word_1_227' title='bbox 224 3419 367 3535; x_wconf 70' lang='lat' dir='ltr'>magnii</span> <span class='ocrx_word' id='word_1_228' title='bbox 394 3422 453 3506; x_wconf 85' lang='lat' dir='ltr'>sui</span> <span class='ocrx_word' id='word_1_229' title='bbox 474 3451 584 3538; x_wconf 89' lang='lat' dir='ltr'>parte</span> <span class='ocrx_word' id='word_1_230' title='bbox 609 3422 906 3508; x_wconf 87' lang='lat' dir='ltr'>concrescibilis</span> <span class='ocrx_word' id='word_1_231' title='bbox 930 3427 1155 3536; x_wconf 89' lang='lat' dir='ltr'>important.</span> <span class='ocrx_word' id='word_1_232' title='bbox 1188 3341 1278 3504; x_wconf 70' lang='lat' dir='ltr'>lma</span> <span class='ocrx_word' id='word_1_233' title='bbox 1313 3423 1549 3534; x_wconf 82' lang='lat' dir='ltr'>aliquando,</span> <span class='ocrx_word' id='word_1_234' title='bbox 1607 3455 1659 3509; x_wconf 87' lang='lat' dir='ltr'>ro</span> 
     </span>
     <span class='ocr_line' id='line_1_28' title="bbox 225 3455 1655 3650; baseline 0.004 -35"><span class='ocrx_word' id='word_1_235' title='bbox 225 3537 506 3621; x_wconf 82' lang='lat' dir='ltr'>constitutione</span> <span class='ocrx_word' id='word_1_236' title='bbox 521 3539 699 3622; x_wconf 90' lang='lat' dir='ltr'>interiori</span> <span class='ocrx_word' id='word_1_237' title='bbox 719 3539 898 3650; x_wconf 91' lang='lat' dir='ltr'>corporis</span> <span class='ocrx_word' id='word_1_238' title='bbox 909 3597 923 3641; x_wconf 92' lang='lat'>,</span> <span class='ocrx_word' id='word_1_239' title='bbox 949 3533 1169 3649; x_wconf 84' lang='lat' dir='ltr'>gelatinoso</span> <span class='ocrx_word' id='word_1_240' title='bbox 1192 3537 1359 3619; x_wconf 91' lang='lat' dir='ltr'>humore</span> <span class='ocrx_word' id='word_1_241' title='bbox 1379 3534 1548 3620; x_wconf 78' lang='lat' dir='ltr'>vesicula</span> <span class='ocrx_word' id='word_1_242' title='bbox 1572 3455 1655 3621; x_wconf 72' lang='lat' dir='ltr'>llic</span> 
     </span>
     <span class='ocr_line' id='line_1_29' title="bbox 215 3643 1661 3757; baseline 0.003 -31"><span class='ocrx_word' id='word_1_243' title='bbox 215 3643 425 3752; x_wconf 82' lang='lat' dir='ltr'>repletur,</span> <span class='ocrx_word' id='word_1_244' title='bbox 454 3655 495 3731; x_wconf 81' lang='grc' dir='ltr'>ὅ(</span> <span class='ocrx_word' id='word_1_245' title='bbox 520 3650 562 3730; x_wconf 94' lang='lat' dir='ltr'>in</span> <span class='ocrx_word' id='word_1_246' title='bbox 587 3649 737 3731; x_wconf 68' lang='lat' dir='ltr'>summe</span> <span class='ocrx_word' id='word_1_247' title='bbox 762 3643 1063 3730; x_wconf 71' lang='lat' dir='ltr'>inflammatoris</span> <span class='ocrx_word' id='word_1_248' title='bbox 1087 3645 1338 3757; x_wconf 88' lang='lat' dir='ltr'>dispositione</span> <span class='ocrx_word' id='word_1_249' title='bbox 1358 3645 1454 3730; x_wconf 90' lang='lat' dir='ltr'>loco</span> <span class='ocrx_word' id='word_1_250' title='bbox 1478 3647 1661 3731; x_wconf 73' lang='lat' dir='ltr'>vesiculae</span> 
     </span>
     <span class='ocr_line' id='line_1_30' title="bbox 175 3756 1660 3872; baseline 0.003 -33"><span class='ocrx_word' id='word_1_251' title='bbox 175 3781 179 3788; x_wconf 86' lang='lat'>·</span> <span class='ocrx_word' id='word_1_252' title='bbox 213 3757 273 3852; x_wconf 54' lang='lat' dir='ltr'>,fit</span> <span class='ocrx_word' id='word_1_253' title='bbox 306 3757 465 3840; x_wconf 89' lang='lat' dir='ltr'>eschara</span> <span class='ocrx_word' id='word_1_254' title='bbox 478 3818 493 3863; x_wconf 88' lang='lat'>‚</span> <span class='ocrx_word' id='word_1_255' title='bbox 519 3757 639 3865; x_wconf 87' lang='lat' dir='ltr'>alba,</span> <span class='ocrx_word' id='word_1_256' title='bbox 668 3756 938 3872; x_wconf 87' lang='lat' dir='ltr'>lymphatica,</span> <span class='ocrx_word' id='word_1_257' title='bbox 964 3756 1077 3842; x_wconf 90' lang='lat' dir='ltr'>laridi</span> <span class='ocrx_word' id='word_1_258' title='bbox 1106 3757 1246 3864; x_wconf 81' lang='lat' dir='ltr'>instar,</span> <span class='ocrx_word' id='word_1_259' title='bbox 1282 3765 1324 3842; x_wconf 73' lang='lat' dir='ltr'>&amp;c</span> <span class='ocrx_word' id='word_1_260' title='bbox 1357 3757 1489 3842; x_wconf 84' lang='lat' dir='ltr'>similis</span> <span class='ocrx_word' id='word_1_261' title='bbox 1525 3763 1660 3844; x_wconf 78' lang='lat' dir='ltr'>crustae</span> 
     </span>
     <span class='ocr_line' id='line_1_31' title="bbox 227 3867 1656 3984; baseline 0.004 -34"><span class='ocrx_word' id='word_1_262' title='bbox 227 3896 344 3978; x_wconf 92' lang='lat' dir='ltr'>quarn</span> <span class='ocrx_word' id='word_1_263' title='bbox 369 3872 411 3952; x_wconf 93' lang='lat' dir='ltr'>in</span> <span class='ocrx_word' id='word_1_264' title='bbox 430 3867 580 3954; x_wconf 90' lang='lat' dir='ltr'>morbis</span> <span class='ocrx_word' id='word_1_265' title='bbox 598 3872 910 3954; x_wconf 85' lang='lat' dir='ltr'>inflammatoriis</span> <span class='ocrx_word' id='word_1_266' title='bbox 936 3869 1133 3982; x_wconf 87' lang='lat' dir='ltr'>sanguinis</span> <span class='ocrx_word' id='word_1_267' title='bbox 1163 3871 1286 3954; x_wconf 89' lang='lat' dir='ltr'>emissi</span> <span class='ocrx_word' id='word_1_268' title='bbox 1313 3871 1537 3984; x_wconf 82' lang='lat' dir='ltr'>superficies</span> <span class='ocrx_word' id='word_1_269' title='bbox 1557 3870 1656 3956; x_wconf 78' lang='lat' dir='ltr'>obri</span> 
     </span>
     <span class='ocr_line' id='line_1_32' title="bbox 225 3977 1659 4096; baseline 0.003 -33"><span class='ocrx_word' id='word_1_270' title='bbox 225 4006 320 4087; x_wconf 84' lang='lat' dir='ltr'>net,</span> <span class='ocrx_word' id='word_1_271' title='bbox 342 3983 411 4064; x_wconf 92' lang='lat' dir='ltr'>nisi</span> <span class='ocrx_word' id='word_1_272' title='bbox 458 3981 540 4066; x_wconf 82' lang='lat' dir='ltr'>ubd</span> <span class='ocrx_word' id='word_1_273' title='bbox 565 3981 715 4096; x_wconf 87' lang='lat' dir='ltr'>papillae</span> <span class='ocrx_word' id='word_1_274' title='bbox 742 3989 783 4066; x_wconf 79' lang='grc' dir='ltr'>δι</span> <span class='ocrx_word' id='word_1_275' title='bbox 835 3980 968 4066; x_wconf 85' lang='lat' dir='ltr'>ranula</span> <span class='ocrx_word' id='word_1_276' title='bbox 990 3977 1180 4068; x_wconf 87' lang='lat' dir='ltr'>cellulosa</span> <span class='ocrx_word' id='word_1_277' title='bbox 1207 3985 1307 4065; x_wconf 88' lang='lat' dir='ltr'>cutis</span> <span class='ocrx_word' id='word_1_278' title='bbox 1330 3986 1371 4065; x_wconf 90' lang='lat' dir='ltr'>in</span> <span class='ocrx_word' id='word_1_279' title='bbox 1397 3981 1444 4066; x_wconf 76' lang='lat' dir='ltr'>eli</span> <span class='ocrx_word' id='word_1_280' title='bbox 1469 4008 1659 4070; x_wconf 90' lang='lat' dir='ltr'>notentur</span> 
     </span>
     <span class='ocr_line' id='line_1_33' title="bbox 225 4011 1657 4207; baseline 0.003 -31"><span class='ocrx_word' id='word_1_281' title='bbox 225 4011 471 4206; x_wconf 63' lang='lat' dir='ltr'>apernffimi.</span> <span class='ocrx_word' id='word_1_282' title='bbox 494 4095 539 4176; x_wconf 91' lang='lat' dir='ltr'>Si</span> <span class='ocrx_word' id='word_1_283' title='bbox 555 4096 653 4179; x_wconf 84' lang='lat' dir='ltr'>verb</span> <span class='ocrx_word' id='word_1_284' title='bbox 672 4011 956 4207; x_wconf 66' lang='lat' dir='ltr'>imprudentii‘is</span> <span class='ocrx_word' id='word_1_285' title='bbox 969 4097 1011 4180; x_wconf 93' lang='lat' dir='ltr'>in</span> <span class='ocrx_word' id='word_1_286' title='bbox 1028 4093 1209 4177; x_wconf 88' lang='lat' dir='ltr'>nudame</span> <span class='ocrx_word' id='word_1_287' title='bbox 1237 4093 1495 4200; x_wconf 81' lang='lat' dir='ltr'>idennidem,</span> <span class='ocrx_word' id='word_1_288' title='bbox 1513 4099 1657 4180; x_wconf 90' lang='lat' dir='ltr'>vivam·</span> 
     </span>
    </p>

    <p class='ocr_par' dir='ltr' id='par_1_8' title="bbox 219 4124 1661 4881">
     <span class='ocr_line' id='line_1_34' title="bbox 256 4124 1657 4320; baseline 0.003 -32"><span class='ocrx_word' id='word_1_289' title='bbox 256 4233 307 4290; x_wconf 92' lang='lat' dir='ltr'>ue</span> <span class='ocrx_word' id='word_1_290' title='bbox 332 4231 465 4290; x_wconf 91' lang='lat' dir='ltr'>cutem</span> <span class='ocrx_word' id='word_1_291' title='bbox 491 4236 513 4289; x_wconf 89' lang='lat' dir='ltr'>a</span> <span class='ocrx_word' id='word_1_292' title='bbox 540 4204 736 4320; x_wconf 89' lang='lat' dir='ltr'>plicentur</span> <span class='ocrx_word' id='word_1_293' title='bbox 755 4207 964 4291; x_wconf 88' lang='lat' dir='ltr'>vesicanria</span> <span class='ocrx_word' id='word_1_294' title='bbox 984 4204 1007 4288; x_wconf 81' lang='grc' dir='ltr'>ὲ</span> <span class='ocrx_word' id='word_1_295' title='bbox 1029 4124 1343 4313; x_wconf 76' lang='lat' dir='ltr'>cantharidibus,</span> <span class='ocrx_word' id='word_1_296' title='bbox 1366 4206 1534 4290; x_wconf 87' lang='lat' dir='ltr'>nascitur</span> <span class='ocrx_word' id='word_1_297' title='bbox 1561 4237 1657 4292; x_wconf 83' lang='lat' dir='ltr'>cunr</span> 
     </span>
     <span class='ocr_line' id='line_1_35' title="bbox 228 4233 1656 4428; baseline 0.003 -28"><span class='ocrx_word' id='word_1_298' title='bbox 228 4233 432 4402; x_wconf 78' lang='lat' dir='ltr'>dolore&amp;</span> <span class='ocrx_word' id='word_1_299' title='bbox 455 4237 766 4402; x_wconf 72' lang='lat' dir='ltr'>inflammatione</span> <span class='ocrx_word' id='word_1_300' title='bbox 784 4318 943 4401; x_wconf 90' lang='lat' dir='ltr'>summis</span> <span class='ocrx_word' id='word_1_301' title='bbox 963 4316 1095 4398; x_wconf 89' lang='lat' dir='ltr'>similis</span> <span class='ocrx_word' id='word_1_302' title='bbox 1116 4315 1274 4400; x_wconf 86' lang='lat' dir='ltr'>eschara</span> <span class='ocrx_word' id='word_1_303' title='bbox 1298 4349 1381 4428; x_wconf 75' lang='lat' dir='ltr'>qua</span> <span class='ocrx_word' id='word_1_304' title='bbox 1427 4317 1552 4424; x_wconf 72' lang='lat' dir='ltr'>osted,</span> <span class='ocrx_word' id='word_1_305' title='bbox 1573 4349 1656 4404; x_wconf 94' lang='lat' dir='ltr'>non</span> 
     </span>
     <span class='ocr_line' id='line_1_36' title="bbox 229 4349 1656 4542; baseline 0.005 -32"><span class='ocrx_word' id='word_1_306' title='bbox 229 4430 299 4510; x_wconf 95' lang='lat' dir='ltr'>nisi</span> <span class='ocrx_word' id='word_1_307' title='bbox 331 4430 415 4542; x_wconf 87' lang='lat' dir='ltr'>posi</span> <span class='ocrx_word' id='word_1_308' title='bbox 449 4429 748 4540; x_wconf 87' lang='lat' dir='ltr'>subsequentem</span> <span class='ocrx_word' id='word_1_309' title='bbox 779 4430 1129 4541; x_wconf 88' lang='lat' dir='ltr'>suppurationem,</span> <span class='ocrx_word' id='word_1_310' title='bbox 1163 4426 1337 4514; x_wconf 91' lang='lat' dir='ltr'>solvitur.</span> <span class='ocrx_word' id='word_1_311' title='bbox 1372 4349 1492 4514; x_wconf 71' lang='lat' dir='ltr'>illuit</span> <span class='ocrx_word' id='word_1_312' title='bbox 1516 4457 1566 4516; x_wconf 85' lang='lat' dir='ltr'>eir</span> <span class='ocrx_word' id='word_1_313' title='bbox 1594 4435 1656 4516; x_wconf 88' lang='lat' dir='ltr'>his</span> 
     </span>
     <span class='ocr_line' id='line_1_37' title="bbox 228 4537 1661 4654; baseline 0.003 -32"><span class='ocrx_word' id='word_1_314' title='bbox 228 4565 337 4653; x_wconf 89' lang='lat' dir='ltr'>patet</span> <span class='ocrx_word' id='word_1_315' title='bbox 358 4539 561 4627; x_wconf 72' lang='lat' dir='ltr'>effetiibus</span> <span class='ocrx_word' id='word_1_316' title='bbox 581 4542 711 4652; x_wconf 81' lang='lat' dir='ltr'>quod,</span> <span class='ocrx_word' id='word_1_317' title='bbox 731 4543 800 4626; x_wconf 91' lang='lat' dir='ltr'>ersi</span> <span class='ocrx_word' id='word_1_318' title='bbox 813 4538 1015 4654; x_wconf 87' lang='lat' dir='ltr'>erysipelas</span> <span class='ocrx_word' id='word_1_319' title='bbox 1031 4537 1159 4622; x_wconf 75' lang='lat' dir='ltr'>solum</span> <span class='ocrx_word' id='word_1_320' title='bbox 1210 4567 1422 4627; x_wconf 81' lang='lat' dir='ltr'>revocetur</span> <span class='ocrx_word' id='word_1_321' title='bbox 1444 4541 1466 4626; x_wconf 71' lang='lat' dir='ltr'>*a</span> <span class='ocrx_word' id='word_1_322' title='bbox 1485 4545 1661 4628; x_wconf 85' lang='lat' dir='ltr'>velican·</span> 
     </span>
     <span class='ocr_line' id='line_1_38' title="bbox 228 4571 1657 4770; baseline 0.004 -37"><span class='ocrx_word' id='word_1_323' title='bbox 228 4649 359 4757; x_wconf 89' lang='lat' dir='ltr'>tibus,</span> <span class='ocrx_word' id='word_1_324' title='bbox 383 4649 451 4733; x_wconf 89' lang='lat' dir='ltr'>illa</span> <span class='ocrx_word' id='word_1_325' title='bbox 471 4677 604 4740; x_wconf 86' lang='lat' dir='ltr'>tamen</span> <span class='ocrx_word' id='word_1_326' title='bbox 623 4653 705 4762; x_wconf 86' lang='lat' dir='ltr'>ejus</span> <span class='ocrx_word' id='word_1_327' title='bbox 727 4656 780 4740; x_wconf 88' lang='lat' dir='ltr'>est</span> <span class='ocrx_word' id='word_1_328' title='bbox 797 4653 1047 4736; x_wconf 82' lang='lat' dir='ltr'>vehementia</span> <span class='ocrx_word' id='word_1_329' title='bbox 1065 4682 1151 4763; x_wconf 78' lang='lat' dir='ltr'>que</span> <span class='ocrx_word' id='word_1_330' title='bbox 1168 4571 1286 4736; x_wconf 68' lang='lat' dir='ltr'>desit</span> <span class='ocrx_word' id='word_1_331' title='bbox 1306 4657 1348 4737; x_wconf 93' lang='lat' dir='ltr'>in</span> <span class='ocrx_word' id='word_1_332' title='bbox 1369 4654 1657 4770; x_wconf 83' lang='lat' dir='ltr'>phlegmonem</span> 
     </span>
     <span class='ocr_line' id='line_1_39' title="bbox 219 4762 1661 4881; baseline -0.003 -23"><span class='ocrx_word' id='word_1_333' title='bbox 219 4785 412 4858; x_wconf 67' lang='lat' dir='ltr'>serratus.</span> <span class='ocrx_word' id='word_1_334' title='bbox 432 4765 524 4854; x_wconf 91' lang='lat' dir='ltr'>Nec</span> <span class='ocrx_word' id='word_1_335' title='bbox 543 4767 651 4856; x_wconf 71' lang='lat' dir='ltr'>certe</span> <span class='ocrx_word' id='word_1_336' title='bbox 670 4767 890 4858; x_wconf 74' lang='lat' dir='ltr'>inaudimus</span> <span class='ocrx_word' id='word_1_337' title='bbox 910 4765 1019 4854; x_wconf 83' lang='lat' dir='ltr'>estin</span> <span class='ocrx_word' id='word_1_338' title='bbox 1034 4762 1275 4878; x_wconf 87' lang='lat' dir='ltr'>senioribus,</span> <span class='ocrx_word' id='word_1_339' title='bbox 1292 4792 1358 4856; x_wconf 89' lang='lat' dir='ltr'>aut</span> <span class='ocrx_word' id='word_1_340' title='bbox 1373 4771 1427 4856; x_wconf 90' lang='lat' dir='ltr'>ita</span> <span class='ocrx_word' id='word_1_341' title='bbox 1444 4767 1661 4881; x_wconf 71' lang='lat' dir='ltr'>dispositis,</span> 
     </span>
    </p>
   </div>
   <div class='ocr_carea' id='block_1_7' title="bbox 0 0 2140 5892">
    <p class='ocr_par' dir='ltr' id='par_1_9' title="bbox 0 0 2140 5892">
     <span class='ocr_line' id='line_1_40' title="bbox 0 0 2140 5892; baseline 0 0"><span class='ocrx_word' id='word_1_342' title='bbox 0 0 2140 5892; x_wconf 95' lang='lat' dir='ltr'> </span> 
     </span>
    </p>
   </div>
  </div>
 </body>
</html>
