4228 5898
474 339 550 472 ’ω
681 379 783 468 on
838 375 1176 467 nonnis
1233 319 1729 463 cursuars'

467 573 696 634 mentorum
731 545 801 631 usu
827 545 1025 644 consistit,
1058 544 1112 625 ita
1144 544 1354 655 praecautio
1389 545 1520 627 omnis
1544 544 1586 626 in
1617 537 1805 630 servanda
1834 564 1906 631 aut

468 657 699 749 restituendi
718 663 904 744 coitione
917 656 1184 760 constituitur,
1198 685 1281 767 quae
1302 653 1421 741 debet
1441 654 1635 771 praecipue
1653 659 1696 741 in
1717 683 1768 742 eo
1788 659 1901 766 stare,

468 803 515 862 ut
536 775 720 858 alimenta
744 773 874 874 levia,
906 771 1131 878 euchyma,
1163 797 1246 852 non
1279 771 1452 874 austera,
1483 797 1567 852 non
1597 773 1792 910 styptica,
1825 798 1903 855 nec

470 889 648 972 densiora
670 882 949 979 adhibeantur3
976 878 1079 964 teile
1107 908 1158 963 uc
1181 880 1396 964 admodirm
1416 883 1470 964 G.
1500 879 1638 966 Harris
1658 913 1680 964 a
1702 885 1798 967 vino
1815 881 1901 967 abs-

468 1004 596 1086 tinere
619 995 729 1105 jubet
759 995 969 1078 infantium
995 910 1141 1076 tenella
1166 1023 1366 1108 corpora,
1393 992 1490 1078 licet
1521 999 1630 1078 enim
1656 997 1904 1085 stomachum

469 1115 601 1198 firmet
629 1134 746 1218 atque
776 1104 968 1212 roboret,
989 1103 1090 1190 illud
1116 1106 1218 1190 acidi
1254 1133 1386 1190 tamen
1415 1113 1456 1190 bt
1484 1105 1710 1193 acescentiae
1746 1109 1903 1223 praser-

470 1229 543 1312 tim
566 1222 835 1307 fermentantis
861 1245 974 1302 notas
1002 1223 1133 1302 inurit.
1165 1219 1365 1302 Exercitia
1394 1217 1513 1304 levia·
1528 1217 1597 1303 illa
1607 1280 1624 1327 ,
1652 1249 1728 1306 nec
1757 1221 1901 1310 diutius

470 1337 664 1454 protraeta
675 1397 690 1439 ,
717 1331 784 1416 sed
808 1359 853 1416 ut
876 1331 952 1414 fert
970 1357 1086 1437 actas,
1114 1329 1196 1414 fere
1216 1335 1409 1446 perpetuo
1432 1360 1621 1417 renovata
1645 1336 1902 1420 mommsan-

470 1451 600 1564 guinis
617 1444 859 1550 accelerant,
875 1446 1177 1555 harentiamque
1190 1443 1357 1559 lymphae
1375 1476 1450 1561 prae
1478 1444 1628 1529 ediunt.
1639 1446 1716 1531 His
1732 1475 1775 1531 tu
1795 1449 1902 1556 fide,

470 1571 514 1650 ot
535 1587 712 1646 naturam
741 1557 930 1668 sequere,
953 1559 1313 1667 institutionemque
1332 1477 1524 1672 puerilrim
1548 1557 1707 1668 qualem
1730 1560 1767 1650 J.
1783 1562 1903 1648 Loke

468 1677 511 1758 in
529 1669 734 1758 Medicina
758 1674 886 1785 gravis
904 1673 1064 1775 auiior,
1085 1671 1126 1754 in
1145 1667 1415 1784 Metaphysrci
1433 1671 1673 1782 graviffrmus
1692 1702 1914 1760 commem,

471 1787 566 1893 dat,
595 1787 760 1870 institue.
799 1785 951 1867 Omnia
982 1785 1089 1867 enim
1124 1786 1165 1866 in
1199 1780 1268 1866 illa
1303 1785 1543 1866 institutione
1568 1785 1622 1866 ita
1651 1813 1672 1866 a
1698 1811 1829 1868 tantur
1860 1796 1904 1872 bc

470 1901 757 2016 disponuntur,
787 1923 831 1980 ut
858 1923 954 2010 puer
980 1904 1020 1980 de
1046 1897 1173 1980 minius
1197 1896 1246 1980 ad
1266 1921 1444 1979 externas
1466 1815 1726 2009 suscipiendas
1743 1901 1904 2012 impres-

470 2015 597 2100 fiones
628 2007 770 2094 habilis
797 2008 937 2096 evadat
951 2071 964 2113 ,
992 2018 1034 2092 bt
1048 2071 1061 2113 ,
1092 2035 1136 2091 ut
1161 2015 1215 2092 ita
1240 2009 1398 2113 dicam,
1429 2006 1674 2116 indurescat,
1710 2008 1903 2125 sumulque

472 2129 607 2210 omnia
624 2153 771 2238 organa
790 2119 896 2207 belle
915 2120 981 2204 dis
1002 2147 1168 2206 oriantur
1179 2185 1193 2228 ,
1215 2123 1328 2204 firma
1348 2124 1445 2205 stent
1470 2129 1512 2204 ὃ(
1527 2122 1769 2206 inconcuila.

528 2238 625 2321 Mos
648 2264 781 2321 tamen
803 2265 930 2321 novus
952 2151 999 2316 ab
1030 2232 1175 2347 Anglii
1199 2233 1381 2318 advetius
1409 2233 1510 2348 apud
1538 2232 1731 2349 plurimos
1756 2237 1903 2322 nostra·

471 2378 557 2436 tum
577 2346 744 2434 invaluit
767 2379 875 2459 quc,
902 2350 1153 2457 antiquorum
1182 2343 1387 2430 Celtarum
1415 2349 1661 2453 imitatores,
1691 2345 1791 2460 aquai
1813 2379 1902 2466 per-

472 2460 613 2577 frigida
642 2463 808 2546 infantes
840 2463 959 2548 etiam
985 2457 1172 2544 latientes
1197 2458 1405 2545 abluimus.
1440 2457 1608 2546 Scilicet
1630 2461 1725 2545 dum
1753 2464 1902 2577 frigore

472 2607 579 2687 aquae
617 2572 839 2690 perculsum
867 2601 1013 2687 corpus
1046 2599 1186 2658 tonum
1216 2570 1405 2679 majorem
1436 2575 1616 2687 concipit
1629 2635 1642 2678 ,
1668 2577 1904 2687 stringuntur

474 2694 576 2775 cutis
598 2687 713 2793 vasa,
737 2684 908 2797 sequitur
938 2685 1074 2792 calor,
1099 2695 1168 2793 bt,
1190 2686 1356 2769 discuffo
1378 2686 1551 2798 frigore,
1574 2681 1698 2793 major
1719 2687 1903 2802 perspira-

473 2807 546 2888 tio.
575 2798 669 2912 Qui
689 2801 849 2909 quidem
877 2799 1072 2886 methodo
1103 2801 1152 2883 ad
1174 2799 1304 2884 sanam
1334 2799 1560 2886 servandam
1582 2802 1705 2884 cutim
1728 2798 1827 2888 nihil
1845 2805 1902 2887 est

474 2917 699 3013 efficacium
723 2913 895 2998 sednon
923 2917 1002 2996 fine
1035 2911 1189 2996 cautela
1219 2915 1323 2997 hanc
1350 2913 1428 2998 etse
1452 2912 1721 3028 accipiendam
1746 2917 1905 3014 metho-

475 3029 571 3112 dum
588 3031 688 3110 ratio
711 3024 799 3110 satis
819 3027 979 3111 indicat.
1000 3024 1166 3110 Scilicet
1191 3023 1424 3109 morborum
1448 3027 1551 3110 intirs
1574 3028 1816 3112 nascentium
1832 3027 1927 3115 de·'

454 3145 628 3256 'putatio
661 3167 731 3252 per
762 3141 884 3222 cutim
924 3136 1152 3249 quotidiani
1179 3167 1286 3248 aquae
1310 3138 1460 3252 frigidae
1487 3139 1675 3224 affirstone
1698 3141 1902 3255 praepediri

472 3257 622 3370 potest3
649 3251 856 3363 adeoque,
879 3249 1129 3360 srantequbm
1149 3253 1243 3335 huic
1259 3255 1367 3364 praxi
1382 3279 1527 3367 pueros
1548 3249 1826 3360 subjiciamus,
1845 3256 1903 3340 se·

473 3371 581 3452 mina
603 3365 787 3452 latuerint
811 3362 1045 3448 morborum
1079 3363 1329 3477 depuranda,
1365 3367 1490 3480 potest
1523 3366 1618 3450 huie
1654 3363 1903 3482 depurationi

473 3483 602 3596 praxis
629 3477 730 3564 bene
754 3479 944 3584 instituta,
967 3474 1070 3560 male
1098 3477 1279 3582 admota,
1301 3505 1449 3562 nocere
1472 3476 1700 3564 admodum.

531 3593 577 3678 Si
606 3594 671 3681 cui
694 3588 918 3705 srmplicitas
949 3585 1075 3673 nostra
1096 3591 1383 3674 indicationum
1402 3621 1485 3674 non
1510 3590 1702 3700 arriserit,
1725 3594 1765 3676 in
1796 3623 1904 3679 mor·-

474 3700 536 3790 bis
568 3711 636 3817 qui
660 3705 773 3788 foedo
799 3703 896 3818 saepe
922 3701 1146 3818 spedaeulo
1183 3699 1249 3796 vel
1276 3702 1380 3817 ipsos
1412 3731 1591 3819 parentes
1623 3707 1792 3792 horrore
1819 3708 1904 3792 affi-

474 3821 614 3928 ciunt,
648 3817 769 3903 velim
803 3815 918 3900 illum
952 3820 1134 3900 attentius
1164 3817 1405 3931 perpendere
1426 3820 1474 3902 iis
1506 3822 1656 3900 tantiam
1681 3819 1732 3904 de
1752 3819 1904 3906 morbis

473 3933 565 4042 agi,
589 3929 720 4043 quibl
748 3932 872 4045 mphae
892 3929 1149 4044 deputatione
1164 3928 1359 4043 pendent,
1377 3958 1459 4040 qua
1477 3933 1699 4016 nutritionis
1717 3935 1900 4048 proxima

473 4049 654 4131 materies
693 3963 745 4128 ab
774 4041 1052 4128 alimentorum
1076 4042 1175 4148 usu,
1200 4067 1244 4124 ut
1281 4045 1467 4158 origine,
1503 4045 1557 4127 ita
1595 4045 1901 4160 proprietatibus

478 4159 645 4242 omninb
666 4160 877 4270 repetenda
898 4159 973 4264 est,
989 4153 1095 4240 unde
1110 4153 1158 4238 ab
1173 4156 1220 4238 iis
1238 4155 1407 4270 petenda
1425 4155 1503 4240 effe
1526 4159 1722 4266 remedia,
1743 4187 1787 4246 ut
1801 4163 1903 4246 ratio

473 4265 630 4374 suadet,
650 4270 704 4352 ita
726 4273 966 4382 experientia
991 4272 1132 4354 firmat.
1161 4267 1271 4382 Saepe
1295 4269 1514 4355 foediffimis
1533 4274 1633 4356 cutis
1665 4273 1770 4358 vitiis
1792 4273 1905 4358 sana-

435 4437 450 4448 ·
471 4409 560 4464 mus
585 4379 752 4465 infantes
767 4443 780 4484 ,
797 4383 891 4465 dium
912 4388 1093 4471 materies
1115 4380 1394 4469 alimentorum
1420 4386 1474 4468 ita
1494 4411 1690 4493 mutatur,
1706 4409 1750 4468 ut
1771 4387 1905 4472 neesi-

470 4491 572 4582 sario
600 4493 793 4606 sanguinis
819 4500 861 4577 ὅ(
887 4497 1100 4582 humorum
1128 4497 1257 4582 forma
1285 4500 1406 4582 etiam
1432 4500 1676 4582 immutetur.
1710 4498 1780 4582 Sic
1802 4499 1903 4617 sape

471 4602 613 4718 quibus
643 4605 790 4718 largior
816 4605 1041 4692 animalium
1076 4609 1259 4696 ciborum
1284 4610 1375 4696 usus
1400 4607 1717 4720 concedebatur,
1745 4611 1904 4700 sanatos

467 4715 639 4806 vidimus
658 4717 766 4803 dirm-
782 4724 840 4805 uti
863 4747 914 4806 ve
942 4721 1134 4810 etantibus
1166 4723 1458 4842 prascripfimus
1484 4733 1526 4808 bt
1548 4725 1902 4842 Pythagoreorum

468 4857 582 4918 more
597 4827 782 4920 omnbus
802 4751 1073 4924 interdiximus
1088 4867 1171 4950 qua
1185 4843 1308 4930 vitam
1322 4845 1365 4926 δι
1384 4837 1688 4926 circulationem
1701 4839 1900 4957 sanguinis
