4226 5916
687 421 1157 544 cuTANnrs
1543 451 1629 540 um

187 591 504 709 'diaphoreticam
524 599 726 708 obtinent,
748 605 775 685 li
795 600 987 716 pracipub
1011 593 1464 712 sulphurimisceantnr,
1483 593 1624 684 locum

188 708 259 790 hic
268 712 446 821 invenire
462 715 629 826 poliunt.
649 716 748 798 Haec
761 714 920 798 testaldi
934 713 1017 798 dost
1026 773 1039 818 ,
1052 713 1139 794 serb
1154 709 1345 826 precipue
1360 719 1402 794 br
1419 709 1508 796 ante
1524 711 1623 795 som·

188 849 314 928 num,
347 825 540 910 alimentis
568 831 702 942 paucis
732 832 854 912 mixta
885 825 1154 910 adhibeantur.
1186 819 1339 906 Interea
1362 819 1459 908 v'erb
1486 829 1623 940 topica

186 934 336 1019 auxilia
354 941 407 1022 ita
432 939 679 1026 admovenda
704 941 812 1049 sunt,
842 965 893 1024 ne
918 943 1132 1048 humorum
1155 953 1345 1050 perpetuo
1367 965 1436 1052 per
1455 941 1623 1037 achoras

187 1046 315 1133 fluxui
331 1051 483 1137 obstent
494 1117 508 1160 ,
536 1081 575 1138 at
596 1052 735 1139 contris
756 1057 906 1138 fluxum
925 1057 1032 1136 hunc
1053 1077 1292 1166 promovere
1313 1075 1457 1160 queant
1476 1084 1488 1152 ;
1514 1052 1622 1136 unde

188 1166 327 1248 omnia
347 1193 396 1248 ex
412 1164 577 1281 plumbo
597 1169 779 1253 confecta
799 1167 1001 1282 emplastra
1015 1164 1220 1280 repudiare
1233 1165 1287 1246 est
1304 1165 1477 1269 animus,
1500 1167 1622 1274 srqui·
1701 1255 1703 1262 ,

189 1272 576 1386 dem,··quantirmvis
597 1281 709 1388 hujus
724 1281 904 1366 methodi
918 1283 1095 1363 sudores
1111 1275 1222 1359 aliter
1237 1277 1423 1382 sentiant,
1445 1283 1485 1358 ὃ(
1502 1277 1622 1360 resol-
1730 1291 1731 1296 '
1849 1290 1856 1303 ’

188 1393 299 1471 venti
319 1394 463 1476 virtute
485 1393 679 1478 saturnina
695 1393 763 1480 illa
781 1399 991 1510 pharmaca
1016 1391 1228 1507 praedicent
1238 1453 1253 1496 ,
1279 1387 1510 1502 repellentia
1534 1389 1621 1476 sunt

189 1524 345 1609 tamen,
365 1512 407 1588 dr
417 1507 500 1590 vidi
515 1509 623 1594 hisce
633 1508 844 1626 emplastris
859 1507 1028 1592 admotis
1042 1527 1194 1622 partem
1207 1506 1389 1586 humoris
1400 1507 1441 1585 in
1453 1501 1621 1611 faciem,

189 1642 340 1727 partem
369 1617 485 1701 aliam
513 1624 554 1703 in
581 1623 731 1708 viscera
757 1623 860 1705 ferri.
899 1622 993 1703 Nec
1029 1615 1325 1700 mercurialibus
1356 1616 1590 1700 credderim
1603 1669 1621 1723 ,-

191 1727 332 1835 quibus
366 1729 643 1821 convulsrones
678 1738 879 1820 accersrtas
912 1731 1008 1818 uidi.
1049 1731 1231 1813 Sufficiet
1266 1729 1373 1842 certe
1407 1728 1621 1844 applicatio

189 1839 381 1926 foliorum
407 1845 663 1932 humidorum
693 1847 813 1954 betae,
840 1846 1023 1950 lassum,
1054 1851 1096 1927 dt
1124 1845 1151 1924 sr
1178 1842 1325 1953 aliquid
1352 1846 1454 1927 iners
1481 1853 1523 1927 ὃ(
1549 1847 1624 1928 sta-

190 1983 314 2148 {fmus
329 1958 498 2066 haeserit,
519 1962 672 2045 hedera
691 1959 861 2066 arboreae
878 1957 1074 2071 foliaque
1094 1955 1241 2066 aliquid
1256 1955 1622 2043 corrosrvihabene

236 2074 302 2152 bm
321 2074 419 2154 verb
445 2100 571 2184 partes
593 2075 801 2158 foveantur
827 2071 979 2158 lenibus
1000 2067 1312 2174 resolventibus,
1333 2093 1377 2152 ut
1399 2069 1498 2180 aqui
1513 2069 1625 2154 'mel-

190 2177 260 2264 liti
279 2181 420 2268 leviter
434 2184 551 2293 salsa,
572 2187 620 2271 ad
636 2191 887 2298 antiquorum
903 2211 1098 2290 mentem,
1124 2182 1294 2266 decosio
1308 2182 1500 2266 soliorum
1513 2212 1625 2267 vero·

189 2297 289 2377 nicae
301 2358 315 2400 ,
341 2297 493 2380 hederae
512 2305 717 2406 terrestris,
742 2303 888 2384 florum
913 2297 1116 2402 sambuci,
1139 2321 1205 2378 aut
1224 2297 1252 2378 st
1269 2296 1454 2409 copiosus
1478 2298 1625 2381 humor

188 2408 389 2491 effluxerit
397 2469 411 2513 ,
429 2413 482 2490 ita
500 2437 544 2492 ut
561 2413 653 2495 inde
670 2439 736 2494 aut
751 2411 929 2496 debilitas
947 2408 1111 2513 offibus,
1132 2433 1199 2490 aut
1213 2407 1399 2490 damnum
1413 2410 1627 2495 metuenda

187 2522 286 2625 srnt,
308 2549 409 2628 aqua
430 2521 553 2606 calcis
574 2523 743 2608 secunda
763 2523 873 2607 melli
897 2527 1061 2606 remixra
1080 2521 1278 2604 sufficiet:
1306 2519 1401 2604 licet
1421 2523 1626 2606 fatendum

190 2633 238 2716 stt
268 2631 406 2716 adstrin
436 2638 542 2718 entia
578 2636 764 2721 detersrva
796 2634 845 2719 ab
881 2634 1065 2719 omnibus
1093 2630 1367 2718 vetustioribus
1402 2634 1626 2719 sudoribus

190 2745 291 2828 mire
317 2663 538 2858 predicari,
561 2748 702 2859 quibus
726 2753 767 2832 in
791 2747 866 2832 hac
891 2747 1001 2862 parte
1027 2743 1148 2831 fidem
1170 2746 1335 2858 derogat
1362 2749 1626 2860 experientia,
1687 2839 1690 2846 ¹

191 2883 268 3056 ples
291 2857 515 3056 melligere
542 2864 630 2947 smit
654 2860 730 2974 quit
756 2865 910 2947 ratione
934 2864 1000 2945 ista
1026 2859 1130 2974 apud
1156 2859 1260 2978 ipsos
1290 2857 1464 2972 succellu
1491 2856 1628 2976 aliquo

222 2995 339 3054 onata
410 3000 523 3059 ertnt.
828 3003 831 3010 ’
1220 2995 1224 3006 ’
1288 2991 1294 3002 ’
1555 3027 1560 3036 ›

542 3199 1275 3285 ARTICULUSIIL
1378 3195 1413 3312 s

495 3370 501 3380 -
625 3410 694 3496 De
719 3377 943 3500 Laetitiae
967 3409 1163 3498 Monadi.

250 3635 315 3720 Ad
339 3637 503 3734 achoras
526 3663 643 3748 atque
667 3638 779 3726 favos
800 3637 1103 3750 reserum-quod
1125 3664 1175 3721 ex
1199 3634 1415 3720 vernaculfi
1435 3634 1628 3748 loquendi

192 3747 365 3847 formulis
395 3747 591 3834 laetamen
615 3757 777 3837 vocavit
805 3751 842 3841 J.
872 3751 1087 3837 Manardns
1119 3756 1180 3857 (a)
1191 3759 1207 3858 ᾖ
1240 3757 1282 3834 dt
1298 3747 1504 3864 strpatlrum
1527 3755 1629 3836 Avi·

194 3889 341 3946 cennas
359 3863 423 3965 (b).
442 3861 633 3968 Ulcerum
648 3893 772 3978 genus
784 3867 908 3950 statim
921 3863 969 3948 ab
981 3867 1097 3950 initio
1112 3867 1199 3949 vitae
1212 3865 1389 3946 exoritur
1403 3923 1415 3964 ,
1430 3888 1497 3946 aut
1507 3862 1628 3976 paulis

192 3979 280 4090 post
307 3979 493 4082 initium,
530 3984 572 4060 br
607 3981 749 4091 partim
779 3977 1026 4082 crustulum,
1060 3980 1200 4094 partim
1232 3974 1458 4060 ulcerosum
1496 4000 1629 4060 totum

196 4118 343 4202 corpus
361 4089 600 4176 dehonestat.
626 4089 727 4175 Hac
745 4094 840 4176 vitia
856 4088 904 4176 ab
924 4093 1150 4207 impuritate
1170 4088 1276 4174 lastis
1296 4113 1383 4170 orta
1401 4086 1628 4188 creduntur.

132 4272 138 4287 .
195 4202 253 4284 At
275 4205 475 4314 impuritas
502 4201 571 4286 illa
598 4201 723 4318 vulgb
748 4201 773 4288 ὲ
797 4205 1003 4318 stagnantis
1033 4202 1115 4309 ejus
1142 4197 1261 4286 nimii
1289 4196 1407 4314 copil
1427 4199 1477 4284 ad
1494 4205 1628 4287 cutim

196 4315 367 4398 haerente
400 4317 524 4399 oritur
537 4377 552 4423 ,
585 4324 626 4400 dr
655 4319 697 4399 in
728 4322 970 4436 pauperioris
1001 4317 1116 4402 sortis
1149 4310 1361 4400 infantibus
1398 4310 1627 4401 obseruatus

225 4425 402 4541 racipud.
431 4428 538 4518 Nam
567 4428 701 4512 sordes
726 4428 922 4515 infantiles
947 4429 1088 4542 lasleae3
1107 4429 1197 4515 sunt
1218 4439 1334 4538 'atque
1349 4424 1553 4536 acidula,
1583 4427 1626 4514 in

191 4457 320 4624 lemae
347 4537 540 4626 tolluntur
575 4549 617 4626 bt
647 4541 932 4656 epidermidem
960 4545 1024 4630 ebr
1039 4539 1192 4631 sacilibs
1223 4537 1246 4624 ὲ
1275 4564 1367 4623 cute
1392 4535 1624 4656 sejungunt,

194 4653 306 4763 qubd
326 4652 410 4766 ipsa
430 4675 555 4740 terrea
575 4654 783 4770 epidermis
809 4655 932 4742 acidis
954 4653 1072 4742 facile
1102 4659 1281 4762 uniatur,
1304 4653 1523 4764 srcquesua
1538 4658 1627 4742 vin⁴

235 4815 975 4932 (arillanardsspist.Medicin,rrb‚7,13p,2,
1310 4921 1313 4928 .
1424 4867 1429 4876 .
1480 4883 1482 4890 Α

231 4921 590 5009 (ἣδοῐιώῃΐιιη
878 4933 881 4944 ’
930 4942 974 4968 π
1021 4923 1204 4972 anuline
1241 4925 1326 4970 mr..
1399 4941 1404 4966 ι
1615 4918 1620 4945 ⁹

1326 4927 1459 5098 ait*
