4188 5916
509 341 517 348 ’
637 387 697 479 c
725 393 762 484 u
791 393 1033 481 Tru-t
1061 393 1087 478 1·
1109 395 1158 482 s.
1522 433 1623 510 sss·

188 559 323 676 sepita
337 553 380 642 irl
392 553 537 644 adultis
550 575 720 669 uterque
737 554 927 666 morbus,
944 559 1029 642 tbm
1045 555 1365 671 proprer'aslum,
1379 552 1587 672 regionum
1602 628 1617 672 ,

188 676 275 758 tbm
287 697 448 786 propter
461 664 718 758 aesimoniam
737 672 915 756 humoris
934 668 1175 768 salacitatem
1187 669 1434 777 inducentis,
1452 675 1622 800 compli-
1670 723 1673 730 ·

186 789 326 890 cetur,
338 809 457 894 atque
475 785 813 892 consecrassent
827 781 934 867 certe
947 783 974 864 st
987 779 1149 866 morbus
1161 776 1323 894 simplex
1334 786 1619 895 consideretur,

189 895 465 1010 &descriptio
490 896 646 982 aenum
669 889 1038 1006 Edimburgensrum
1064 923 1158 978 cum
1182 892 1305 978 deseri
1335 898 1445 982 tione
1468 897 1620 990 levitici

188 1009 417 1092 conseratur
425 1070 438 1114 ,
457 1011 599 1090 mirum
615 1010 668 1094 esi
682 1017 898 1118 quantbm2
912 1007 990 1092 srve
1006 1004 1052 1090 as
1072 1010 1158 1090 estu
1167 1067 1182 1112 ‚
1199 1007 1277 1094 sive
1295 923 1619 1122 simptomatibus

188 1146 430 1206 concurrant
452 1118 560 1232 lepra
591 1117 855 1206 Hebraeorum
885 1145 1003 1228 atque
1081 1120 1317 1206 uineenstum
1339 1117 1446 1235 lepra
1478 1153 1562 1234 quae
1597 1125 1636 1210 fa·

187 1237 341 1348 nigritia
365 1237 407 1317 in
427 1227 569 1318 insulas
589 1234 844 1321 Americanas
869 1232 1028 1316 adveila
1052 1234 1104 1314 est
1125 1266 1133 1314 :
1158 1261 1382 1342 quanquam
1408 1238 1526 1324 etiam
1553 1237 1620 1322 sua

187 1350 347 1456 utrique
362 1344 580 1430 differentia
593 1344 832 1452 intercedat,
857 1348 950 1428 ciam
971 1343 1351 1432 Guineenstsmultb
1368 1351 1491 1460 magis
1512 1346 1621 1439 ulce-

187 1457 278 1544 rosa
296 1459 341 1542 stt
358 1453 475 1572 quam
496 1455 677 1546 Hebraea.
1594 1515 1599 1526 ,

244 1574 480 1681 Anonymus
499 1575 635 1658 audior
653 1565 723 1654 ille
740 1572 807 1681 qui
825 1571 1107 1654 humanitatem
1127 1566 1196 1652 srbi
1218 1567 1416 1657 beneficio
1438 1574 1621 1686 incogni-

188 1707 253 1768 tus
270 1682 447 1768 deviutsrt
468 1709 545 1770 tres
562 1686 604 1765 in
629 1686 834 1768 curatione
853 1679 983 1766 morbi
1011 1706 1129 1791 quem
1158 1680 1450 1795 depuratorium
1476 1711 1618 1789 vocat,

188 1795 377 1910 periodos
392 1795 588 1894 distinxit3
608 1798 775 1909 primam
787 1797 828 1881 in
845 1791 921 1905 qud
934 1819 1144 1905 erumpunt
1155 1791 1311 1906 pustula
1319 1857 1334 1900 ,
1355 1795 1514 1880 alteram
1535 1797 1621 1910 pus-

184 1905 359 1992 tularum
384 1933 620 1996 maturarum
632 1959 650 2012 ‚·
670 1910 824 1992 tertiam
844 1903 921 2017 quai
943 1903 1074 1992 morbi
1098 1903 1280 2016 reliquias
1304 1903 1325 1988 h
1347 1934 1461 2021 tergo
1485 1909 1619 2024 prose-

189 2023 384 2130 quitur&
407 2019 621 2108 recidivam
644 2044 845 2134 praecavet.
1507 2063 1508 2068 Ν

245 2133 293 2220 In
307 2131 430 2245 prima
442 2133 609 2247 periodo
627 2129 765 2218 locum
780 2129 886 2216 malo
901 2130 1108 2244 relinquit,
1123 2157 1167 2214 ut
1178 2131 1322 2216 seratur
1337 2132 1383 2220 ad
1399 2137 1617 2244 exteriora,

188 2251 233 2330 bt
261 2247 302 2332 in
326 2249 427 2330 cutis
452 2243 614 2331 cellulas
628 2244 834 2332 deseviens
849 2243 905 2328 ibi
960 2243 1180 2348 tendehat,
1211 2273 1286 2328 nec
1311 2245 1416 2330 aliud
1438 2273 1489 2332 co
1517 2273 1618 2332 tem-

191 2383 290 2470 pore
316 2356 532 2444 temedium
562 2358 697 2444 suadet
752 2382 860 2442 taeter
885 2275 1025 2441 bolum
1052 2354 1074 2437 ὲ
1102 2353 1264 2442 floribus
1294 2357 1484 2470 sulphuris
1508 2359 1618 2442 scru-

190 2467 288 2582 pulo
306 2497 387 2554 uno
397 2529 410 2572 ‚
427 2472 647 2598 camphora
660 2385 749 2552 ian

191 2588 232 2666 bt
251 2581 396 2693 syrupo
413 2608 540 2664 crocr.
560 2579 634 2663 Per
655 2578 739 2664 dies
760 2577 818 2664 bis
839 2606 905 2664 aut
918 2605 977 2664 ter
990 2579 1172 2692 septenos
1193 2583 1274 2663 hoc
1296 2581 1510 2668 remedium
1531 2585 1618 2674 scrb

189 2695 327 2799 iterat,
351 2691 482 2778 donec
498 2689 656 2806 pustulis
675 2687 753 2796 jam
774 2688 875 2774 benc
896 2695 1081 2796 maturis,
1096 2689 1268 2776 adusum
1288 2696 1471 2776 mercurii
1492 2693 1619 2779 dulcis

191 2809 247 2890 ita
266 2803 480 2920 procedat,
498 2828 544 2890 ut
554 2802 652 2888 ¹inde
668 2801 767 2888 lenis
784 2799 959 2886 salivario
980 2806 1126 2886 oriatur
1138 2831 1255 2914 quam
1275 2802 1333 2888 bis
1349 2802 1414 2893 vel
1433 2831 1492 2888 ter
1510 2834 1620 3002 repe·

190 2915 262 3000 titi
277 2949 317 3001 v.
337 2945 547 3029 granorum
568 2912 681 3020 hujus
700 2915 783 2998 dost
800 2917 853 2998 ita
872 2913 1026 3027 dirigit,
1045 2941 1091 3000 ut
1104 2943 1303 3024 nunquam
1322 2914 1498 3002 salivatio
1519 2951 1541 3002 u
1562 2919 1619 3008 trit

185 3028 309 3116 ¹libras
320 3027 444 3114 saliva
457 3028 550 3114 duas
565 3026 847 3142 progrediatur.
861 3023 951 3112 Hac
964 3024 1085 3110 semel
1095 3025 1594 3117 constitutillwitbfluente
1601 3095 1617 3138 ,

192 3169 333 3230 omines
344 3203 357 3246 ,
375 3167 647 3250 quotcumque
661 3137 819 3244 adsunt,
839 3138 908 3226 fun
940 3141 951 3220 i
972 3141 1164 3224 siccantur
1178 3142 1219 3221 in
1231 3139 1449 3251 squammas
1461 3141 1619 3230 furfura-

189 3282 282 3338 ceas
302 3252 416 3336 duras
432 3279 552 3367 atque
568 3253 691 3340 aridas
705 3251 787 3338 visu
812 3169 1033 3338 horribiles.
1059 3250 1134 3336 Hae
1158 3251 1365 3362 squamma
1388 3257 1429 3338 in
1451 3253 1618 3342 furfures

191 3363 335 3452 deinde
354 3372 396 3454 bt
414 3361 537 3449 lemae
564 3363 734 3469 abeunt,
751 3371 793 3448 ὅ(
813 3359 912 3448 intri
933 3362 1073 3448 decem
1082 3425 1096 3469 ,
1114 3389 1181 3449 aut
1197 3362 1413 3449 duodecim
1432 3369 1618 3454 horarum

192 3479 357 3591 spatium
389 3481 489 3564 cutis
521 3477 643 3560 nitida
672 3475 777 3564 resur
805 3480 847 3560 it.
887 3475 1080 3564 Mercurii
1109 3473 1235 3562 dulcis
1265 3475 1377 3562 usum
1408 3506 1451 3560 re
1479 3482 1619 3565 etitum

191 3593 233 3672 in
249 3587 475 3679 hominibus
489 3591 570 3672 hoc
585 3585 729 3672 morbo
747 3506 891 3676 sienis
904 3587 954 3672 ad
969 3585 1314 3673 San-Maelovium
1334 3617 1432 3704 appe
1464 3589 1618 3677 entibus

196 3731 290 3786 cum
310 3700 455 3788 eodem
478 3700 654 3790 successu
678 3695 856 3782 adhibuit
878 3697 945 3782 Cl.
964 3697 1128 3806 Maffey.
1409 3787 1413 3794 ,

183 3885 187 3894 .
238 3813 288 3896 In
311 3809 422 3898 tertii
445 3811 611 3925 periodo
636 3807 834 3896 electuarii
860 3809 970 3896 usum
992 3809 1127 3894 suadet
1150 3837 1199 3896 ex
1222 3816 1400 3928 ethiopia
1422 3813 1625 3913 mineralis,

193 3955 289 4028 unc.
315 3924 392 4011 und
420 3931 460 4006 bt
489 3924 612 4026 semi,
640 3949 691 4010 ex
712 3925 863 4035 gummi
885 3924 1038 4036 guaiaci
1069 3953 1162 4036 unc.
1191 3924 1312 4030 semi,
1346 3928 1539 4013 theriacen
1575 3933 1616 4010 bt

201 4036 380 4124 confert.
405 4035 522 4123 rosar.
549 4034 653 4126 rubr.
676 4035 713 4130 2⁹3
736 4064 828 4121 unc.
852 4030 894 4142 j,
925 4033 1005 4122 olei
1029 4034 1196 4128 sallafras
1224 4062 1353 4148 guttas
1377 4065 1403 4118 x
1419 4067 1444 4118 x
1468 4036 1616 4149 &sq

191 4149 279 4258 syru
310 4151 324 4230 i
357 4152 481 4238 croci.
513 4145 643 4252 Hujus
670 4149 875 4263 drachmas
901 4146 996 4234 duas
1021 4175 1137 4234 mane
1163 4155 1203 4230 bt
1232 4145 1380 4258 vesperi
1411 4147 1616 4236 sumendas

193 4260 261 4344 sua
290 4287 352 4364 et,
371 4260 555 4371 additque
569 4267 758 4374 propotu
774 4258 940 4346 decocta
953 4261 1107 4370 guaiaci
1127 4265 1168 4340 bt
1184 4255 1350 4342 sallasras
1364 4287 1455 4344 cum
1474 4260 1618 4377 syrupo

193 4371 218 4456 ὲ
235 4371 422 4458 saccharo
439 4371 552 4462 srmul
566 4372 808 4463 fermentata.
830 4368 959 4472 Hujus
974 4372 1079 4452 euim
1096 4372 1137 4452 in
1152 4370 1233 4451 hoc
1250 4367 1474 4460 adhibendo
1491 4403 1618 4462 reme-

193 4484 264 4568 dio
279 4487 446 4579 intentio
459 4488 591 4590 est,ut
605 4487 739 4576 omnia
750 4507 1007 4591 quacumque
1018 4481 1112 4564 vasis
1127 4485 1300 4568 cutaneis
1314 4482 1621 4574 immorabantur

195 4594 372 4696 sotdium
395 4623 537 4709 genera
552 4624 620 4710 per
640 4595 820 4683 sudorem
839 4590 1066 4679 liberiorem
1092 4593 1272 4699 effluant,
1297 4604 1340 4684 bt
1356 4599 1485 4682 cutim
1505 4599 1618 4711 praes-
1713 4651 1715 4655 -

195 4734 281 4791 tent
301 4738 382 4791 non
404 4711 592 4804 nitentem
609 4706 759 4814 solium,
782 4704 905 4790 sed&
925 4702 1142 4790 solidatam.
1160 4705 1286 4816 Qubd
1306 4708 1334 4790 st
1354 4708 1497 4822 fungus
1515 4709 1618 4792 cras-

196 4819 273 4904 sror
302 4828 342 4902 bt
372 4821 618 4934 pervicacior
650 4820 837 4938 superfit,
869 4815 1048 4903 absoluti
1077 4846 1146 4934 per
1180 4823 1415 4907 mercurium
1451 4819 1620 4902 aliorum

199 4935 382 5024 omnium
393 4930 593 5018 sanauone
605 4957 700 5020 tunc
715 4931 1022 5020 escharroticum
1036 4931 1163 5048 fungo
1178 4931 1448 5022 consumendo
1464 4927 1624 5024 adhibet

730 2498 767 2578 p.
783 2470 865 2551 vini
887 2466 1021 2554 solutae
1038 2497 1096 2580 gr.
1115 2496 1163 2571 v,
1179 2469 1370 2558 theriaces
1385 2469 1560 2558 drachm.
1579 2469 1616 2580 j,
1719 2495 1741 2509 ²
