4250 5898
691 443 1178 584 ooTANEIa
1408 394 1412 404 ⁸
1569 465 1660 573 3&

214 611 361 702 Parcus
378 607 611 704 utvolsellis
628 614 901 732 comprehensi
920 609 1086 702 omnino
1109 617 1358 733 abripiantur.
1385 613 1504 707 Hane
1526 615 1647 712 etiam

219 729 328 813 suasit
358 736 603 814 curationem
628 730 811 816 Borellus
837 739 900 836 (a)
928 757 1110 846 expertus
1134 735 1175 815 in
1201 760 1390 844 germano
1420 736 1492 820 suo'
1515 739 1647 828 fratre.

218 844 293 948 At,
314 839 453 926 evulsis
468 842 567 948 illis,
585 871 635 926 ne
649 844 835 957 supersint
852 843 971 928 ovula
983 875 1067 954 qua
1080 843 1228 928 malum
1242 841 1483 968 ingeminare
1503 853 1647 964 possint

217 955 356 1068 magni
384 953 477 1038 curi
496 952 794 1067 invigilandum.
822 957 920 1040 Inda
943 960 1049 1042 varia
1065 960 1303 1071 epithemata
1328 955 1350 1040 *a
1370 964 1485 1044 variis
1510 959 1650 1050 audio«

214 1064 322 1150 ribus
344 1067 693 1173 commendantur,
716 1069 819 1152 inter
842 1097 925 1178 quae
949 1073 1097 1153 eminet
1119 1067 1219 1153 illud
1244 1071 1353 1180 quod
1377 1073 1518 1156 stercus
1541 1075 1647 1158 ovil-

214 1175 297 1260 lum
315 1179 373 1282 (b)
395 1179 598 1264 cumoleo
616 1188 658 1263 ὅ(
673 1178 793 1266 melle
807 1183 1010 1265 inunctum
1022 1183 1181 1295 recipit,
1200 1180 1451 1267 similitudine
1462 1183 1484 1268 ὲ
1497 1185 1647 1274 Gracia

216 1289 390 1374 Medicis
420 1292 609 1399 deducta,
644 1297 712 1404 qui
746 1297 888 1377 stercus
914 1290 1109 1378 bovillum
1137 1324 1210 1409 pro
1239 1293 1436 1380 medicini
1464 1296 1647 1384 adversita

213 1431 332 1516 apum
355 1405 529 1488 morsum
553 1401 899 1491 commendabant.
931 1451 933 1456 ·
1621 1487 1646 1526 ‚

195 1601 200 1608 ,
271 1515 393 1600 Certe
420 1517 509 1602 olea
538 1523 681 1630 quaevis
709 1519 758 1602 ad
785 1521 928 1604 inserta
951 1520 1127 1626 necanda
1151 1515 1235 1626 jure
1263 1523 1484 1632 meritoque
1511 1521 1648 1607 admo·

214 1653 376 1734 ventur,
402 1633 502 1714 inter
525 1661 609 1741 quae
634 1631 741 1717 certe
796 1636 940 1718 raestant
964 1633 1054 1718 olea
1076 1632 1145 1716 illa
1166 1663 1249 1743 quae
1270 1663 1320 1720 ex
1341 1633 1482 1750 plantis
1508 1640 1649 1721 amaria

213 1767 334 1851 arque
347 1743 476 1826 fetidis
490 1742 721 1852 eliciuntur,
735 1663 946 1832 erientialia
959 1748 1188 1862 prasertim,
1200 1773 1245 1830 ut
1258 1746 1471 1858 absynthii,
1488 1751 1648 1832 chama·

216 1851 341 1948 meli,
370 1861 567 1962 tanaceti,
596 1886 681 1967 qua
699 1857 844 1942 eximii
866 1862 1084 1972 penetranti
1102 1858 1285 1943 videntur
1308 1862 1453 1943 virtute
1479 1859 1650 1968 donari,

214 1969 286 2050 nist
306 1992 438 2052 tamen
458 1968 577 2052 dolor
598 1969 645 2052 ab
668 1975 900 2084 operatione
910 1971 1100 2084 superstes
1114 1998 1161 2054 ea
1182 1971 1349 2079 preferri
1369 1967 1664 2082 jusseritque„

214 2110 309 2164 cum
332 2083 475 2165 virtute
494 2109 741 2194 penetrante,
765 2087 883 2166 etiam
909 2079 1111 2165 narcotical
1129 2082 1325 2166 donantur
1348 2081 1549 2167 facultate.
1571 2129 1577 2138 x

222 2241 225 2248 ·
272 2194 328 2274 At
359 2194 386 2273 st
414 2197 514 2276 cutis
541 2194 676 2278 durior
704 2196 821 2279 fuerit
837 2257 852 2300 ,
882 2195 1098 2310 nidumque
1127 2191 1438 2277 vermiculorum
1468 2195 1649 2283 consumi

212 2304 393 2409 interfit,
429 2306 618 2390 addantur
645 2307 763 2420 parvi
790 2307 874 2390 doli
897 2337 979 2414 quae
1004 2309 1148 2388 virtute
1173 2305 1418 2389 catharetici
1439 2314 1480 2390 ὃ(
1507 2309 1649 2422 epulo·

210 2413 294 2500 tici
308 2415 502 2498 mediocri
515 2417 731 2522 donantur,
746 2443 791 2499 ut
802 2415 890 2500 sunt
904 2419 1055 2499 cineres
1067 2414 1259 2500 lixiviales
1266 2478 1280 2521 ,
1298 2416 1365 2500 seu
1379 2416 1472 2500 salia
1485 2417 1646 2526 alcalia,

209 2530 544 2646 auripigmentum
561 2533 646 2633 (c),
671 2555 738 2612 aut
751 2525 890 2612 melius
907 2527 1035 2610 adhirc
1051 2527 1198 2612 famosa
1218 2527 1298 2612 alio
1317 2527 1461 2636 titulo,
1484 2529 1551 2616 sed
1572 2562 1647 2647 pro

208 2637 424 2746 voluntate
444 2641 686 2752 mitiganda,
711 2639 858 2746 solutio
886 2642 1071 2743 mercurii
1093 2639 1291 2725 sublimati
1317 2645 1520 2726 corrosrvi.
1546 2643 1649 2728 Inest

210 2755 324 2838 enim
339 2754 537 2837 mercurio
552 2755 612 2837 vis
628 2757 791 2866 cognita
806 2769 960 2838 venn'ea
975 2752 1165 2857 necandi,
1184 2761 1226 2836 ὅ(
1241 2755 1269 2834 st
1286 2753 1418 2838 reverit
1434 2751 1456 2838 a
1473 2753 1648 2868 pilorum

208 2889 326 2951 extra
351 2866 531 2948 ordinem
559 2866 802 2950 nascentium
831 2891 972 2950 exortu
1002 2864 1121 2950 devio
1146 2863 1296 2948 malum
1321 2866 1516 2980 pendeat,
1549 2867 1648 2956 nihil

207 2977 357 3062 melios
386 2983 511 3094 potest
538 2981 632 3062 huic
661 2976 769 3062 malo
796 2977 982 3092 opitulari
1009 2976 1127 3088 quim
1160 2980 1497 3062 cathareticorum
1530 2985 1648 3069 attio.-

204 3089 433 3203 Supersunt
461 3089 592 3203 posteh
623 3089 802 3199 tollenda
831 3091 900 3174 illa
926 3091 1030 3174 mala
1056 3120 1140 3201 quae
1169 3093 1307 3174 harum
1333 3091 1534 3175 causarum
1556 3097 1649 3177 vio-³

144 3197 153 3222 ‘
205 3200 338 3287 letitia
355 3201 511 3310 intulit,
530 3229 575 3288 ut
594 3202 682 3288 sunt
699 3208 869 3309 macies,
892 3201 1110 3309 febricula,
1128 3211 1209 3289 &e
1231 3233 1315 3315 quae
1327 3206 1434 3288 varia
1481 3203 1648 3294 ostulant

203 3343 288 3432 pro
307 3319 417 3398 vario
440 3317 561 3427 gradu
587 3317 766 3429 presidia.
798 3319 907 3404 Vires
930 3321 1037 3400 enim
1058 3313 1171 3400 antea
1194 3318 1374 3400 attentius
1399 3234 1647 3430 inspicienda

205 3430 336 3532 sunt,
362 3428 486 3538 iisque
513 3427 831 3536 consulendum,
860 3429 966 3513 unde
991 3426 1153 3513 exulare
1181 3426 1283 3533 julias
1320 3427 1505 3512 omnibus
1536 3429 1646 3514 etalii

203 3541 326 3626 succi
348 3538 570 3647 alimentis,
591 3543 716 3652 iisque
736 3572 819 3652 quae
839 3543 984 3656 poisrnt
997 3537 1263 3626 ventriculum
1284 3541 1532 3652 opprimere,
1553 3540 1648 3624 dan·

205 3653 264 3738 da
286 3654 420 3757 mitia,
445 3652 568 3735 multi
585 3654 684 3762 aquai
705 3654 828 3736 diluta
849 3652 1017 3736 sarinosa
1028 3711 1042 3756 ,
1065 3655 1119 3759 ita
1141 3678 1209 3764 per
1229 3650 1335 3734 diem
1356 3649 1572 3758 distributa,
1603 3677 1649 3738 ut

200 3787 417 3871 nunquam
447 3766 640 3873 acquisita
676 3768 903 3848 acrimonia
929 3764 1025 3848 desrt
1056 3765 1237 3874 mitigans
1267 3761 1467 3876 pabulum.
1497 3766 1647 3850 Veriam

200 3885 311 3964 ciam
357 3874 523 3985 lerisque
543 3873 754 3960 infantibus
774 3876 953 3961 nondum
975 3874 1172 3958 abladatis
1194 3873 1302 3960 labes
1323 3878 1388 3958 ista
1414 3878 1648 3989 contingat,

199 3994 281 4078 vix
300 3903 380 4071 alio
397 3988 688 4098 medicamento
709 4018 808 4101 opus
828 3992 899 4096 est,
919 4015 1055 4102 prater
1071 3986 1134 4072 lac
1154 3983 1372 4072 maternum
1389 3987 1498 4096 quod
1515 3991 1648 4072 mitius

200 4099 405 4190 &lenius
427 4101 670 4207 efficiemus,
691 4103 719 4183 fi
744 4105 797 4184 ita
821 4105 1011 4185 nutriatur
1035 4101 1113 4215 ipsa
1142 4103 1292 4204 nutrix,
1315 4125 1360 4181 ut
1380 4098 1525 4182 nullam
1549 4128 1648 4183 con·

197 4217 397 4324 sequatur
412 4217 693 4319 acrimoniam,
708 4213 888 4324 adeoque
902 4212 1056 4298 emuisrs
1066 4239 1194 4296 utatur
1206 4209 1358 4296 levibus
1365 4273 1379 4316 ,
1396 4210 1648 4321 decoctisque

196 4326 359 4412 hordei
380 4335 421 4410 ὅ(
442 4328 625 4436 graminis
646 4353 719 4441 pro
751 4351 879 4439 potu,
909 4323 1092 4408 abstineat
1117 4323 1140 4406 i
1163 4327 1289 4430 vino,
1320 4322 1426 4429 sale,
1454 4322 1648 4430 brafficis,

196 4437 380 4546 aliisque
395 4437 571 4543 acribus,
594 4465 660 4521 aut
675 4439 704 4520 sr
721 4433 800 4544 jam
821 4434 1014 4520 abladato
1029 4437 1169 4519 infanti
1184 4435 1331 4530 malurn
1353 4435 1525 4542 accidat,
1544 4438 1649 4551 post⁴

196 4550 360 4640 habitis
373 4547 579 4658 omnibus,
598 4547 806 4667 praeparati
822 4545 953 4632 debite
968 4547 1061 4636 alvo
1068 4610 1084 4660 ,
1106 4557 1147 4635 δι
1165 4545 1356 4670 expulsis,
1371 4549 1399 4630 st
1415 4577 1498 4660 quae
1514 4548 1649 4664 super-

252 4759 314 4830 (α)
339 4755 421 4818 Ceut.
440 4777 476 4828 r,
496 4757 554 4823 obs.
571 4767 597 4820 8.
824 4831 827 4836 ¹

242 4836 312 4912 (b)
333 4835 425 4900 atich.
444 4839 629 4912 savonarola,
650 4833 737 4902 rade
755 4837 918 4916 vermibus,
938 4835 1000 4922 cap·
1016 4841 1044 4914 ς’.
1148 4891 1152 4900 .

247 4917 267 4999 ζ
278 4923 317 4995 c)
336 4915 433 4983 Barth.
453 4917 593 4996 Timaeus,
614 4921 664 4989 lib.
687 4938 719 4998 ς,
739 4940 799 5005 cap.
822 4941 871 5002 ²3·

1335 4997 1466 5086 Eece
