4186 5908
657 431 1153 526 CUTAN'EIS.
1542 441 1630 535 '2'6r

188 596 336 690 neutris
352 596 484 689 moles
502 599 682 688 humoris
702 604 856 690 mucosa
877 605 1044 689 nimium
1062 602 1179 688 densa
1197 599 1409 720 frangatur.
1438 605 1562 717 Cujus
1585 618 1626 702 in
1722 707 1729 722 ,

188 718 320 831 operis
334 743 486 852 partem
499 743 732 801 cancrorum
749 715 1020 823 fluviatilium,
1035 714 1291 831 millepedum
1303 718 1546 807 substantiam
1561 729 1628 814 ad·

186 827 315 932 dunt;
334 832 419 914 rmb
433 836 476 915 ὃ(
490 831 519 914 st
532 827 743 942 aliquandb
755 828 842 946 plus
858 830 1053 918 densitatis
1067 833 1185 944 quam
1201 833 1392 918 acredinis
1407 833 1558 924 subesse
1570 844 1626 926 in·

186 941 296 1028 dicet
307 939 400 1026 mali
411 946 649 1060 pertinacia,
668 946 891 1060 viperarum
903 971 1089 1052 carnem,
1109 950 1150 1029 &
1165 942 1257 1030 salia
1270 944 1448 1032 volatilia
1460 949 1624 1047 addunt.

186 1055 318 1166 Quod
328 1086 543 1167 nunquam,
552 1059 622 1141 nifi
632 1055 768 1143 sedato
777 1057 1007 1167 erethism0,
1017 1057 1249 1144 tentandum
1262 1059 1339 1144 esse
1347 1062 1498 1150 indicat
1507 1070 1622 1158 ratic.

183 1159 188 1171 ¹
240 1169 392 1254 Acrem
404 1171 503 1254 vero
516 1168 627 1254 illam
641 1177 845 1258 materiam
861 1169 884 1256 ia
899 1197 1014 1286 tergo
1035 1180 1077 1256 dt
1088 1199 1159 1288 per
1173 1172 1482 1261 sudoriserorum
1495 1179 1623 1295 ligno·

185 1309 272 1366 rum
293 1283 505 1389 decosium
521 1283 599 1369 esl'e
613 1284 894 1398 insequendam
909 1283 1073 1372 suadent
1086 1282 1223 1395 multi,
1244 1316 1330 1400 quae
1345 1293 1438 1374 clam
1452 1290 1622 1386 solventi

185 1399 332 1482 virtute
352 1399 572 1482 eminenter
588 1393 768 1513 polleant
779 1462 794 1507 ,
815 1401 881 1484 hic
907 1397 1015 1484 certe
1039 1397 1223 1484 conferre
1245 1399 1414 1486 multum
1440 1407 1621 1520 possunt,

184 1511 255 1592 nist
276 1508 493 1626 pus’rulosus
515 1539 614 1626 ager
639 1509 853 1623 &juvenis
879 1519 922 1597 δε
949 1515 1079 1597 acrior
1102 1510 1283 1598 ardorem
1307 1517 1508 1630 ingentem
1535 1519 1622 1605 sari-

184 1624 307 1736 guine
327 1623 501 1709 refinoso
521 1625 702 1740 preditus
720 1624 881 1735 eliciat,
930 1653 985 1710 uo
1006 1630 1048 1710 in
1071 1625 1162 1710 casu
1182 1627 1341 1712 flamma
1357 1629 1475 1715 facila
1493 1631 1622 1747 sopita

184 1734 466 1846 exsuscitatur,
489 1736 718 1849 malumque
743 1735 851 1823 malo
875 1657 1043 1825 additur.
1071 1735 1212 1824 Rebus
1230 1742 1284 1825 fic
1300 1740 1341 1826 se
1357 1742 1619 1859 habentibus,

183 1847 258 1934 seri
276 1849 387 1936 laetis
407 1849 511 1937 bene
532 1851 736 1938 clarificati
757 1852 847 1937 usus
865 1852 1069 1938 diuturnus
1092 1857 1134 1936 &
1154 1850 1369 1964 latlicinia,
1395 1853 1621 1966 cujuscum-

184 1991 262 2074 que
279 1963 437 2079 generis
461 1962 530 2050 illa
556 1967 629 2050 smt
641 2028 656 2074 ,
682 1963 767 2052 aliis
789 1965 972 2050 omnibus
999 1964 1297 2054 medicamentis
1323 1970 1430 2054 certe
1457 1999 1621 2091 antepo-

183 2079 313 2162 nenda
337 2077 450 2186 sunt,
480 2081 676 2194 praemissts
704 2105 836 2164 tamen
862 2076 1138 2194 praemittendis
1149 2140 1163 2185 ,
1191 2087 1233 2163 &
1251 2082 1444 2198 precipue
1464 2090 1619 2174 ratione

182 2188 317 2276 habita
332 2192 452 2276 causa
490 2223 547 2276 uae
557 2195 599 2276 in
611 2192 719 2278 hisce
726 2255 741 2300 ‚
761 2217 805 2277 ut
820 2191 971 2278 summe
981 2188 1176 2280 variabilis
1189 2195 1240 2278 esl
1245 2257 1260 2304 ,
1274 2201 1488 2285 curatorias
1498 2203 1620 2287 etiarn

183 2303 445 2390 indicationes
463 2221 616 2391 summe
636 2306 888 2391 discriminat.

238 2418 340 2504 Non
357 2447 483 2504 rarum
503 2421 556 2504 est
567 2415 800 2529 juvenibus,
818 2418 884 2504 vel
897 2423 940 2502 in
934 2417 1228 2616 ai‘psosequiori
1242 2420 1334 2506 sexu
1342 2483 1357 2528 ,
1376 2426 1467 2507 clam
1483 2430 1620 2514 omnia

183 2531 410 2647 turgescere
432 2534 629 2648 incipiunt
648 2561 794 2648 organa
815 2541 856 2617 ὃ(
879 2563 931 2646 qu
971 2562 983 2615 1
1011 2535 1194 2650 orgasmo
1223 2538 1411 2643 concuti,
1439 2537 1615 2650 faciem,

181 2645 319 2731 nasum
337 2644 526 2731 similibus
546 2672 610 2731 tur
637 2673 704 2731 ere
719 2644 891 2762 pustulis.
913 2645 961 2730 ld
977 2649 1095 2730 etiarn
1113 2648 1295 2735 accidere
1305 2648 1388 2736 vidi
1398 2646 1620 2756 junioribus

167 2758 269 2877 ,plus
292 2759 421 2844 nimib
450 2760 577 2844 studio
604 2677 746 2845 deditis
772 2759 904 2844 otioso
925 2756 1009 2866 illi,
1033 2766 1076 2843 &
1098 2790 1243 2876 corpus
1266 2763 1475 2846 incurvum
1497 2793 1620 2881 expe·

180 2876 302 2981 tenti,
348 2878 414 2958 uia
432 2871 576 2992 nempe
594 2876 798 2960 cosliones
815 2871 1072 2987 elanguerent
1092 2871 1240 2960 &bilis
1258 2873 1473 2961 tardaretur
1490 2878 1618 2966 secre-

180 2989 254 3073 tio.
278 2987 324 3071 B'
346 2991 377 3074 's
402 2987 577 3120 resorpta
601 3014 718 3100 atque
745 2984 914 3072 collesia
938 2984 1079 3071 srmiles
1099 2989 1286 3103 producit
1307 2987 1486 3103 pustulas.
1525 2993 1619 3082 Vidi

180 3101 236 3186 stc
251 3105 493 3188 monachum
511 3127 695 3210 juvenem
715 3109 758 3187 et
771 3103 918 3218 pietate
931 3108 974 3185 ὃ(
987 3097 1188 3186 laboribus
1208 3098 1385 3188 litteratis
1399 3106 1590 3218 infignem
1600 3169 1618 3216 ,
1650 3191 1653 3198 ,

130 3283 132 3286 .
179 3211 282 3326 aqui
297 3213 382 3302 soll
403 3246 477 3330 pro
497 3243 596 3335 pona
615 3217 749 3324 usum,
774 3219 841 3327 qui
861 3213 1019 3331 pustulis
1035 3213 1246 3324 similibus,
1267 3246 1350 3300 non
1372 3218 1451 3303 srne
1469 3221 1617 3304 intuen-

179 3331 281 3414 tium
301 3327 534 3440 calumniis,
564 3329 861 3415 deformaretur.
894 3325 991 3412 Bilis
1016 3327 1267 3436 efficaciam,
1293 3334 1395 3415 vires
1424 3335 1616 3418 stomachi

179 3444 343 3528 restituit
354 3446 492 3529 vinum
507 3443 668 3530 modice
682 3469 822 3562 potum
829 3507 845 3551 ,
863 3438 1018 3558 pustula
1031 3438 1275 3530 delebantur.
1289 3441 1403 3528 Alter
1414 3449 1457 3528 in
1470 3445 1619 3531 eodem

180 3552 374 3643 coenobio
400 3558 586 3672 grandior
612 3585 732 3666 natu,
760 3585 872 3643 mero
898 3553 1157 3669 indulgebat,
1186 3555 1318 3644 vultus
1349 3555 1466 3642 ruber
1493 3562 1616 3644 vestes

178 3669 286 3755 albas
318 3669 608 3755 dehonestabat.
644 3673 795 3755 Vinum
830 3699 907 3755 coa
962 3666 1047 3753 lum
1076 3671 1240 3754 nimium
1269 3666 1341 3752 bili
1371 3670 1614 3778 inducebat,

180 3785 288 3868 hunc
305 3780 453 3867 sacravit
465 3810 571 3892 aqua
582 3808 711 3898 potus.
723 3781 839 3869 Patet
851 3699 977 3866 exiis
992 3778 1203 3894 quodlibet
1218 3810 1308 3868 acre
1325 3785 1368 3867 in
1385 3783 1614 3900 sanguinem

179 3896 399 4014 resorptum
428 3896 590 3981 eosdem
617 3895 778 3980 effeflus
806 3923 855 3981 ex
884 3898 1088 3980 contrariis
1121 3898 1242 3982 causas
1271 3894 1429 3983 elicere.
1464 3897 1613 3983 Semen

179 4036 404 4118 retentum,
421 4006 637 4124 quisquilia
655 4011 837 4119 uterina,
861 4004 1005 4118 jecoris
1023 4008 1156 4095 forsan
1178 4009 1350 4095 &lienis
1368 4013 1485 4116 vitia,
1507 4011 1614 4096 idem

177 4125 359 4210 efficiunt
371 4187 388 4234 ,
413 4122 540 4208 modb
562 4123 716 4238 sanguis
736 4150 850 4232 acer,
880 4121 1015 4208 solidis
1046 4123 1259 4208 erethismo
1288 4124 1501 4206 constrisiis
1515 4186 1530 4231 ‚
1566 4129 1613 4211 iis

176 4237 444 4353 producendis
471 4235 687 4324 conducat.
720 4235 838 4323 Unds
860 4233 1078 4323 universale
1103 4238 1164 4318 his
1188 4232 1301 4316 malis
1329 4235 1547 4321 remedium
1571 4243 1614 4325 in

177 4353 283 4438 visin
306 4350 494 4468 simplici,
520 4351 730 4492 prasertim
750 4363 960 4464 vegetante
986 4347 1157 4432 consrstit
1169 4406 1184 4453 ,
1209 4344 1339 4433 salinis
1352 4378 1441 4444 ‚non
1464 4350 1614 4464 referto

177 4461 403 4580 particulis,
426 4463 555 4550 multo
575 4467 703 4550 minius
721 4461 896 4545 fumosis
920 4459 1120 4544 Exercitia
1137 4459 1458 4574 perspirationem
1474 4461 1613 4572 juvan-

178 4580 231 4662 tia
251 4607 299 4694 ap
329 4578 427 4664 rims
448 4579 703 4684 conducunt,
724 4604 809 4687 qua
828 4575 857 4657 fi
876 4567 926 4656 ab
946 4573 1119 4656 instituto
1140 4575 1255 4683 vitae,
1274 4576 1386 4686 quod
1405 4581 1613 4686 immutare

178 4719 262 4777 non
294 4609 447 4811 simper
476 4688 573 4777 licet
584 4754 599 4799 ,
630 4687 945 4794 interdicantur,
977 4684 1168 4772 diuretica
1200 4683 1304 4774 levia
1332 4715 1449 4803 atque
1476 4691 1612 4801 lenia,

179 4808 473 4918 catharticaque
497 4803 664 4913 mollia,
692 4831 831 4888 cuma
858 4797 1071 4888 erientibus
1101 4800 1329 5000 saponaceis
1355 4810 1501 4920 mixta,
1534 4805 1613 4890 stne
1730 4857 1741 4914 ρ

175 4915 258 5004 ulla
280 4919 664 5008 medicamentorum
687 4833 935 5004 mineraiium
956 4911 1116 5004 miscela
1154 4913 1344 5006 officient.
