4226 5916
411 463 415 472 .
570 378 1153 467 ‘curnuars
1546 421 1631 500 „2

143 634 147 642 ,
192 564 280 622 non
300 538 420 672 poffit
442 540 614 652 stagnare
638 541 882 626 cumulatum
906 544 1086 627 fluidum.
1112 545 1158 626 Si
1177 546 1272 628 verb
1294 505 1433 634 resrstat
1453 554 1626 663 pertina-

192 655 281 738 eiits
303 654 378 736 istis
391 651 610 758 remediis,
646 653 774 764 qualia
805 658 948 769 prastat
982 685 1082 765 aqua
1108 652 1279 768 vulgaris
1307 651 1596 774 phagoedenica
1607 724 1624 774 ‚

193 764 310 850 simul
322 766 626 876 superimpositis
641 764 853 858 basdicone
871 775 914 850 δι
927 766 1081 878 aliquot
1098 771 1226 880 granis
1245 775 1472 886 precipitati
1492 774 1624 884 rubri,

194 881 280 958 thm
305 877 388 962 cuti
410 877 522 961 nudae
541 878 741 962 escharam
760 881 886 993 infligi
909 881 1076 993 imperat
1093 878 1159 964 Cl.
1179 884 1317 966 Astruc
1336 914 1428 968 cum
1447 891 1626 974 cauterio

194 995 239 1072 δι
255 989 385 1108 lapide
401 993 574 1076 caustico
596 990 885 1106 Chirurgorum
898 993 1116 1186 prudenter
1130 991 1293 1076 admilio
1303 1056 1317 1099 ‚
1335 997 1402 1082 sed
1421 1027 1471 1082 eo
1492 1027 1624 1088 tamen

193 1135 291 1190 cum
311 1103 451 1190 effefilu
464 1163 478 1208 ,
502 1129 548 1186 ut
569 1101 638 1186 sub
661 1101 820 1188 eschani
848 1135 896 1188 na
914 1132 1008 1190 cens
1031 1107 1257 1219 suppuratio
1284 1113 1326 1190 dt
1351 1107 1555 1222 glandulas
1580 1122 1625 1198 δε

194 1224 383 1304 humores
406 1239 620 1301 contentos
644 1216 822 1302 destruat.
864 1218 964 1328 Quo
989 1221 1031 1301 in
1057 1219 1177 1322 casu,
1211 1215 1308 1302 loco
1333 1219 1428 1306 mali
1458 1223 1624 1338 superest

194 1333 359 1416 cicatrix
378 1327 503 1434 nuda,
525 1326 675 1414 alba&
694 1327 826 1414 limbis
846 1327 1086 1440 aliquantitm
1105 1330 1417 1444 prominentibus
1440 1334 1624 1425 dstinua

193 1446 345 1528 Veritm
363 1439 565 1524 fatendum
589 1443 642 1525 est
659 1440 860 1526 crudelem
881 1446 984 1526 hanc
1008 1441 1242 1526 methodum
1264 1449 1394 1530 crustis
1417 1447 1540 1532 semel
1557 1449 1625 1534 de·

194 1556 322 1640 ciduis
336 1555 424 1637 rarb
438 1553 799 1661 neceffariameffe,
819 1555 1072 1665 remediaque
1090 1555 1334 1638 mercurialia
1353 1557 1466 1640 simul
1485 1559 1627 1648 leviter

53 1707 55 1714 ⁴
192 1665 388 1754 solventia
408 1693 525 1776 atque
548 1665 834 1772 escharrotica,
864 1669 959 1752 ditm
984 1672 1139 1752 adlione
1162 1664 1303 1751 leniori
1325 1670 1413 1755 uasa
1432 1668 1622 1758 obstruela

195 1783 223 1865 lt
244 1810 327 1891 qua
345 1778 544 1864 liberanda
557 1779 674 1883 sunt,
699 1779 893 1885 liberant,
912 1781 940 1862 s1
961 1810 1043 1889 qua
1062 1778 1311 1886 destruenda,
1339 1779 1555 1891 destruunt,
1580 1796 1625 1872 dt

160 1968 174 1994 ,
194 1891 335 1979 melihs
346 1900 388 1977 ὃ(
401 1897 521 1977 ortilis
535 1918 670 2004 agere,
685 1893 794 2002 quod
809 1889 904 2005 sape
916 1897 1069 2007 peregit
1081 1889 1277 1976 sublimati
1293 1895 1480 1979 corrostvi
1493 1895 1626 2000 lenior

191 2004 341 2092 solutio
364 2002 520 2092 lotione
544 2001 717 2089 adhibita
743 2013 786 2089 δι
810 2033 902 2089 cum
928 2001 1223 2090 emollientibus
1251 2007 1437 2119 apposita.
1470 2083 1473 2086 .

516 2213 625 2300 linis
638 2213 776 2330 primae
801 2213 984 2300 sections
999 2210 1133 2297 Panis
1149 2213 1298 2325 primae.

191 2427 1625 2510 m

183 2733 204 2772 „
321 2599 795 2736 suerro
879 2591 1492 2738 sueonos.

192 2843 279 2954 De
303 2845 494 2956 Morbis
521 2849 740 2954 Curtaneis
765 2847 1076 2986 depuratoriis
1131 2849 1187 2952 ui
1204 2885 1387 2990 partem
1416 2849 1623 2991 aliquam
1800 2967 1806 2984 ,

611 2987 929 3094 tantummodo
957 2988 1069 3092 inva
1135 3023 1205 3091 nt.
1280 3067 1286 3082 .

192 3149 345 3323 CUM
360 3233 490 3350 operis
502 3237 618 3321 nostri
628 3239 746 3369 partis
754 3239 889 3370 prima
897 3233 1018 3320 seeio
1027 3235 1153 3349 prima
1165 3235 1287 3319 totitis
1302 3233 1449 3319 laboris
1461 3232 1627 3343 hujusce

194 3351 397 3464 princeps,
416 3345 560 3434 modos
574 3348 716 3460 quibus
725 3352 852 3435 vitiari
863 3347 1024 3463 lympha
1038 3345 1155 3462 poffit
1166 3353 1209 3430 dt
1220 3346 1347 3432 serum
1362 3345 1411 3431 ad
1424 3351 1547 3431 cutim
1561 3347 1627 3432 de-

193 3463 313 3576 poni,
326 3461 660 3572 comprehendat3
676 3461 795 3547 altera
810 3465 893 3546 haec
908 3461 1029 3544 sellio
1045 3457 1144 3542 nihil
1157 3460 1252 3544 novi
1265 3457 1453 3545 exhibere
1464 3459 1627 3544 medita·

193 3571 434 3765 donipotest
444 3634 458 3677 ‚
479 3571 721 3685 morbosque
731 3572 1007 3658 tantummodo
1023 3571 1190 3656 ostendit
1202 3571 1480 3685 phoenomenis
1497 3573 1626 3657 diver-

309 3710 332 3765 e

195 3687 281 3788 sos,
333 3683 510 3768 dnaturlr
523 3713 617 3768 cum
627 3683 822 3798 prioribus
837 3687 1121 3770 convenientes
1132 3709 1248 3794 atque
1262 3686 1500 3770 concordes.
1510 3686 1625 3770 Hinc

196 3806 238 3883 &
250 3795 408 3879 brevior
421 3795 499 3879 elle
510 3795 649 3901 debet,
668 3804 707 3879 dt
725 3794 1009 3884 altenis-velut
1024 3793 1294 3881 corollarium.
1315 3795 1474 3880 Etenim
1487 3825 1625 3911 prater

194 3937 344 4024 paucos
366 3908 531 3990 omnino
553 3906 721 3992 morbos
736 3937 836 4018 quos
860 3906 1008 3994 diversa
1029 3911 1128 3991 cutis
1145 3933 1280 3990 natura
1300 3935 1417 4016 atque
1441 3911 1626 3995 strudura
1800 3941 1802 3948 ⁸

193 4023 378 4136 proprios
404 4023 548 4128 cuique
576 4023 675 4135 parti
699 4019 797 4104 fecit
822 4046 939 4153 atque
965 4018 1210 4134 peculiares,
1237 4044 1303 4101 aut
1329 4018 1503 4102 calvaria·
1514 4081 1528 4125 ‚
1556 4048 1628 4106 aur

194 4133 339 4238 faciei,
361 4157 429 4214 aut
443 4130 628 4239 artubus,
651 4162 776 4246 pauca
790 4137 855 4216 hic
869 4133 1100 4243 mquirenda
1119 4129 1343 4243 supersunt3
1365 4131 1392 4212 fi
1415 4135 1625 4216 nominum

193 4248 428 4360 farraginem
453 4249 654 4358 exceperis
681 4243 704 4328 a
729 4245 884 4332 diversis
910 4242 1131 4328 auiloribus
1156 4239 1431 4349 admillorum,
1455 4273 1536 4354 quae
1556 4244 1625 4328 sua
1784 4303 1787 4308 ·

193 4357 275 4472 ipsa
302 4355 581 4468 multiplicatio
608 4356 776 4440 reddidit
804 4355 1046 4440 obscuriora.
1081 4353 1192 4434 Hinc
1222 4355 1426 4438 tradenda
1455 4359 1626 4440 materie

196 4469 378 4556 conditio
408 4467 523 4552 nobis
553 4469 735 4552 ordinem
764 4471 830 4551 cui
862 4466 1051 4550 debemus
1080 4464 1265 4550 inservire
1291 4470 1439 4578 promit
1469 4475 1509 4551 ὃ(
1536 4469 1626 4583 sup·
1730 4571 1736 4583 ·

196 4583 345 4695 peditat
360 4615 371 4664 ι
389 4583 484 4664 huic
507 4581 670 4665 adstricti
683 4605 726 4661 ut
737 4580 866 4694 primo
881 4579 1156 4690 distinguamus
1170 4575 1333 4660 morbos
1353 4580 1403 4663 ad
1417 4578 1626 4693 erysipelas

195 4694 447 4791 referendos3
462 4692 519 4776 2⁰.
536 4693 584 4776 ad
597 4690 966 4808 phlegmonodaeam
980 4715 1156 4774 naturam
1171 4687 1433 4792 accedentes3
1451 4691 1507 4796 3⁰.
1521 4690 1630 4774 ulce-

195 4805 326 4890 rosam
339 4801 518 4894 indolem
533 4804 722 4892 habentes
742 4834 755 4908 ς
775 4803 835 4914 4⁰.
860 4803 1073 4892 crustulum
1089 4805 1323 4894 caracterem
1335 4803 1627 4920 depromentes.
