<?xml version="1.0" encoding="UTF-8"?>
<!DOCTYPE html PUBLIC "-//W3C//DTD XHTML 1.0 Transitional//EN"
    "http://www.w3.org/TR/xhtml1/DTD/xhtml1-transitional.dtd">
<html xmlns="http://www.w3.org/1999/xhtml" xml:lang="en" lang="en">
 <head>
  <title>
</title>
<meta http-equiv="Content-Type" content="text/html;charset=utf-8" />
  <meta name='ocr-system' content='tesseract 3.04.00' />
  <meta name='ocr-capabilities' content='ocr_page ocr_carea ocr_par ocr_line ocrx_word'/>
</head>
<body>
  <div class='ocr_page' id='page_1' title='image "./tractatusdemorb00cavegoog_0200.png"; bbox 0 0 4228 5898; ppageno 0'>
   <div class='ocr_carea' id='block_1_1' title="bbox 27 427 1735 3195">
    <p class='ocr_par' dir='ltr' id='par_1_1' title="bbox 189 427 1735 711">
     <span class='ocr_line' id='line_1_1' title="bbox 658 427 1735 546; baseline 0.005 -31"><span class='ocrx_word' id='word_1_1' title='bbox 658 427 1156 520; x_wconf 65' lang='lat' dir='ltr'>CUTANEi&amp;</span> <span class='ocrx_word' id='word_1_2' title='bbox 1271 533 1274 540; x_wconf 13' lang='grc' dir='ltr'><strong><em>Δ</em></strong></span> <span class='ocrx_word' id='word_1_3' title='bbox 1534 445 1614 546; x_wconf 54' lang='lat' dir='ltr'>rw</span> <span class='ocrx_word' id='word_1_4' title='bbox 1730 483 1735 490; x_wconf 84' lang='lat'><em>·</em></span> 
     </span>
     <span class='ocr_line' id='line_1_2' title="bbox 189 587 1622 711; baseline 0.003 -31"><span class='ocrx_word' id='word_1_5' title='bbox 189 589 332 692; x_wconf 63' lang='lat' dir='ltr'>lieebit</span> <span class='ocrx_word' id='word_1_6' title='bbox 351 587 408 677; x_wconf 65' lang='lat' dir='ltr'>de</span> <span class='ocrx_word' id='word_1_7' title='bbox 438 589 487 681; x_wconf 79' lang='lat' dir='ltr'>iit</span> <span class='ocrx_word' id='word_1_8' title='bbox 514 617 643 705; x_wconf 75' lang='lat' dir='ltr'>pauca</span> <span class='ocrx_word' id='word_1_9' title='bbox 674 591 852 707; x_wconf 76' lang='lat' dir='ltr'>proferre</span> <span class='ocrx_word' id='word_1_10' title='bbox 881 625 894 694; x_wconf 88' lang='lat'>;</span> <span class='ocrx_word' id='word_1_11' title='bbox 927 589 1270 706; x_wconf 70' lang='lat' dir='ltr'>quoniammulta</span> <span class='ocrx_word' id='word_1_12' title='bbox 1290 591 1388 682; x_wconf 78' lang='lat' dir='ltr'>&#39;sunt&#39;</span> <span class='ocrx_word' id='word_1_13' title='bbox 1412 597 1456 678; x_wconf 89' lang='lat' dir='ltr'>in</span> <span class='ocrx_word' id='word_1_14' title='bbox 1489 593 1622 711; x_wconf 61' lang='lat' dir='ltr'>rapidi</span> 
     </span>
    </p>

    <p class='ocr_par' dir='ltr' id='par_1_2' title="bbox 27 699 1623 818">
     <span class='ocr_line' id='line_1_3' title="bbox 27 699 1623 818; baseline 0.004 -28"><span class='ocrx_word' id='word_1_15' title='bbox 27 809 28 814; x_wconf 8' lang='grc' dir='ltr'><strong><em>Ν</em></strong></span> <span class='ocrx_word' id='word_1_16' title='bbox 188 732 312 817; x_wconf 83' lang='lat' dir='ltr'>atque</span> <span class='ocrx_word' id='word_1_17' title='bbox 337 699 681 808; x_wconf 65' lang='lat' dir='ltr'>viosendsrmrae</span> <span class='ocrx_word' id='word_1_18' title='bbox 706 709 861 792; x_wconf 68' lang='lat' dir='ltr'>ustione</span> <span class='ocrx_word' id='word_1_19' title='bbox 886 737 969 818; x_wconf 83' lang='lat' dir='ltr'>quae</span> <span class='ocrx_word' id='word_1_20' title='bbox 995 705 1127 792; x_wconf 87' lang='lat' dir='ltr'>lucem</span> <span class='ocrx_word' id='word_1_21' title='bbox 1152 707 1283 794; x_wconf 85' lang='lat' dir='ltr'>ferunt</span> <span class='ocrx_word' id='word_1_22' title='bbox 1302 710 1343 792; x_wconf 89' lang='lat' dir='ltr'>in</span> <span class='ocrx_word' id='word_1_23' title='bbox 1365 705 1490 794; x_wconf 87' lang='lat' dir='ltr'>intelli</span> <span class='ocrx_word' id='word_1_24' title='bbox 1521 711 1623 796; x_wconf 68' lang='lat' dir='ltr'>endi</span> 
     </span>
    </p>

    <p class='ocr_par' dir='ltr' id='par_1_3' title="bbox 27 739 1632 938">
     <span class='ocr_line' id='line_1_4' title="bbox 27 739 1632 938; baseline 0.005 -38"><span class='ocrx_word' id='word_1_25' title='bbox 27 815 28 900; x_wconf 86' lang='lat' dir='ltr'>l</span> <span class='ocrx_word' id='word_1_26' title='bbox 192 815 367 926; x_wconf 86' lang='lat' dir='ltr'>ejusdem</span> <span class='ocrx_word' id='word_1_27' title='bbox 380 815 585 925; x_wconf 73' lang='lat' dir='ltr'>effimcit,</span> <span class='ocrx_word' id='word_1_28' title='bbox 601 821 756 930; x_wconf 85' lang='lat' dir='ltr'>quoties</span> <span class='ocrx_word' id='word_1_29' title='bbox 773 817 913 904; x_wconf 79' lang='lat' dir='ltr'>lentius</span> <span class='ocrx_word' id='word_1_30' title='bbox 929 847 1047 932; x_wconf 89' lang='lat' dir='ltr'>atque</span> <span class='ocrx_word' id='word_1_31' title='bbox 1059 823 1254 938; x_wconf 76' lang='lat' dir='ltr'>pacatius,</span> <span class='ocrx_word' id='word_1_32' title='bbox 1281 820 1462 935; x_wconf 78' lang='lat' dir='ltr'>adeoque</span> <span class='ocrx_word' id='word_1_33' title='bbox 1476 739 1632 908; x_wconf 60' lang='lat' dir='ltr'>obses:</span> 
     </span>
    </p>

    <p class='ocr_par' dir='ltr' id='par_1_4' title="bbox 27 921 1163 1064">
     <span class='ocr_line' id='line_1_5' title="bbox 27 921 1163 1064; baseline 0 -46"><span class='ocrx_word' id='word_1_34' title='bbox 27 921 29 1000; x_wconf 78' lang='lat' dir='ltr'>l</span> <span class='ocrx_word' id='word_1_35' title='bbox 192 935 273 1018; x_wconf 78' lang='lat' dir='ltr'>rius</span> <span class='ocrx_word' id='word_1_36' title='bbox 295 927 437 1016; x_wconf 80' lang='lat' dir='ltr'>eadem</span> <span class='ocrx_word' id='word_1_37' title='bbox 460 955 644 1064; x_wconf 78' lang='lat' dir='ltr'>operatur</span> <span class='ocrx_word' id='word_1_38' title='bbox 665 959 783 1044; x_wconf 84' lang='lat' dir='ltr'>atque</span> <span class='ocrx_word' id='word_1_39' title='bbox 809 931 976 1020; x_wconf 83' lang='lat' dir='ltr'>latenter</span> <span class='ocrx_word' id='word_1_40' title='bbox 1002 937 1163 1050; x_wconf 80' lang='lat' dir='ltr'>peragit</span> 
     </span>
    </p>

    <p class='ocr_par' dir='ltr' id='par_1_5' title="bbox 27 1007 1725 3082">
     <span class='ocr_line' id='line_1_6' title="bbox 27 1007 1624 1168; baseline 0.004 -39"><span class='ocrx_word' id='word_1_41' title='bbox 27 1007 29 1096; x_wconf 79' lang='lat' dir='ltr'>l</span> <span class='ocrx_word' id='word_1_42' title='bbox 174 1053 177 1060; x_wconf 83' lang='lat'>&#39;</span> <span class='ocrx_word' id='word_1_43' title='bbox 251 1044 307 1130; x_wconf 89' lang='lat' dir='ltr'>Et</span> <span class='ocrx_word' id='word_1_44' title='bbox 320 1047 362 1130; x_wconf 92' lang='lat' dir='ltr'>in</span> <span class='ocrx_word' id='word_1_45' title='bbox 376 1047 572 1159; x_wconf 73' lang='lat' dir='ltr'>principio</span> <span class='ocrx_word' id='word_1_46' title='bbox 590 1043 752 1155; x_wconf 87' lang='lat' dir='ltr'>quidem</span> <span class='ocrx_word' id='word_1_47' title='bbox 774 1073 913 1132; x_wconf 84' lang='lat' dir='ltr'>notare</span> <span class='ocrx_word' id='word_1_48' title='bbox 931 1074 1015 1131; x_wconf 89' lang='lat' dir='ltr'>non</span> <span class='ocrx_word' id='word_1_49' title='bbox 1035 1045 1174 1132; x_wconf 83' lang='lat' dir='ltr'>inutile</span> <span class='ocrx_word' id='word_1_50' title='bbox 1194 1047 1312 1160; x_wconf 67' lang='lat' dir='ltr'>suerit</span> <span class='ocrx_word' id='word_1_51' title='bbox 1330 1045 1437 1168; x_wconf 80' lang='lat' dir='ltr'>qubd</span> <span class='ocrx_word' id='word_1_52' title='bbox 1448 1107 1463 1156; x_wconf 81' lang='lat'>‚</span> <span class='ocrx_word' id='word_1_53' title='bbox 1485 1077 1624 1162; x_wconf 53' lang='lat' dir='ltr'>quamq</span> 
     </span>
     <span class='ocr_line' id='line_1_7' title="bbox 195 1157 1623 1270; baseline 0.003 -24"><span class='ocrx_word' id='word_1_54' title='bbox 195 1160 255 1246; x_wconf 80' lang='lat' dir='ltr'>uis</span> <span class='ocrx_word' id='word_1_55' title='bbox 277 1161 406 1243; x_wconf 79' lang='lat' dir='ltr'>exitus</span> <span class='ocrx_word' id='word_1_56' title='bbox 425 1157 641 1243; x_wconf 77' lang='lat' dir='ltr'>admodiun</span> <span class='ocrx_word' id='word_1_57' title='bbox 661 1157 850 1244; x_wconf 73' lang='lat' dir='ltr'>disimilis</span> <span class='ocrx_word' id='word_1_58' title='bbox 872 1160 916 1244; x_wconf 88' lang='lat' dir='ltr'>srt</span> <span class='ocrx_word' id='word_1_59' title='bbox 933 1158 983 1244; x_wconf 85' lang='lat' dir='ltr'>ab</span> <span class='ocrx_word' id='word_1_60' title='bbox 1005 1162 1052 1244; x_wconf 82' lang='lat' dir='ltr'>iis</span> <span class='ocrx_word' id='word_1_61' title='bbox 1078 1188 1178 1270; x_wconf 86' lang='lat' dir='ltr'>quos</span> <span class='ocrx_word' id='word_1_62' title='bbox 1203 1189 1287 1244; x_wconf 87' lang='lat' dir='ltr'>non</span> <span class='ocrx_word' id='word_1_63' title='bbox 1310 1161 1470 1246; x_wconf 86' lang='lat' dir='ltr'>criticos</span> <span class='ocrx_word' id='word_1_64' title='bbox 1499 1165 1623 1250; x_wconf 82' lang='lat' dir='ltr'>modb</span> 
     </span>
     <span class='ocr_line' id='line_1_8' title="bbox 198 1267 1626 1384; baseline 0.004 -28"><span class='ocrx_word' id='word_1_65' title='bbox 198 1267 523 1376; x_wconf 87' lang='lat' dir='ltr'>recensebamus,</span> <span class='ocrx_word' id='word_1_66' title='bbox 550 1269 680 1382; x_wconf 84' lang='lat' dir='ltr'>aliqua</span> <span class='ocrx_word' id='word_1_67' title='bbox 705 1298 839 1358; x_wconf 82' lang='lat' dir='ltr'>tamen</span> <span class='ocrx_word' id='word_1_68' title='bbox 864 1273 978 1358; x_wconf 89' lang='lat' dir='ltr'>detur</span> <span class='ocrx_word' id='word_1_69' title='bbox 1006 1275 1107 1358; x_wconf 90' lang='lat' dir='ltr'>inter</span> <span class='ocrx_word' id='word_1_70' title='bbox 1133 1271 1226 1356; x_wconf 89' lang='lat' dir='ltr'>illos</span> <span class='ocrx_word' id='word_1_71' title='bbox 1252 1301 1421 1384; x_wconf 87' lang='lat' dir='ltr'>quorum</span> <span class='ocrx_word' id='word_1_72' title='bbox 1449 1278 1551 1360; x_wconf 75' lang='lat' dir='ltr'>crisis</span> <span class='ocrx_word' id='word_1_73' title='bbox 1580 1279 1626 1362; x_wconf 85' lang='lat' dir='ltr'>fit</span> 
     </span>
     <span class='ocr_line' id='line_1_9' title="bbox 197 1377 1559 1502; baseline 0.004 -34"><span class='ocrx_word' id='word_1_74' title='bbox 197 1385 249 1470; x_wconf 85' lang='lat' dir='ltr'>ad</span> <span class='ocrx_word' id='word_1_75' title='bbox 277 1386 405 1470; x_wconf 88' lang='lat' dir='ltr'>cutim</span> <span class='ocrx_word' id='word_1_76' title='bbox 429 1390 471 1468; x_wconf 76' lang='grc' dir='ltr'>δι</span> <span class='ocrx_word' id='word_1_77' title='bbox 494 1381 588 1468; x_wconf 86' lang='lat' dir='ltr'>illos</span> <span class='ocrx_word' id='word_1_78' title='bbox 610 1377 753 1495; x_wconf 89' lang='lat' dir='ltr'>quibus</span> <span class='ocrx_word' id='word_1_79' title='bbox 783 1389 885 1482; x_wconf 82' lang='lat' dir='ltr'>eutis</span> <span class='ocrx_word' id='word_1_80' title='bbox 911 1390 1062 1470; x_wconf 72' lang='lat' dir='ltr'>entium</span> <span class='ocrx_word' id='word_1_81' title='bbox 1083 1385 1337 1500; x_wconf 82' lang='lat' dir='ltr'>deturpatur,</span> <span class='ocrx_word' id='word_1_82' title='bbox 1366 1383 1559 1502; x_wconf 81' lang='lat' dir='ltr'>analogia.</span> 
     </span>
     <span class='ocr_line' id='line_1_10' title="bbox 212 1494 1626 1616; baseline 0.003 -34"><span class='ocrx_word' id='word_1_83' title='bbox 212 1575 215 1582; x_wconf 84' lang='lat'><strong>.</strong></span> <span class='ocrx_word' id='word_1_84' title='bbox 255 1494 422 1582; x_wconf 69' lang='lat' dir='ltr'>Scilicet</span> <span class='ocrx_word' id='word_1_85' title='bbox 446 1499 488 1581; x_wconf 87' lang='lat' dir='ltr'>in</span> <span class='ocrx_word' id='word_1_86' title='bbox 514 1523 683 1610; x_wconf 88' lang='lat' dir='ltr'>utroque</span> <span class='ocrx_word' id='word_1_87' title='bbox 704 1527 871 1612; x_wconf 81' lang='lat' dir='ltr'>genere,</span> <span class='ocrx_word' id='word_1_88' title='bbox 893 1501 993 1594; x_wconf 81' lang='lat' dir='ltr'>curis</span> <span class='ocrx_word' id='word_1_89' title='bbox 1015 1524 1223 1584; x_wconf 85' lang='lat' dir='ltr'>uenenatas</span> <span class='ocrx_word' id='word_1_90' title='bbox 1245 1525 1371 1616; x_wconf 87' lang='lat' dir='ltr'>partes</span> <span class='ocrx_word' id='word_1_91' title='bbox 1394 1503 1550 1615; x_wconf 87' lang='lat' dir='ltr'>accipit.</span> <span class='ocrx_word' id='word_1_92' title='bbox 1577 1503 1626 1606; x_wconf 77' lang='lat' dir='ltr'>In</span> 
     </span>
     <span class='ocr_line' id='line_1_11' title="bbox 195 1611 1649 1728; baseline 0.004 -34"><span class='ocrx_word' id='word_1_93' title='bbox 195 1612 246 1694; x_wconf 91' lang='lat' dir='ltr'>iis</span> <span class='ocrx_word' id='word_1_94' title='bbox 280 1614 348 1722; x_wconf 93' lang='lat' dir='ltr'>qui</span> <span class='ocrx_word' id='word_1_95' title='bbox 380 1639 463 1694; x_wconf 86' lang='lat' dir='ltr'>non</span> <span class='ocrx_word' id='word_1_96' title='bbox 505 1613 633 1696; x_wconf 88' lang='lat' dir='ltr'>critici</span> <span class='ocrx_word' id='word_1_97' title='bbox 672 1611 794 1718; x_wconf 89' lang='lat' dir='ltr'>sunt,</span> <span class='ocrx_word' id='word_1_98' title='bbox 830 1611 1020 1698; x_wconf 85' lang='lat' dir='ltr'>resolutio</span> <span class='ocrx_word' id='word_1_99' title='bbox 1064 1613 1241 1696; x_wconf 90' lang='lat' dir='ltr'>humoris</span> <span class='ocrx_word' id='word_1_100' title='bbox 1274 1611 1323 1696; x_wconf 90' lang='lat' dir='ltr'>ad</span> <span class='ocrx_word' id='word_1_101' title='bbox 1356 1616 1479 1696; x_wconf 86' lang='lat' dir='ltr'>cutim</span> <span class='ocrx_word' id='word_1_102' title='bbox 1512 1617 1649 1728; x_wconf 62' lang='lat' dir='ltr'>posrti‘</span> 
     </span>
     <span class='ocr_line' id='line_1_12' title="bbox 199 1722 1628 1838; baseline 0.003 -32"><span class='ocrx_word' id='word_1_103' title='bbox 199 1753 284 1808; x_wconf 89' lang='lat' dir='ltr'>non</span> <span class='ocrx_word' id='word_1_104' title='bbox 315 1725 362 1808; x_wconf 88' lang='lat' dir='ltr'>fit</span> <span class='ocrx_word' id='word_1_105' title='bbox 394 1751 464 1838; x_wconf 82' lang='lat' dir='ltr'>per</span> <span class='ocrx_word' id='word_1_106' title='bbox 494 1727 647 1829; x_wconf 87' lang='lat' dir='ltr'>cutim,</span> <span class='ocrx_word' id='word_1_107' title='bbox 679 1751 746 1810; x_wconf 88' lang='lat' dir='ltr'>aut</span> <span class='ocrx_word' id='word_1_108' title='bbox 775 1723 912 1812; x_wconf 83' lang='lat' dir='ltr'>saitem</span> <span class='ocrx_word' id='word_1_109' title='bbox 940 1723 1057 1836; x_wconf 70' lang='lat' dir='ltr'>plene</span> <span class='ocrx_word' id='word_1_110' title='bbox 1087 1733 1129 1810; x_wconf 78' lang='lat' dir='ltr'>dt</span> <span class='ocrx_word' id='word_1_111' title='bbox 1159 1724 1420 1831; x_wconf 83' lang='lat' dir='ltr'>omnimodb,</span> <span class='ocrx_word' id='word_1_112' title='bbox 1448 1722 1515 1810; x_wconf 92' lang='lat' dir='ltr'>sed</span> <span class='ocrx_word' id='word_1_113' title='bbox 1544 1725 1628 1812; x_wconf 78' lang='lat' dir='ltr'>aliae</span> 
     </span>
     <span class='ocr_line' id='line_1_13' title="bbox 199 1835 1628 1956; baseline 0.002 -34"><span class='ocrx_word' id='word_1_114' title='bbox 199 1839 455 1922; x_wconf 78' lang='lat' dir='ltr'>uacuadones</span> <span class='ocrx_word' id='word_1_115' title='bbox 481 1840 605 1920; x_wconf 87' lang='lat' dir='ltr'>cutim</span> <span class='ocrx_word' id='word_1_116' title='bbox 626 1835 822 1945; x_wconf 82' lang='lat' dir='ltr'>liberant,</span> <span class='ocrx_word' id='word_1_117' title='bbox 846 1868 929 1950; x_wconf 80' lang='lat' dir='ltr'>quae</span> <span class='ocrx_word' id='word_1_118' title='bbox 951 1835 1127 1922; x_wconf 65' lang='lat' dir='ltr'>enatura</span> <span class='ocrx_word' id='word_1_119' title='bbox 1146 1840 1324 1922; x_wconf 82' lang='lat' dir='ltr'>humoris</span> <span class='ocrx_word' id='word_1_120' title='bbox 1347 1838 1512 1952; x_wconf 72' lang='lat' dir='ltr'>depositi</span> <span class='ocrx_word' id='word_1_121' title='bbox 1534 1870 1628 1956; x_wconf 78' lang='lat' dir='ltr'>pen</span> 
     </span>
     <span class='ocr_line' id='line_1_14' title="bbox 202 1947 1628 2064; baseline 0.002 -30"><span class='ocrx_word' id='word_1_122' title='bbox 202 1949 310 2035; x_wconf 90' lang='lat' dir='ltr'>dent.</span> <span class='ocrx_word' id='word_1_123' title='bbox 353 1950 421 2034; x_wconf 88' lang='lat' dir='ltr'>Sic</span> <span class='ocrx_word' id='word_1_124' title='bbox 462 1977 589 2064; x_wconf 88' lang='lat' dir='ltr'>partes</span> <span class='ocrx_word' id='word_1_125' title='bbox 620 1979 749 2038; x_wconf 89' lang='lat' dir='ltr'>acres.</span> <span class='ocrx_word' id='word_1_126' title='bbox 765 1949 911 2034; x_wconf 86' lang='lat' dir='ltr'>biliosae</span> <span class='ocrx_word' id='word_1_127' title='bbox 923 2012 938 2058; x_wconf 94' lang='lat'>,</span> <span class='ocrx_word' id='word_1_128' title='bbox 978 1947 1116 2035; x_wconf 71' lang='lat' dir='ltr'>melitis</span> <span class='ocrx_word' id='word_1_129' title='bbox 1156 1960 1197 2035; x_wconf 70' lang='grc' dir='ltr'>ὃ(</span> <span class='ocrx_word' id='word_1_130' title='bbox 1233 1949 1447 2052; x_wconf 76' lang='lat' dir='ltr'>secundum</span> <span class='ocrx_word' id='word_1_131' title='bbox 1484 1981 1628 2038; x_wconf 80' lang='lat' dir='ltr'>naturae</span> 
     </span>
     <span class='ocr_line' id='line_1_15' title="bbox 199 2061 1627 2178; baseline 0 -30"><span class='ocrx_word' id='word_1_132' title='bbox 199 2063 385 2148; x_wconf 87' lang='lat' dir='ltr'>ordinem</span> <span class='ocrx_word' id='word_1_133' title='bbox 408 2090 478 2178; x_wconf 87' lang='lat' dir='ltr'>pet</span> <span class='ocrx_word' id='word_1_134' title='bbox 502 2061 634 2148; x_wconf 86' lang='lat' dir='ltr'>alvum</span> <span class='ocrx_word' id='word_1_135' title='bbox 655 2092 898 2176; x_wconf 79' lang='lat' dir='ltr'>vacuantur,</span> <span class='ocrx_word' id='word_1_136' title='bbox 928 2069 1020 2148; x_wconf 80' lang='lat' dir='ltr'>clnn</span> <span class='ocrx_word' id='word_1_137' title='bbox 1047 2065 1204 2149; x_wconf 81' lang='lat' dir='ltr'>fixiores</span> <span class='ocrx_word' id='word_1_138' title='bbox 1229 2071 1271 2148; x_wconf 80' lang='lat' dir='ltr'>dt</span> <span class='ocrx_word' id='word_1_139' title='bbox 1299 2065 1499 2148; x_wconf 86' lang='lat' dir='ltr'>ctassrores</span> <span class='ocrx_word' id='word_1_140' title='bbox 1530 2067 1627 2174; x_wconf 86' lang='lat' dir='ltr'>srnt,</span> 
     </span>
     <span class='ocr_line' id='line_1_16' title="bbox 200 2173 1628 2294; baseline -0.001 -32"><span class='ocrx_word' id='word_1_141' title='bbox 200 2173 321 2292; x_wconf 69' lang='lat' dir='ltr'>quium</span> <span class='ocrx_word' id='word_1_142' title='bbox 345 2203 391 2262; x_wconf 88' lang='lat' dir='ltr'>ut</span> <span class='ocrx_word' id='word_1_143' title='bbox 414 2203 486 2291; x_wconf 90' lang='lat' dir='ltr'>per</span> <span class='ocrx_word' id='word_1_144' title='bbox 503 2206 651 2290; x_wconf 87' lang='lat' dir='ltr'>organa</span> <span class='ocrx_word' id='word_1_145' title='bbox 675 2177 962 2294; x_wconf 87' lang='lat' dir='ltr'>perspirationis</span> <span class='ocrx_word' id='word_1_146' title='bbox 984 2176 1157 2262; x_wconf 87' lang='lat' dir='ltr'>avolent.</span> <span class='ocrx_word' id='word_1_147' title='bbox 1185 2180 1241 2260; x_wconf 81' lang='lat' dir='ltr'>At</span> <span class='ocrx_word' id='word_1_148' title='bbox 1265 2180 1304 2259; x_wconf 92' lang='lat' dir='ltr'>in</span> <span class='ocrx_word' id='word_1_149' title='bbox 1324 2205 1494 2287; x_wconf 87' lang='lat' dir='ltr'>utroque</span> <span class='ocrx_word' id='word_1_150' title='bbox 1518 2207 1628 2262; x_wconf 81' lang='lat' dir='ltr'>mor-</span> 
     </span>
     <span class='ocr_line' id='line_1_17' title="bbox 203 2287 1628 2424; baseline 0 -49"><span class='ocrx_word' id='word_1_151' title='bbox 203 2287 347 2375; x_wconf 91' lang='lat' dir='ltr'>borum</span> <span class='ocrx_word' id='word_1_152' title='bbox 377 2315 522 2404; x_wconf 84' lang='lat' dir='ltr'>genere</span> <span class='ocrx_word' id='word_1_153' title='bbox 552 2317 678 2404; x_wconf 84' lang='lat' dir='ltr'>partes</span> <span class='ocrx_word' id='word_1_154' title='bbox 706 2319 790 2402; x_wconf 83' lang='lat' dir='ltr'>quae</span> <span class='ocrx_word' id='word_1_155' title='bbox 817 2321 909 2375; x_wconf 83' lang='lat' dir='ltr'>cunr</span> <span class='ocrx_word' id='word_1_156' title='bbox 937 2317 1030 2375; x_wconf 90' lang='lat' dir='ltr'>cute</span> <span class='ocrx_word' id='word_1_157' title='bbox 1058 2290 1308 2374; x_wconf 86' lang='lat' dir='ltr'>consentiunt</span> <span class='ocrx_word' id='word_1_158' title='bbox 1336 2288 1532 2402; x_wconf 71' lang='lat' dir='ltr'>equaliter</span> <span class='ocrx_word' id='word_1_159' title='bbox 1556 2320 1628 2424; x_wconf 69' lang='lat' dir='ltr'>pa·</span> 
     </span>
     <span class='ocr_line' id='line_1_18' title="bbox 199 2403 1629 2517; baseline -0.002 -27"><span class='ocrx_word' id='word_1_160' title='bbox 199 2405 353 2490; x_wconf 82' lang='lat' dir='ltr'>tiuntur</span> <span class='ocrx_word' id='word_1_161' title='bbox 365 2463 383 2510; x_wconf 95' lang='lat'>,</span> <span class='ocrx_word' id='word_1_162' title='bbox 400 2412 449 2494; x_wconf 19' lang='lat'>⁴&amp;</span> <span class='ocrx_word' id='word_1_163' title='bbox 472 2404 733 2517; x_wconf 76' lang='lat' dir='ltr'>symptomata</span> <span class='ocrx_word' id='word_1_164' title='bbox 758 2408 862 2488; x_wconf 84' lang='lat' dir='ltr'>cutis</span> <span class='ocrx_word' id='word_1_165' title='bbox 884 2404 1026 2488; x_wconf 67' lang='lat' dir='ltr'>assessu</span> <span class='ocrx_word' id='word_1_166' title='bbox 1051 2403 1244 2508; x_wconf 82' lang='lat' dir='ltr'>offerunt,</span> <span class='ocrx_word' id='word_1_167' title='bbox 1267 2407 1463 2514; x_wconf 83' lang='lat' dir='ltr'>utrimque</span> <span class='ocrx_word' id='word_1_168' title='bbox 1485 2429 1629 2516; x_wconf 74' lang='lat' dir='ltr'>pariter</span> 
     </span>
     <span class='ocr_line' id='line_1_19' title="bbox 204 2515 1725 2628; baseline 0.005 -28"><span class='ocrx_word' id='word_1_169' title='bbox 204 2515 341 2601; x_wconf 83' lang='lat' dir='ltr'>adsunt</span> <span class='ocrx_word' id='word_1_170' title='bbox 361 2520 533 2602; x_wconf 81' lang='lat' dir='ltr'>anxietas</span> <span class='ocrx_word' id='word_1_171' title='bbox 552 2515 822 2625; x_wconf 77' lang='lat' dir='ltr'>stomacbalis,</span> <span class='ocrx_word' id='word_1_172' title='bbox 845 2523 1041 2628; x_wconf 78' lang='lat' dir='ltr'>utrimque</span> <span class='ocrx_word' id='word_1_173' title='bbox 1058 2515 1290 2628; x_wconf 84' lang='lat' dir='ltr'>suffocatio,</span> <span class='ocrx_word' id='word_1_174' title='bbox 1312 2520 1508 2624; x_wconf 80' lang='lat' dir='ltr'>utrimque</span> <span class='ocrx_word' id='word_1_175' title='bbox 1523 2520 1630 2608; x_wconf 83' lang='lat' dir='ltr'>nitet</span> <span class='ocrx_word' id='word_1_176' title='bbox 1722 2543 1725 2548; x_wconf 84' lang='grc'><strong>’</strong></span> 
     </span>
     <span class='ocr_line' id='line_1_20' title="bbox 207 2627 1631 2742; baseline -0.001 -26"><span class='ocrx_word' id='word_1_177' title='bbox 207 2627 419 2716; x_wconf 88' lang='lat' dir='ltr'>oculorum</span> <span class='ocrx_word' id='word_1_178' title='bbox 442 2629 723 2738; x_wconf 75' lang='lat' dir='ltr'>ardentissimus</span> <span class='ocrx_word' id='word_1_179' title='bbox 746 2630 920 2715; x_wconf 86' lang='lat' dir='ltr'>Medicis</span> <span class='ocrx_word' id='word_1_180' title='bbox 946 2627 1048 2714; x_wconf 70' lang='lat' dir='ltr'>bens</span> <span class='ocrx_word' id='word_1_181' title='bbox 1074 2631 1284 2742; x_wconf 82' lang='lat' dir='ltr'>cognitus,</span> <span class='ocrx_word' id='word_1_182' title='bbox 1308 2636 1350 2713; x_wconf 75' lang='lat' dir='ltr'>dt</span> <span class='ocrx_word' id='word_1_183' title='bbox 1374 2630 1472 2712; x_wconf 87' lang='lat' dir='ltr'>visui</span> <span class='ocrx_word' id='word_1_184' title='bbox 1527 2634 1631 2714; x_wconf 77' lang='lat' dir='ltr'>otius</span> 
     </span>
     <span class='ocr_line' id='line_1_21' title="bbox 206 2659 1631 2858; baseline 0.001 -33"><span class='ocrx_word' id='word_1_185' title='bbox 206 2743 387 2858; x_wconf 79' lang='lat' dir='ltr'>distingui</span> <span class='ocrx_word' id='word_1_186' title='bbox 399 2739 548 2850; x_wconf 85' lang='lat' dir='ltr'>facilis,</span> <span class='ocrx_word' id='word_1_187' title='bbox 563 2738 680 2853; x_wconf 67' lang='lat' dir='ltr'>quim</span> <span class='ocrx_word' id='word_1_188' title='bbox 691 2739 979 2826; x_wconf 87' lang='lat' dir='ltr'>describendus.</span> <span class='ocrx_word' id='word_1_189' title='bbox 991 2743 1121 2826; x_wconf 86' lang='lat' dir='ltr'>Vexat</span> <span class='ocrx_word' id='word_1_190' title='bbox 1130 2742 1271 2854; x_wconf 88' lang='lat' dir='ltr'>pariter</span> <span class='ocrx_word' id='word_1_191' title='bbox 1281 2659 1631 2854; x_wconf 64' lang='lat' dir='ltr'>plerumqudtuffi&#39;u</span> 
     </span>
     <span class='ocr_line' id='line_1_22' title="bbox 205 2851 1633 2967; baseline -0.001 -27"><span class='ocrx_word' id='word_1_192' title='bbox 205 2860 308 2941; x_wconf 83' lang='lat' dir='ltr'>acris</span> <span class='ocrx_word' id='word_1_193' title='bbox 328 2885 413 2967; x_wconf 77' lang='lat' dir='ltr'>quae</span> <span class='ocrx_word' id='word_1_194' title='bbox 430 2855 455 2939; x_wconf 94' lang='lat' dir='ltr'>s</span> <span class='ocrx_word' id='word_1_195' title='bbox 557 2905 558 2908; x_wconf 16' lang='grc' dir='ltr'><strong><em>κ</em></strong></span> <span class='ocrx_word' id='word_1_196' title='bbox 587 2881 692 2940; x_wconf 87' lang='lat' dir='ltr'>mata</span> <span class='ocrx_word' id='word_1_197' title='bbox 712 2857 797 2938; x_wconf 83' lang='lat' dir='ltr'>crisr</span> <span class='ocrx_word' id='word_1_198' title='bbox 817 2855 918 2940; x_wconf 66' lang='lat' dir='ltr'>sadi</span> <span class='ocrx_word' id='word_1_199' title='bbox 941 2852 1087 2939; x_wconf 79' lang='lat' dir='ltr'>cessant</span> <span class='ocrx_word' id='word_1_200' title='bbox 1103 2857 1145 2936; x_wconf 91' lang='lat' dir='ltr'>in</span> <span class='ocrx_word' id='word_1_201' title='bbox 1165 2855 1338 2961; x_wconf 88' lang='lat' dir='ltr'>criticis,</span> <span class='ocrx_word' id='word_1_202' title='bbox 1358 2851 1567 2966; x_wconf 87' lang='lat' dir='ltr'>perdurant</span> <span class='ocrx_word' id='word_1_203' title='bbox 1590 2855 1633 2938; x_wconf 87' lang='lat' dir='ltr'>in</span> 
     </span>
     <span class='ocr_line' id='line_1_23' title="bbox 207 2882 1634 3082; baseline 0 -29"><span class='ocrx_word' id='word_1_204' title='bbox 207 2997 294 3053; x_wconf 87' lang='lat' dir='ltr'>non</span> <span class='ocrx_word' id='word_1_205' title='bbox 314 2882 603 3079; x_wconf 56' lang='lat' dir='ltr'>criticislblbiie</span> <span class='ocrx_word' id='word_1_206' title='bbox 624 2967 674 3051; x_wconf 89' lang='lat' dir='ltr'>ad</span> <span class='ocrx_word' id='word_1_207' title='bbox 691 2995 844 3082; x_wconf 78' lang='lat' dir='ltr'>tenipus</span> <span class='ocrx_word' id='word_1_208' title='bbox 870 2997 951 3079; x_wconf 89' lang='lat' dir='ltr'>quo</span> <span class='ocrx_word' id='word_1_209' title='bbox 977 2963 1086 3052; x_wconf 80' lang='lat' dir='ltr'>alvus</span> <span class='ocrx_word' id='word_1_210' title='bbox 1105 2961 1251 3050; x_wconf 77' lang='lat' dir='ltr'>biliofis</span> <span class='ocrx_word' id='word_1_211' title='bbox 1273 2968 1444 3068; x_wconf 80' lang='lat' dir='ltr'>materiis</span> <span class='ocrx_word' id='word_1_212' title='bbox 1467 2961 1634 3080; x_wconf 57' lang='lat' dir='ltr'>copiosi</span> 
     </span>
    </p>

    <p class='ocr_par' dir='ltr' id='par_1_6' title="bbox 132 3076 1533 3195">
     <span class='ocr_line' id='line_1_24' title="bbox 132 3076 1533 3195; baseline -0.003 -31"><span class='ocrx_word' id='word_1_213' title='bbox 132 3103 142 3120; x_wconf 80' lang='lat'>·</span> <span class='ocrx_word' id='word_1_214' title='bbox 207 3081 320 3187; x_wconf 85' lang='lat' dir='ltr'>fluit,</span> <span class='ocrx_word' id='word_1_215' title='bbox 337 3079 409 3168; x_wconf 82' lang='lat' dir='ltr'>vel</span> <span class='ocrx_word' id='word_1_216' title='bbox 426 3080 618 3167; x_wconf 80' lang='lat' dir='ltr'>abscessus</span> <span class='ocrx_word' id='word_1_217' title='bbox 642 3080 852 3195; x_wconf 85' lang='lat' dir='ltr'>deponitur</span> <span class='ocrx_word' id='word_1_218' title='bbox 876 3086 918 3166; x_wconf 87' lang='lat' dir='ltr'>in</span> <span class='ocrx_word' id='word_1_219' title='bbox 943 3078 1111 3190; x_wconf 82' lang='lat' dir='ltr'>aliquam</span> <span class='ocrx_word' id='word_1_220' title='bbox 1134 3105 1313 3192; x_wconf 89' lang='lat' dir='ltr'>partem,</span> <span class='ocrx_word' id='word_1_221' title='bbox 1335 3076 1533 3164; x_wconf 86' lang='lat' dir='ltr'>velerum</span> 
     </span>
    </p>
   </div>
   <div class='ocr_carea' id='block_1_2' title="bbox 27 3105 1645 5094">
    <p class='ocr_par' dir='ltr' id='par_1_7' title="bbox 203 3105 1634 3422">
     <span class='ocr_line' id='line_1_25' title="bbox 203 3105 1634 3311; baseline -0.001 -33"><span class='ocrx_word' id='word_1_222' title='bbox 203 3193 398 3302; x_wconf 86' lang='lat' dir='ltr'>sudores,</span> <span class='ocrx_word' id='word_1_223' title='bbox 420 3221 497 3284; x_wconf 85' lang='lat' dir='ltr'>aut</span> <span class='ocrx_word' id='word_1_224' title='bbox 526 3193 686 3280; x_wconf 83' lang='lat' dir='ltr'>tandem</span> <span class='ocrx_word' id='word_1_225' title='bbox 710 3193 838 3280; x_wconf 78' lang='lat' dir='ltr'>lurior</span> <span class='ocrx_word' id='word_1_226' title='bbox 867 3221 984 3306; x_wconf 84' lang='lat' dir='ltr'>atque</span> <span class='ocrx_word' id='word_1_227' title='bbox 1008 3191 1215 3311; x_wconf 79' lang='lat' dir='ltr'>benignior</span> <span class='ocrx_word' id='word_1_228' title='bbox 1236 3190 1424 3278; x_wconf 73' lang='lat' dir='ltr'>resolutio</span> <span class='ocrx_word' id='word_1_229' title='bbox 1447 3105 1634 3276; x_wconf 52' lang='lat' dir='ltr'>morbidi</span> 
     </span>
     <span class='ocr_line' id='line_1_26' title="bbox 207 3303 1625 3422; baseline -0.004 -33"><span class='ocrx_word' id='word_1_230' title='bbox 207 3303 349 3392; x_wconf 71' lang='lat' dir='ltr'>lentius</span> <span class='ocrx_word' id='word_1_231' title='bbox 372 3306 548 3422; x_wconf 80' lang='lat' dir='ltr'>expellit.</span> <span class='ocrx_word' id='word_1_232' title='bbox 1561 3319 1566 3322; x_wconf 82' lang='grc'><strong>’</strong></span> <span class='ocrx_word' id='word_1_233' title='bbox 1618 3363 1625 3372; x_wconf 80' lang='grc'><strong>-</strong></span> 
     </span>
    </p>

    <p class='ocr_par' dir='ltr' id='par_1_8' title="bbox 210 3416 1639 4186">
     <span class='ocr_line' id='line_1_27' title="bbox 263 3416 1636 3532; baseline -0.004 -27"><span class='ocrx_word' id='word_1_234' title='bbox 263 3419 315 3505; x_wconf 88' lang='lat' dir='ltr'>In</span> <span class='ocrx_word' id='word_1_235' title='bbox 342 3419 491 3506; x_wconf 78' lang='lat' dir='ltr'>morbis</span> <span class='ocrx_word' id='word_1_236' title='bbox 517 3423 615 3507; x_wconf 82' lang='lat' dir='ltr'>verb</span> <span class='ocrx_word' id='word_1_237' title='bbox 644 3426 767 3508; x_wconf 78' lang='lat' dir='ltr'>acutis</span> <span class='ocrx_word' id='word_1_238' title='bbox 798 3420 865 3532; x_wconf 89' lang='lat' dir='ltr'>qui</span> <span class='ocrx_word' id='word_1_239' title='bbox 894 3419 1021 3504; x_wconf 80' lang='lat' dir='ltr'>crifim</span> <span class='ocrx_word' id='word_1_240' title='bbox 1048 3418 1098 3504; x_wconf 78' lang='lat' dir='ltr'>ad</span> <span class='ocrx_word' id='word_1_241' title='bbox 1125 3447 1258 3506; x_wconf 87' lang='lat' dir='ltr'>cutem</span> <span class='ocrx_word' id='word_1_242' title='bbox 1288 3416 1469 3502; x_wconf 72' lang='lat' dir='ltr'>affeoant</span> <span class='ocrx_word' id='word_1_243' title='bbox 1502 3418 1636 3500; x_wconf 88' lang='lat' dir='ltr'>omnia</span> 
     </span>
     <span class='ocr_line' id='line_1_28' title="bbox 210 3531 1635 3646; baseline -0.005 -29"><span class='ocrx_word' id='word_1_244' title='bbox 210 3533 259 3618; x_wconf 87' lang='lat' dir='ltr'>ad</span> <span class='ocrx_word' id='word_1_245' title='bbox 282 3561 439 3620; x_wconf 89' lang='lat' dir='ltr'>certum</span> <span class='ocrx_word' id='word_1_246' title='bbox 455 3561 605 3619; x_wconf 43' lang='lat' dir='ltr'>,naute</span> <span class='ocrx_word' id='word_1_247' title='bbox 635 3536 816 3622; x_wconf 83' lang='lat' dir='ltr'>ordinem</span> <span class='ocrx_word' id='word_1_248' title='bbox 840 3534 1141 3619; x_wconf 84' lang='lat' dir='ltr'>concinnantur.</span> <span class='ocrx_word' id='word_1_249' title='bbox 1178 3534 1372 3646; x_wconf 86' lang='lat' dir='ltr'>Quamvis</span> <span class='ocrx_word' id='word_1_250' title='bbox 1393 3531 1500 3613; x_wconf 87' lang='lat' dir='ltr'>enim</span> <span class='ocrx_word' id='word_1_251' title='bbox 1525 3557 1635 3643; x_wconf 82' lang='lat' dir='ltr'>mor·</span> 
     </span>
     <span class='ocr_line' id='line_1_29' title="bbox 214 3642 1636 3760; baseline -0.004 -32"><span class='ocrx_word' id='word_1_252' title='bbox 214 3644 359 3731; x_wconf 72' lang='lat' dir='ltr'>bonnm</span> <span class='ocrx_word' id='word_1_253' title='bbox 381 3645 542 3732; x_wconf 85' lang='lat' dir='ltr'>illorum</span> <span class='ocrx_word' id='word_1_254' title='bbox 567 3643 632 3731; x_wconf 84' lang='lat' dir='ltr'>&#39;alii</span> <span class='ocrx_word' id='word_1_255' title='bbox 655 3646 761 3733; x_wconf 86' lang='lat' dir='ltr'>leves</span> <span class='ocrx_word' id='word_1_256' title='bbox 780 3649 873 3752; x_wconf 88' lang='lat' dir='ltr'>smt,</span> <span class='ocrx_word' id='word_1_257' title='bbox 898 3642 964 3730; x_wconf 86' lang='lat' dir='ltr'>alii</span> <span class='ocrx_word' id='word_1_258' title='bbox 985 3673 1151 3760; x_wconf 85' lang='lat' dir='ltr'>graues,</span> <span class='ocrx_word' id='word_1_259' title='bbox 1179 3647 1246 3730; x_wconf 85' lang='lat' dir='ltr'>alii</span> <span class='ocrx_word' id='word_1_260' title='bbox 1267 3643 1355 3726; x_wconf 88' lang='lat' dir='ltr'>crisr</span> <span class='ocrx_word' id='word_1_261' title='bbox 1379 3644 1636 3760; x_wconf 77' lang='lat' dir='ltr'>terminentur</span> 
     </span>
     <span class='ocr_line' id='line_1_30' title="bbox 212 3751 1637 3873; baseline -0.006 -29"><span class='ocrx_word' id='word_1_262' title='bbox 212 3757 376 3868; x_wconf 83' lang='lat' dir='ltr'>lethali,</span> <span class='ocrx_word' id='word_1_263' title='bbox 391 3751 1637 3873; x_wconf 57' lang='lat' dir='ltr'>aliicontrisalutemdctisraccipianucertasnihilorninbsob</span> 
     </span>
     <span class='ocr_line' id='line_1_31' title="bbox 214 3859 1636 3986; baseline -0.007 -28"><span class='ocrx_word' id='word_1_264' title='bbox 214 3871 370 3958; x_wconf 74' lang='lat' dir='ltr'>servant</span> <span class='ocrx_word' id='word_1_265' title='bbox 384 3900 434 3959; x_wconf 83' lang='lat' dir='ltr'>ex</span> <span class='ocrx_word' id='word_1_266' title='bbox 449 3875 619 3958; x_wconf 77' lang='lat' dir='ltr'>nuoeriae</span> <span class='ocrx_word' id='word_1_267' title='bbox 633 3873 858 3958; x_wconf 74' lang='lat' dir='ltr'>necessitate</span> <span class='ocrx_word' id='word_1_268' title='bbox 898 3869 1080 3978; x_wconf 73' lang='lat' dir='ltr'>esiodus,</span> <span class='ocrx_word' id='word_1_269' title='bbox 1110 3859 1311 3986; x_wconf 84' lang='lat' dir='ltr'>longiores</span> <span class='ocrx_word' id='word_1_270' title='bbox 1327 3865 1393 3952; x_wconf 82' lang='lat' dir='ltr'>vel</span> <span class='ocrx_word' id='word_1_271' title='bbox 1408 3865 1636 3982; x_wconf 82' lang='lat' dir='ltr'>breviores,</span> 
     </span>
     <span class='ocr_line' id='line_1_32' title="bbox 211 3900 1639 4124; baseline -0.006 -56"><span class='ocrx_word' id='word_1_272' title='bbox 211 3982 437 4074; x_wconf 74' lang='lat' dir='ltr'>sevioribus</span> <span class='ocrx_word' id='word_1_273' title='bbox 451 3987 601 4102; x_wconf 70' lang='lat' dir='ltr'>stipatas</span> <span class='ocrx_word' id='word_1_274' title='bbox 618 3900 941 4101; x_wconf 74' lang='lat' dir='ltr'>symptomatibus</span> <span class='ocrx_word' id='word_1_275' title='bbox 950 4045 965 4092; x_wconf 94' lang='lat'>,</span> <span class='ocrx_word' id='word_1_276' title='bbox 976 3983 1269 4072; x_wconf 83' lang='lat' dir='ltr'>vellenioribus</span> <span class='ocrx_word' id='word_1_277' title='bbox 1276 4045 1292 4095; x_wconf 87' lang='lat'>,</span> <span class='ocrx_word' id='word_1_278' title='bbox 1303 3980 1369 4065; x_wconf 86' lang='lat' dir='ltr'>sed</span> <span class='ocrx_word' id='word_1_279' title='bbox 1381 3977 1639 4124; x_wconf 49' lang='lat' dir='ltr'>observande</span> 
     </span>
     <span class='ocr_line' id='line_1_33' title="bbox 212 4123 1056 4186; baseline -0.002 -4"><span class='ocrx_word' id='word_1_280' title='bbox 212 4123 361 4186; x_wconf 81' lang='lat' dir='ltr'>tamen.</span> <span class='ocrx_word' id='word_1_281' title='bbox 684 4139 687 4146; x_wconf 91' lang='lat'>·</span> <span class='ocrx_word' id='word_1_282' title='bbox 813 4145 818 4153; x_wconf 92' lang='lat'><em>·</em></span> <span class='ocrx_word' id='word_1_283' title='bbox 1053 4161 1056 4166; x_wconf 83' lang='grc'><strong>-</strong></span> 
     </span>
    </p>

    <p class='ocr_par' dir='ltr' id='par_1_9' title="bbox 213 4200 1642 4666">
     <span class='ocr_line' id='line_1_34' title="bbox 270 4200 1640 4323; baseline -0.007 -26"><span class='ocrx_word' id='word_1_284' title='bbox 270 4213 328 4298; x_wconf 91' lang='lat' dir='ltr'>Ut</span> <span class='ocrx_word' id='word_1_285' title='bbox 340 4212 462 4312; x_wconf 44' lang='lat' dir='ltr'>,verb</span> <span class='ocrx_word' id='word_1_286' title='bbox 493 4209 622 4323; x_wconf 84' lang='lat' dir='ltr'>aliqua</span> <span class='ocrx_word' id='word_1_287' title='bbox 648 4243 667 4296; x_wconf 89' lang='lat' dir='ltr'>r</span> <span class='ocrx_word' id='word_1_288' title='bbox 741 4238 858 4298; x_wconf 87' lang='lat' dir='ltr'>tnos</span> <span class='ocrx_word' id='word_1_289' title='bbox 890 4212 991 4296; x_wconf 87' lang='lat' dir='ltr'>inter</span> <span class='ocrx_word' id='word_1_290' title='bbox 1020 4208 1184 4294; x_wconf 89' lang='lat' dir='ltr'>morbos</span> <span class='ocrx_word' id='word_1_291' title='bbox 1219 4200 1447 4320; x_wconf 84' lang='lat' dir='ltr'>multiplicis</span> <span class='ocrx_word' id='word_1_292' title='bbox 1486 4204 1640 4316; x_wconf 83' lang='lat' dir='ltr'>generis</span> 
     </span>
     <span class='ocr_line' id='line_1_35' title="bbox 218 4319 1641 4466; baseline -0.011 -53"><span class='ocrx_word' id='word_1_293' title='bbox 218 4323 410 4412; x_wconf 72' lang='lat' dir='ltr'>distinato</span> <span class='ocrx_word' id='word_1_294' title='bbox 421 4386 436 4433; x_wconf 93' lang='lat'>,</span> <span class='ocrx_word' id='word_1_295' title='bbox 473 4323 660 4410; x_wconf 81' lang='lat' dir='ltr'>sumenda</span> <span class='ocrx_word' id='word_1_296' title='bbox 687 4324 757 4426; x_wconf 85' lang='lat' dir='ltr'>ila</span> <span class='ocrx_word' id='word_1_297' title='bbox 788 4323 943 4408; x_wconf 88' lang='lat' dir='ltr'>videtur</span> <span class='ocrx_word' id='word_1_298' title='bbox 955 4383 969 4429; x_wconf 92' lang='lat'>,</span> <span class='ocrx_word' id='word_1_299' title='bbox 1005 4331 1088 4407; x_wconf 81' lang='lat' dir='ltr'>tbm</span> <span class='ocrx_word' id='word_1_300' title='bbox 1115 4319 1141 4404; x_wconf 75' lang='grc' dir='ltr'>ὲ</span> <span class='ocrx_word' id='word_1_301' title='bbox 1166 4321 1366 4466; x_wconf 52' lang='grc' dir='ltr'>ξῐίηοὶρὶἱε</span> <span class='ocrx_word' id='word_1_302' title='bbox 1403 4319 1641 4430; x_wconf 89' lang='lat' dir='ltr'>erumpentis</span> 
     </span>
     <span class='ocr_line' id='line_1_36' title="bbox 217 4430 1642 4574; baseline -0.007 -53"><span class='ocrx_word' id='word_1_303' title='bbox 217 4435 379 4544; x_wconf 85' lang='lat' dir='ltr'>morbi,</span> <span class='ocrx_word' id='word_1_304' title='bbox 401 4445 490 4525; x_wconf 77' lang='lat' dir='ltr'>tbm</span> <span class='ocrx_word' id='word_1_305' title='bbox 516 4438 710 4554; x_wconf 66' lang='lat' dir='ltr'>precipue</span> <span class='ocrx_word' id='word_1_306' title='bbox 737 4433 786 4520; x_wconf 84' lang='lat' dir='ltr'>ab</span> <span class='ocrx_word' id='word_1_307' title='bbox 817 4439 1034 4574; x_wconf 66' lang='lat' dir='ltr'>eruptionis</span> <span class='ocrx_word' id='word_1_308' title='bbox 1061 4434 1191 4518; x_wconf 88' lang='lat' dir='ltr'>forma</span> <span class='ocrx_word' id='word_1_309' title='bbox 1219 4461 1302 4544; x_wconf 75' lang='lat' dir='ltr'>que</span> <span class='ocrx_word' id='word_1_310' title='bbox 1330 4430 1505 4545; x_wconf 89' lang='lat' dir='ltr'>speciem·</span> <span class='ocrx_word' id='word_1_311' title='bbox 1525 4453 1642 4540; x_wconf 86' lang='lat' dir='ltr'>atque</span> 
     </span>
     <span class='ocr_line' id='line_1_37' title="bbox 213 4547 1081 4666; baseline -0.005 -31"><span class='ocrx_word' id='word_1_312' title='bbox 213 4551 376 4636; x_wconf 78' lang='lat' dir='ltr'>eausam</span> <span class='ocrx_word' id='word_1_313' title='bbox 402 4549 675 4666; x_wconf 59' lang='lat' dir='ltr'>mabsemper</span> <span class='ocrx_word' id='word_1_314' title='bbox 702 4547 915 4636; x_wconf 70' lang='lat' dir='ltr'>reteffirio</span> <span class='ocrx_word' id='word_1_315' title='bbox 929 4551 1081 4662; x_wconf 64' lang='lat' dir='ltr'>arguit.</span> 
     </span>
    </p>

    <p class='ocr_par' dir='ltr' id='par_1_10' title="bbox 224 4653 1644 4890">
     <span class='ocr_line' id='line_1_38' title="bbox 275 4653 1644 4779; baseline -0.003 -33"><span class='ocrx_word' id='word_1_316' title='bbox 275 4660 416 4752; x_wconf 80' lang='lat' dir='ltr'>Morbi</span> <span class='ocrx_word' id='word_1_317' title='bbox 436 4666 557 4779; x_wconf 80' lang='lat' dir='ltr'>porro</span> <span class='ocrx_word' id='word_1_318' title='bbox 578 4664 685 4747; x_wconf 76' lang='lat' dir='ltr'>amri</span> <span class='ocrx_word' id='word_1_319' title='bbox 712 4662 879 4776; x_wconf 84' lang='lat' dir='ltr'>eruptivi</span> <span class='ocrx_word' id='word_1_320' title='bbox 906 4659 1044 4745; x_wconf 67' lang='lat' dir='ltr'>critice</span> <span class='ocrx_word' id='word_1_321' title='bbox 1070 4659 1224 4745; x_wconf 89' lang='lat' dir='ltr'>causam</span> <span class='ocrx_word' id='word_1_322' title='bbox 1251 4653 1382 4740; x_wconf 90' lang='lat' dir='ltr'>morbi</span> <span class='ocrx_word' id='word_1_323' title='bbox 1409 4683 1479 4772; x_wconf 86' lang='lat' dir='ltr'>per</span> <span class='ocrx_word' id='word_1_324' title='bbox 1509 4682 1644 4766; x_wconf 85' lang='lat' dir='ltr'>cutem</span> 
     </span>
     <span class='ocr_line' id='line_1_39' title="bbox 224 4768 1644 4890; baseline -0.008 -30"><span class='ocrx_word' id='word_1_325' title='bbox 224 4775 476 4884; x_wconf 73' lang='lat' dir='ltr'>auferentes,</span> <span class='ocrx_word' id='word_1_326' title='bbox 520 4775 602 4861; x_wconf 91' lang='lat' dir='ltr'>hoc</span> <span class='ocrx_word' id='word_1_327' title='bbox 630 4773 702 4860; x_wconf 83' lang='lat' dir='ltr'>sub</span> <span class='ocrx_word' id='word_1_328' title='bbox 724 4775 771 4858; x_wconf 87' lang='lat' dir='ltr'>as</span> <span class='ocrx_word' id='word_1_329' title='bbox 850 4805 878 4860; x_wconf 92' lang='lat' dir='ltr'>u</span> <span class='ocrx_word' id='word_1_330' title='bbox 906 4773 1062 4890; x_wconf 72' lang='lat' dir='ltr'>spedan&#39;</span> <span class='ocrx_word' id='word_1_331' title='bbox 1074 4835 1089 4884; x_wconf 95' lang='lat'>,</span> <span class='ocrx_word' id='word_1_332' title='bbox 1124 4769 1207 4882; x_wconf 82' lang='lat' dir='ltr'>jure</span> <span class='ocrx_word' id='word_1_333' title='bbox 1232 4771 1285 4856; x_wconf 86' lang='lat' dir='ltr'>ad</span> <span class='ocrx_word' id='word_1_334' title='bbox 1315 4795 1481 4883; x_wconf 77' lang='lat' dir='ltr'>qtntuor</span> <span class='ocrx_word' id='word_1_335' title='bbox 1511 4768 1644 4858; x_wconf 82' lang='lat' dir='ltr'>classes</span> 
     </span>
    </p>

    <p class='ocr_par' dir='ltr' id='par_1_11' title="bbox 27 4835 1645 5094">
     <span class='ocr_line' id='line_1_40' title="bbox 27 4835 1645 5094; baseline -0.006 -121"><span class='ocrx_word' id='word_1_336' title='bbox 27 4835 32 5094; x_wconf 51' lang='grc' dir='ltr'>ἱ</span> <span class='ocrx_word' id='word_1_337' title='bbox 222 4887 452 4978; x_wconf 70' lang='lat' dir='ltr'>restruatur.</span> <span class='ocrx_word' id='word_1_338' title='bbox 480 4888 651 4988; x_wconf 77' lang='lat' dir='ltr'>Primam</span> <span class='ocrx_word' id='word_1_339' title='bbox 672 4887 714 4992; x_wconf 76' lang='lat' dir='ltr'>el</span> <span class='ocrx_word' id='word_1_340' title='bbox 834 4891 1086 4978; x_wconf 76' lang='lat' dir='ltr'>eonstituent</span> <span class='ocrx_word' id='word_1_341' title='bbox 1104 4885 1163 4973; x_wconf 83' lang='lat' dir='ltr'>illi</span> <span class='ocrx_word' id='word_1_342' title='bbox 1178 4888 1254 4998; x_wconf 81' lang='lat' dir='ltr'>qui</span> <span class='ocrx_word' id='word_1_343' title='bbox 1268 4885 1395 4972; x_wconf 90' lang='lat' dir='ltr'>serum</span> <span class='ocrx_word' id='word_1_344' title='bbox 1415 4884 1645 4970; x_wconf 82' lang='lat' dir='ltr'>uere-exha&#39;·</span> 
     </span>
    </p>
   </div>
   <div class='ocr_carea' id='block_1_3' title="bbox 0 0 2144 5892">
    <p class='ocr_par' dir='ltr' id='par_1_12' title="bbox 0 0 2144 5892">
     <span class='ocr_line' id='line_1_41' title="bbox 0 0 2144 5892; baseline 0 0"><span class='ocrx_word' id='word_1_345' title='bbox 0 0 2144 5892; x_wconf 95' lang='lat' dir='ltr'> </span> 
     </span>
    </p>
   </div>
  </div>
 </body>
</html>
