<?xml version="1.0" encoding="UTF-8"?>
<!DOCTYPE html PUBLIC "-//W3C//DTD XHTML 1.0 Transitional//EN"
    "http://www.w3.org/TR/xhtml1/DTD/xhtml1-transitional.dtd">
<html xmlns="http://www.w3.org/1999/xhtml" xml:lang="en" lang="en">
 <head>
  <title>
</title>
<meta http-equiv="Content-Type" content="text/html;charset=utf-8" />
  <meta name='ocr-system' content='tesseract 3.04.00' />
  <meta name='ocr-capabilities' content='ocr_page ocr_carea ocr_par ocr_line ocrx_word'/>
</head>
<body>
  <div class='ocr_page' id='page_1' title='image "./tractatusdemorb00cavegoog_0539.png"; bbox 0 0 4250 5898; ppageno 0'>
   <div class='ocr_carea' id='block_1_1' title="bbox 694 349 1661 533">
    <p class='ocr_par' dir='ltr' id='par_1_1' title="bbox 694 349 1661 533">
     <span class='ocr_line' id='line_1_1' title="bbox 694 349 1661 533; baseline 0.01 -29"><span class='ocrx_word' id='word_1_1' title='bbox 694 409 1192 507; x_wconf 66' lang='lat' dir='ltr'>CUTANEls</span> <span class='ocrx_word' id='word_1_2' title='bbox 1432 349 1434 359; x_wconf 52' lang='lat'>‘</span> <span class='ocrx_word' id='word_1_3' title='bbox 1585 453 1661 533; x_wconf 71' lang='lat' dir='ltr'>5n</span> 
     </span>
    </p>
   </div>
   <div class='ocr_carea' id='block_1_2' title="bbox 167 569 1712 5047">
    <p class='ocr_par' dir='ltr' id='par_1_2' title="bbox 167 569 1712 5047">
     <span class='ocr_line' id='line_1_2' title="bbox 226 569 1660 700; baseline 0.011 -42"><span class='ocrx_word' id='word_1_4' title='bbox 226 569 333 658; x_wconf 79' lang='lat' dir='ltr'>edint</span> <span class='ocrx_word' id='word_1_5' title='bbox 353 570 571 661; x_wconf 80' lang='lat' dir='ltr'>latissimam</span> <span class='ocrx_word' id='word_1_6' title='bbox 593 576 795 688; x_wconf 86' lang='lat' dir='ltr'>obtinent,</span> <span class='ocrx_word' id='word_1_7' title='bbox 821 610 897 666; x_wconf 88' lang='lat' dir='ltr'>nec</span> <span class='ocrx_word' id='word_1_8' title='bbox 922 584 991 664; x_wconf 84' lang='lat' dir='ltr'>nist</span> <span class='ocrx_word' id='word_1_9' title='bbox 1010 609 1103 667; x_wconf 89' lang='lat' dir='ltr'>cute</span> <span class='ocrx_word' id='word_1_10' title='bbox 1119 579 1305 668; x_wconf 71' lang='lat' dir='ltr'>destruili</span> <span class='ocrx_word' id='word_1_11' title='bbox 1326 581 1466 668; x_wconf 86' lang='lat' dir='ltr'>destrui</span> <span class='ocrx_word' id='word_1_12' title='bbox 1490 579 1660 700; x_wconf 87' lang='lat' dir='ltr'><strong>possunt.</strong></span> 
     </span>
     <span class='ocr_line' id='line_1_3' title="bbox 282 688 1660 786; baseline 0.01 -14"><span class='ocrx_word' id='word_1_13' title='bbox 282 688 430 772; x_wconf 83' lang='lat' dir='ltr'>Veritm</span> <span class='ocrx_word' id='word_1_14' title='bbox 457 688 533 773; x_wconf 79' lang='lat' dir='ltr'>alia·</span> <span class='ocrx_word' id='word_1_15' title='bbox 559 693 611 772; x_wconf 86' lang='lat' dir='ltr'>est</span> <span class='ocrx_word' id='word_1_16' title='bbox 636 690 765 776; x_wconf 85' lang='lat' dir='ltr'>forma</span> <span class='ocrx_word' id='word_1_17' title='bbox 792 694 969 778; x_wconf 80' lang='lat' dir='ltr'>secunda·</span> <span class='ocrx_word' id='word_1_18' title='bbox 996 693 1121 778; x_wconf 79' lang='lat' dir='ltr'>classis</span> <span class='ocrx_word' id='word_1_19' title='bbox 1145 719 1278 780; x_wconf 87' lang='lat' dir='ltr'>earum</span> <span class='ocrx_word' id='word_1_20' title='bbox 1306 698 1660 786; x_wconf 81' lang='lat' dir='ltr'>excrescentiarunr</span> 
     </span>
     <span class='ocr_line' id='line_1_4' title="bbox 193 799 1658 920; baseline 0.01 -41"><span class='ocrx_word' id='word_1_21' title='bbox 193 813 310 908; x_wconf 76' lang='lat' dir='ltr'>&#39;qua</span> <span class='ocrx_word' id='word_1_22' title='bbox 345 799 497 886; x_wconf 89' lang='lat' dir='ltr'>scilicet</span> <span class='ocrx_word' id='word_1_23' title='bbox 530 831 702 917; x_wconf 90' lang='lat' dir='ltr'>corpore</span> <span class='ocrx_word' id='word_1_24' title='bbox 732 804 896 911; x_wconf 90' lang='lat' dir='ltr'>adulto,</span> <span class='ocrx_word' id='word_1_25' title='bbox 921 816 1077 890; x_wconf 85' lang='lat' dir='ltr'>&amp;cute</span> <span class='ocrx_word' id='word_1_26' title='bbox 1105 806 1182 916; x_wconf 85' lang='lat' dir='ltr'>jam</span> <span class='ocrx_word' id='word_1_27' title='bbox 1211 803 1346 912; x_wconf 73' lang='lat' dir='ltr'>firmi,</span> <span class='ocrx_word' id='word_1_28' title='bbox 1374 808 1495 920; x_wconf 84' lang='lat' dir='ltr'>ipsam</span> <span class='ocrx_word' id='word_1_29' title='bbox 1523 807 1658 915; x_wconf 80' lang='lat' dir='ltr'>defor-</span> 
     </span>
     <span class='ocr_line' id='line_1_5' title="bbox 224 913 1658 1029; baseline 0.013 -39"><span class='ocrx_word' id='word_1_30' title='bbox 224 936 348 994; x_wconf 76' lang='lat' dir='ltr'>mant.</span> <span class='ocrx_word' id='word_1_31' title='bbox 370 913 534 1019; x_wconf 86' lang='lat' dir='ltr'>Primae,</span> <span class='ocrx_word' id='word_1_32' title='bbox 566 925 718 1026; x_wconf 79' lang='lat' dir='ltr'>&amp;que</span> <span class='ocrx_word' id='word_1_33' title='bbox 747 919 918 1002; x_wconf 74' lang='lat' dir='ltr'>maxime</span> <span class='ocrx_word' id='word_1_34' title='bbox 941 917 1202 1024; x_wconf 84' lang='lat' dir='ltr'>communes,</span> <span class='ocrx_word' id='word_1_35' title='bbox 1230 921 1447 1004; x_wconf 81' lang='lat' dir='ltr'>verrucosa</span> <span class='ocrx_word' id='word_1_36' title='bbox 1476 921 1582 1029; x_wconf 91' lang='lat' dir='ltr'>sunt,</span> <span class='ocrx_word' id='word_1_37' title='bbox 1613 931 1658 1008; x_wconf 66' lang='grc' dir='ltr'>ὃς</span> 
     </span>
     <span class='ocr_line' id='line_1_6' title="bbox 221 1025 1657 1145; baseline 0.009 -39"><span class='ocrx_word' id='word_1_38' title='bbox 221 1048 275 1106; x_wconf 83' lang='lat' dir='ltr'>ex</span> <span class='ocrx_word' id='word_1_39' title='bbox 302 1029 475 1110; x_wconf 87' lang='lat' dir='ltr'>verrucis</span> <span class='ocrx_word' id='word_1_40' title='bbox 504 1025 614 1141; x_wconf 79' lang='lat' dir='ltr'>suprit</span> <span class='ocrx_word' id='word_1_41' title='bbox 644 1030 684 1113; x_wconf 91' lang='lat' dir='ltr'>se</span> <span class='ocrx_word' id='word_1_42' title='bbox 710 1033 883 1115; x_wconf 89' lang='lat' dir='ltr'>invicem</span> <span class='ocrx_word' id='word_1_43' title='bbox 912 1034 1131 1145; x_wconf 82' lang='lat' dir='ltr'>aggregatis</span> <span class='ocrx_word' id='word_1_44' title='bbox 1163 1040 1204 1114; x_wconf 78' lang='grc' dir='ltr'>δι</span> <span class='ocrx_word' id='word_1_45' title='bbox 1230 1034 1272 1114; x_wconf 92' lang='lat' dir='ltr'>in</span> <span class='ocrx_word' id='word_1_46' title='bbox 1298 1032 1502 1118; x_wconf 83' lang='lat' dir='ltr'>cumulum</span> <span class='ocrx_word' id='word_1_47' title='bbox 1536 1063 1657 1118; x_wconf 85' lang='lat' dir='ltr'>enor-</span> 
     </span>
     <span class='ocr_line' id='line_1_7' title="bbox 216 1135 1657 1258; baseline 0.011 -42"><span class='ocrx_word' id='word_1_48' title='bbox 216 1160 333 1217; x_wconf 84' lang='lat' dir='ltr'>-mcm</span> <span class='ocrx_word' id='word_1_49' title='bbox 358 1135 455 1252; x_wconf 70' lang='lat' dir='ltr'>saepe</span> <span class='ocrx_word' id='word_1_50' title='bbox 480 1137 549 1221; x_wconf 87' lang='lat' dir='ltr'>fibi</span> <span class='ocrx_word' id='word_1_51' title='bbox 575 1144 715 1225; x_wconf 78' lang='lat' dir='ltr'>mutuo</span> <span class='ocrx_word' id='word_1_52' title='bbox 742 1141 994 1228; x_wconf 91' lang='lat' dir='ltr'>insrdentibus</span> <span class='ocrx_word' id='word_1_53' title='bbox 1013 1144 1232 1229; x_wconf 89' lang='lat' dir='ltr'>nascuntur.</span> <span class='ocrx_word' id='word_1_54' title='bbox 1258 1143 1331 1229; x_wconf 79' lang='lat' dir='ltr'>Hae</span> <span class='ocrx_word' id='word_1_55' title='bbox 1358 1143 1511 1258; x_wconf 67' lang='lat' dir='ltr'>posted,</span> <span class='ocrx_word' id='word_1_56' title='bbox 1538 1173 1657 1258; x_wconf 71' lang='lat' dir='ltr'>prout</span> 
     </span>
     <span class='ocr_line' id='line_1_8' title="bbox 217 1241 1655 1370; baseline 0.011 -42"><span class='ocrx_word' id='word_1_57' title='bbox 217 1241 246 1328; x_wconf 69' lang='lat' dir='ltr'>s</span> <span class='ocrx_word' id='word_1_58' title='bbox 273 1273 411 1332; x_wconf 91' lang='lat' dir='ltr'>centro</span> <span class='ocrx_word' id='word_1_59' title='bbox 438 1254 562 1365; x_wconf 89' lang='lat' dir='ltr'>magis</span> <span class='ocrx_word' id='word_1_60' title='bbox 587 1255 787 1368; x_wconf 86' lang='lat' dir='ltr'>magisque</span> <span class='ocrx_word' id='word_1_61' title='bbox 812 1255 948 1340; x_wconf 89' lang='lat' dir='ltr'>distant</span> <span class='ocrx_word' id='word_1_62' title='bbox 975 1265 1015 1340; x_wconf 76' lang='grc' dir='ltr'>δι</span> <span class='ocrx_word' id='word_1_63' title='bbox 1041 1254 1092 1340; x_wconf 87' lang='lat' dir='ltr'>ad</span> <span class='ocrx_word' id='word_1_64' title='bbox 1113 1271 1201 1340; x_wconf 69' lang='lat' dir='ltr'>aera</span> <span class='ocrx_word' id='word_1_65' title='bbox 1227 1283 1477 1369; x_wconf 87' lang='lat' dir='ltr'>exponuntur</span> <span class='ocrx_word' id='word_1_66' title='bbox 1502 1263 1655 1370; x_wconf 83' lang='lat' dir='ltr'>magis,</span> 
     </span>
     <span class='ocr_line' id='line_1_9' title="bbox 220 1360 1657 1480; baseline 0.01 -38"><span class='ocrx_word' id='word_1_67' title='bbox 220 1360 276 1442; x_wconf 81' lang='lat' dir='ltr'>ei&gt;</span> <span class='ocrx_word' id='word_1_68' title='bbox 305 1363 423 1444; x_wconf 86' lang='lat' dir='ltr'>etiam</span> <span class='ocrx_word' id='word_1_69' title='bbox 455 1362 542 1478; x_wconf 92' lang='lat' dir='ltr'>plus</span> <span class='ocrx_word' id='word_1_70' title='bbox 569 1365 849 1476; x_wconf 89' lang='lat' dir='ltr'>indurescunt,</span> <span class='ocrx_word' id='word_1_71' title='bbox 884 1394 1171 1480; x_wconf 89' lang='lat' dir='ltr'>tenuanturque</span> <span class='ocrx_word' id='word_1_72' title='bbox 1200 1398 1247 1452; x_wconf 89' lang='lat' dir='ltr'>ac</span> <span class='ocrx_word' id='word_1_73' title='bbox 1276 1370 1500 1474; x_wconf 85' lang='lat' dir='ltr'>firmantur,</span> <span class='ocrx_word' id='word_1_74' title='bbox 1530 1373 1585 1452; x_wconf 88' lang='lat' dir='ltr'>ita</span> <span class='ocrx_word' id='word_1_75' title='bbox 1611 1397 1657 1456; x_wconf 91' lang='lat' dir='ltr'>ut</span> 
     </span>
     <span class='ocr_line' id='line_1_10' title="bbox 213 1471 1656 1584; baseline 0.008 -30"><span class='ocrx_word' id='word_1_76' title='bbox 213 1499 352 1556; x_wconf 91' lang='lat' dir='ltr'>-cornu</span> <span class='ocrx_word' id='word_1_77' title='bbox 374 1471 452 1579; x_wconf 86' lang='lat' dir='ltr'>jam</span> <span class='ocrx_word' id='word_1_78' title='bbox 478 1477 658 1563; x_wconf 88' lang='lat' dir='ltr'>reserant.</span> <span class='ocrx_word' id='word_1_79' title='bbox 688 1479 839 1564; x_wconf 89' lang='lat' dir='ltr'>Eorum</span> <span class='ocrx_word' id='word_1_80' title='bbox 867 1479 1132 1584; x_wconf 25' lang='lat' dir='ltr'>involucrum,</span> <span class='ocrx_word' id='word_1_81' title='bbox 1147 1509 1197 1565; x_wconf 88' lang='lat' dir='ltr'>ex</span> <span class='ocrx_word' id='word_1_82' title='bbox 1223 1479 1391 1565; x_wconf 88' lang='lat' dir='ltr'>lamellis</span> <span class='ocrx_word' id='word_1_83' title='bbox 1418 1483 1578 1566; x_wconf 89' lang='lat' dir='ltr'>constat.</span> <span class='ocrx_word' id='word_1_84' title='bbox 1608 1482 1656 1566; x_wconf 90' lang='lat' dir='ltr'>In</span> 
     </span>
     <span class='ocr_line' id='line_1_11' title="bbox 210 1583 1657 1709; baseline 0.008 -43"><span class='ocrx_word' id='word_1_85' title='bbox 210 1583 360 1672; x_wconf 81' lang='lat' dir='ltr'>medio</span> <span class='ocrx_word' id='word_1_86' title='bbox 396 1585 520 1700; x_wconf 77' lang='lat' dir='ltr'>vulgo</span> <span class='ocrx_word' id='word_1_87' title='bbox 548 1595 693 1675; x_wconf 88' lang='lat' dir='ltr'>cavitas</span> <span class='ocrx_word' id='word_1_88' title='bbox 728 1622 812 1676; x_wconf 92' lang='lat' dir='ltr'>non</span> <span class='ocrx_word' id='word_1_89' title='bbox 843 1624 950 1701; x_wconf 90' lang='lat' dir='ltr'>una,</span> <span class='ocrx_word' id='word_1_90' title='bbox 981 1592 1049 1678; x_wconf 89' lang='lat' dir='ltr'>sed</span> <span class='ocrx_word' id='word_1_91' title='bbox 1074 1591 1205 1709; x_wconf 90' lang='lat' dir='ltr'>plures</span> <span class='ocrx_word' id='word_1_92' title='bbox 1231 1596 1393 1708; x_wconf 80' lang='lat' dir='ltr'>exigua.</span> <span class='ocrx_word' id='word_1_93' title='bbox 1427 1592 1657 1704; x_wconf 73' lang='lat' dir='ltr'>Aliquando</span> 
     </span>
     <span class='ocr_line' id='line_1_12' title="bbox 210 1696 1657 1814; baseline 0.01 -37"><span class='ocrx_word' id='word_1_94' title='bbox 210 1696 349 1812; x_wconf 71' lang='lat' dir='ltr'>,prope</span> <span class='ocrx_word' id='word_1_95' title='bbox 366 1725 499 1783; x_wconf 86' lang='lat' dir='ltr'>cutem</span> <span class='ocrx_word' id='word_1_96' title='bbox 517 1699 744 1814; x_wconf 90' lang='lat' dir='ltr'>sanguinem</span> <span class='ocrx_word' id='word_1_97' title='bbox 763 1705 962 1813; x_wconf 87' lang='lat' dir='ltr'>fundunt,</span> <span class='ocrx_word' id='word_1_98' title='bbox 990 1713 1057 1810; x_wconf 72' lang='lat' dir='ltr'>dt,</span> <span class='ocrx_word' id='word_1_99' title='bbox 1083 1732 1127 1790; x_wconf 90' lang='lat' dir='ltr'>ut</span> <span class='ocrx_word' id='word_1_100' title='bbox 1144 1735 1314 1789; x_wconf 81' lang='lat' dir='ltr'>vetruce</span> <span class='ocrx_word' id='word_1_101' title='bbox 1325 1764 1339 1811; x_wconf 91' lang='lat'>,</span> <span class='ocrx_word' id='word_1_102' title='bbox 1368 1703 1416 1790; x_wconf 85' lang='lat' dir='ltr'>ab</span> <span class='ocrx_word' id='word_1_103' title='bbox 1439 1705 1657 1792; x_wconf 81' lang='lat' dir='ltr'>involucris</span> 
     </span>
     <span class='ocr_line' id='line_1_13' title="bbox 209 1807 1656 1932; baseline 0.008 -42"><span class='ocrx_word' id='word_1_104' title='bbox 209 1807 455 1924; x_wconf 77' lang='lat' dir='ltr'>papillarum</span> <span class='ocrx_word' id='word_1_105' title='bbox 474 1841 705 1928; x_wconf 77' lang='lat' dir='ltr'>nervearunt</span> <span class='ocrx_word' id='word_1_106' title='bbox 726 1818 906 1932; x_wconf 87' lang='lat' dir='ltr'>pendent.</span> <span class='ocrx_word' id='word_1_107' title='bbox 920 1818 1133 1923; x_wconf 86' lang='lat' dir='ltr'>induratis,</span> <span class='ocrx_word' id='word_1_108' title='bbox 1154 1821 1237 1900; x_wconf 78' lang='lat' dir='ltr'>imo</span> <span class='ocrx_word' id='word_1_109' title='bbox 1253 1810 1656 1928; x_wconf 76' lang='lat' dir='ltr'>aliquando&#39;scirrho-</span> 
     </span>
     <span class='ocr_line' id='line_1_14' title="bbox 210 1923 1656 2044; baseline 0.007 -40"><span class='ocrx_word' id='word_1_110' title='bbox 210 1923 283 2006; x_wconf 76' lang='lat' dir='ltr'>ssrs.</span> <span class='ocrx_word' id='word_1_111' title='bbox 313 1923 424 2038; x_wconf 73' lang='lat' dir='ltr'>Saepe</span> <span class='ocrx_word' id='word_1_112' title='bbox 448 1929 583 2010; x_wconf 79' lang='lat' dir='ltr'>evenit</span> <span class='ocrx_word' id='word_1_113' title='bbox 606 1953 651 2011; x_wconf 91' lang='lat' dir='ltr'>ut</span> <span class='ocrx_word' id='word_1_114' title='bbox 676 1931 717 2011; x_wconf 89' lang='lat' dir='ltr'>in</span> <span class='ocrx_word' id='word_1_115' title='bbox 738 1927 816 2018; x_wconf 90' lang='lat' dir='ltr'>illis</span> <span class='ocrx_word' id='word_1_116' title='bbox 839 1931 1057 2015; x_wconf 87' lang='lat' dir='ltr'>resecandis</span> <span class='ocrx_word' id='word_1_117' title='bbox 1078 1930 1127 2013; x_wconf 91' lang='lat' dir='ltr'>ad</span> <span class='ocrx_word' id='word_1_118' title='bbox 1149 1933 1334 2044; x_wconf 71' lang='lat' dir='ltr'>punslum</span> <span class='ocrx_word' id='word_1_119' title='bbox 1360 1933 1523 2012; x_wconf 89' lang='lat' dir='ltr'>unicum</span> <span class='ocrx_word' id='word_1_120' title='bbox 1550 1933 1656 2040; x_wconf 84' lang='lat' dir='ltr'>quast</span> 
     </span>
     <span class='ocr_line' id='line_1_15' title="bbox 210 2034 1656 2152; baseline 0.005 -33"><span class='ocrx_word' id='word_1_121' title='bbox 210 2034 399 2120; x_wconf 89' lang='lat' dir='ltr'>-centrale</span> <span class='ocrx_word' id='word_1_122' title='bbox 426 2042 701 2152; x_wconf 88' lang='lat' dir='ltr'>perveniatur:</span> <span class='ocrx_word' id='word_1_123' title='bbox 728 2040 784 2124; x_wconf 92' lang='lat' dir='ltr'>ibi</span> <span class='ocrx_word' id='word_1_124' title='bbox 805 2047 902 2126; x_wconf 80' lang='lat' dir='ltr'>veri&gt;</span> <span class='ocrx_word' id='word_1_125' title='bbox 928 2042 1046 2126; x_wconf 91' lang='lat' dir='ltr'>dolor</span> <span class='ocrx_word' id='word_1_126' title='bbox 1070 2045 1245 2126; x_wconf 91' lang='lat' dir='ltr'>exoritur</span> <span class='ocrx_word' id='word_1_127' title='bbox 1273 2043 1553 2147; x_wconf 79' lang='lat' dir='ltr'>atrocissimus,</span> <span class='ocrx_word' id='word_1_128' title='bbox 1578 2072 1656 2128; x_wconf 91' lang='lat' dir='ltr'>nec</span> 
     </span>
     <span class='ocr_line' id='line_1_16' title="bbox 208 2146 1654 2272; baseline 0.009 -48"><span class='ocrx_word' id='word_1_129' title='bbox 208 2146 342 2232; x_wconf 67' lang='lat' dir='ltr'>sacili</span> <span class='ocrx_word' id='word_1_130' title='bbox 361 2147 563 2236; x_wconf 84' lang='lat' dir='ltr'>sedandus.</span> <span class='ocrx_word' id='word_1_131' title='bbox 587 2151 816 2264; x_wconf 78' lang='lat' dir='ltr'>Aliquando</span> <span class='ocrx_word' id='word_1_132' title='bbox 832 2183 905 2272; x_wconf 74' lang='lat' dir='ltr'>pro</span> <span class='ocrx_word' id='word_1_133' title='bbox 921 2153 998 2240; x_wconf 71' lang='lat' dir='ltr'>uni</span> <span class='ocrx_word' id='word_1_134' title='bbox 1015 2153 1184 2258; x_wconf 70' lang='lat' dir='ltr'>resedi,</span> <span class='ocrx_word' id='word_1_135' title='bbox 1201 2179 1245 2236; x_wconf 91' lang='lat' dir='ltr'>ut</span> <span class='ocrx_word' id='word_1_136' title='bbox 1259 2155 1300 2236; x_wconf 90' lang='lat' dir='ltr'>in</span> <span class='ocrx_word' id='word_1_137' title='bbox 1314 2151 1499 2237; x_wconf 90' lang='lat' dir='ltr'>arborum</span> <span class='ocrx_word' id='word_1_138' title='bbox 1517 2157 1630 2238; x_wconf 82' lang='lat' dir='ltr'>rantis</span> <span class='ocrx_word' id='word_1_139' title='bbox 1639 2217 1654 2260; x_wconf 92' lang='lat'>,</span> 
     </span>
     <span class='ocr_line' id='line_1_17' title="bbox 220 2258 1656 2377; baseline 0.006 -36"><span class='ocrx_word' id='word_1_140' title='bbox 220 2258 336 2344; x_wconf 91' lang='lat' dir='ltr'>mille</span> <span class='ocrx_word' id='word_1_141' title='bbox 358 2288 399 2345; x_wconf 89' lang='lat' dir='ltr'>re</span> <span class='ocrx_word' id='word_1_142' title='bbox 427 2261 595 2371; x_wconf 85' lang='lat' dir='ltr'>ullulant</span> <span class='ocrx_word' id='word_1_143' title='bbox 618 2299 631 2366; x_wconf 81' lang='lat'>3</span> <span class='ocrx_word' id='word_1_144' title='bbox 660 2269 783 2377; x_wconf 86' lang='lat' dir='ltr'>litque</span> <span class='ocrx_word' id='word_1_145' title='bbox 804 2267 964 2351; x_wconf 89' lang='lat' dir='ltr'>horrida</span> <span class='ocrx_word' id='word_1_146' title='bbox 988 2269 1122 2350; x_wconf 91' lang='lat' dir='ltr'>cancri</span> <span class='ocrx_word' id='word_1_147' title='bbox 1145 2267 1286 2369; x_wconf 87' lang='lat' dir='ltr'>facies,</span> <span class='ocrx_word' id='word_1_148' title='bbox 1314 2263 1424 2372; x_wconf 91' lang='lat' dir='ltr'>cujus</span> <span class='ocrx_word' id='word_1_149' title='bbox 1439 2297 1521 2349; x_wconf 95' lang='lat' dir='ltr'>non</span> <span class='ocrx_word' id='word_1_150' title='bbox 1536 2297 1656 2351; x_wconf 86' lang='lat' dir='ltr'>unam</span> 
     </span>
     <span class='ocr_line' id='line_1_18' title="bbox 248 2293 1655 2491; baseline 0.006 -38"><span class='ocrx_word' id='word_1_151' title='bbox 248 2377 337 2454; x_wconf 83' lang='lat' dir='ltr'>raeci</span> <span class='ocrx_word' id='word_1_152' title='bbox 366 2293 425 2455; x_wconf 66' lang='lat' dir='ltr'>ud</span> <span class='ocrx_word' id='word_1_153' title='bbox 434 2378 476 2456; x_wconf 91' lang='lat' dir='ltr'>in</span> <span class='ocrx_word' id='word_1_154' title='bbox 493 2376 630 2480; x_wconf 92' lang='lat' dir='ltr'>vultu,</span> <span class='ocrx_word' id='word_1_155' title='bbox 650 2375 790 2482; x_wconf 84' lang='lat' dir='ltr'>labiis,</span> <span class='ocrx_word' id='word_1_156' title='bbox 809 2379 858 2461; x_wconf 90' lang='lat' dir='ltr'>ad</span> <span class='ocrx_word' id='word_1_157' title='bbox 872 2377 1014 2462; x_wconf 94' lang='lat' dir='ltr'>oculos</span> <span class='ocrx_word' id='word_1_158' title='bbox 1030 2381 1147 2460; x_wconf 89' lang='lat' dir='ltr'>toties</span> <span class='ocrx_word' id='word_1_159' title='bbox 1162 2377 1352 2482; x_wconf 89' lang='lat' dir='ltr'>vidimus,</span> <span class='ocrx_word' id='word_1_160' title='bbox 1372 2377 1655 2491; x_wconf 88' lang='lat' dir='ltr'>depinxerunt-</span> 
     </span>
     <span class='ocr_line' id='line_1_19' title="bbox 215 2401 1654 2601; baseline 0.009 -41"><span class='ocrx_word' id='word_1_161' title='bbox 215 2510 305 2593; x_wconf 87' lang='lat' dir='ltr'>.que</span> <span class='ocrx_word' id='word_1_162' title='bbox 327 2401 554 2598; x_wconf 66' lang='lat' dir='ltr'>dhirurgici</span> <span class='ocrx_word' id='word_1_163' title='bbox 574 2491 749 2571; x_wconf 71' lang='lat' dir='ltr'>nociores</span> <span class='ocrx_word' id='word_1_164' title='bbox 775 2487 993 2596; x_wconf 91' lang='lat' dir='ltr'>Hildanus,</span> <span class='ocrx_word' id='word_1_165' title='bbox 1020 2485 1191 2601; x_wconf 85' lang='lat' dir='ltr'>Stalpart</span> <span class='ocrx_word' id='word_1_166' title='bbox 1202 2551 1216 2593; x_wconf 95' lang='lat'>,</span> <span class='ocrx_word' id='word_1_167' title='bbox 1236 2486 1486 2572; x_wconf 81' lang='lat' dir='ltr'>Vanderuiel</span> <span class='ocrx_word' id='word_1_168' title='bbox 1503 2498 1546 2574; x_wconf 68' lang='grc' dir='ltr'>ὅ(</span> <span class='ocrx_word' id='word_1_169' title='bbox 1563 2491 1654 2586; x_wconf 72' lang='lat' dir='ltr'>ante</span> 
     </span>
     <span class='ocr_line' id='line_1_20' title="bbox 214 2594 1656 2713; baseline 0.009 -38"><span class='ocrx_word' id='word_1_170' title='bbox 214 2594 325 2679; x_wconf 76' lang='lat' dir='ltr'>,alios</span> <span class='ocrx_word' id='word_1_171' title='bbox 354 2595 416 2678; x_wconf 90' lang='lat' dir='ltr'>M.</span> <span class='ocrx_word' id='word_1_172' title='bbox 447 2595 632 2681; x_wconf 85' lang='lat' dir='ltr'>Aurelius</span> <span class='ocrx_word' id='word_1_173' title='bbox 663 2599 885 2685; x_wconf 89' lang='lat' dir='ltr'>Severinus.</span> <span class='ocrx_word' id='word_1_174' title='bbox 925 2599 1046 2685; x_wconf 70' lang='lat' dir='ltr'>Certe</span> <span class='ocrx_word' id='word_1_175' title='bbox 1077 2599 1259 2683; x_wconf 88' lang='lat' dir='ltr'>duritiem</span> <span class='ocrx_word' id='word_1_176' title='bbox 1290 2601 1342 2682; x_wconf 83' lang='lat' dir='ltr'>stc</span> <span class='ocrx_word' id='word_1_177' title='bbox 1364 2603 1656 2713; x_wconf 87' lang='lat' dir='ltr'>prominentem</span> 
     </span>
     <span class='ocr_line' id='line_1_21' title="bbox 220 2705 1654 2826; baseline 0.007 -36"><span class='ocrx_word' id='word_1_178' title='bbox 220 2735 298 2822; x_wconf 90' lang='lat' dir='ltr'>pro</span> <span class='ocrx_word' id='word_1_179' title='bbox 322 2705 468 2793; x_wconf 77' lang='lat' dir='ltr'>corneti</span> <span class='ocrx_word' id='word_1_180' title='bbox 496 2707 630 2794; x_wconf 90' lang='lat' dir='ltr'>haberi</span> <span class='ocrx_word' id='word_1_181' title='bbox 656 2711 859 2796; x_wconf 75' lang='lat' dir='ltr'>substantii</span> <span class='ocrx_word' id='word_1_182' title='bbox 890 2743 973 2796; x_wconf 92' lang='lat' dir='ltr'>non</span> <span class='ocrx_word' id='word_1_183' title='bbox 998 2737 1204 2819; x_wconf 88' lang='lat' dir='ltr'>vetamus,</span> <span class='ocrx_word' id='word_1_184' title='bbox 1231 2710 1356 2794; x_wconf 80' lang='lat' dir='ltr'>modo</span> <span class='ocrx_word' id='word_1_185' title='bbox 1383 2709 1465 2815; x_wconf 87' lang='lat' dir='ltr'>ejus</span> <span class='ocrx_word' id='word_1_186' title='bbox 1492 2717 1654 2826; x_wconf 88' lang='lat' dir='ltr'>originis</span> 
     </span>
     <span class='ocr_line' id='line_1_22' title="bbox 209 2820 1656 2940; baseline 0.006 -38"><span class='ocrx_word' id='word_1_187' title='bbox 209 2847 424 2906; x_wconf 81' lang='lat' dir='ltr'>memores</span> <span class='ocrx_word' id='word_1_188' title='bbox 450 2824 492 2904; x_wconf 91' lang='lat' dir='ltr'>in</span> <span class='ocrx_word' id='word_1_189' title='bbox 518 2820 565 2906; x_wconf 74' lang='lat' dir='ltr'>ei</span> <span class='ocrx_word' id='word_1_190' title='bbox 592 2823 762 2908; x_wconf 74' lang='lat' dir='ltr'>curandi</span> <span class='ocrx_word' id='word_1_191' title='bbox 793 2851 942 2910; x_wconf 89' lang='lat' dir='ltr'>metum</span> <span class='ocrx_word' id='word_1_192' title='bbox 972 2824 1205 2940; x_wconf 88' lang='lat' dir='ltr'>prudentem</span> <span class='ocrx_word' id='word_1_193' title='bbox 1234 2822 1494 2919; x_wconf 86' lang='lat' dir='ltr'>admittamus.</span> <span class='ocrx_word' id='word_1_194' title='bbox 1523 2825 1656 2910; x_wconf 87' lang='lat' dir='ltr'>Potest</span> 
     </span>
     <span class='ocr_line' id='line_1_23' title="bbox 219 2934 1654 3052; baseline 0.004 -35"><span class='ocrx_word' id='word_1_195' title='bbox 219 2960 359 3018; x_wconf 83' lang='lat' dir='ltr'>autem</span> <span class='ocrx_word' id='word_1_196' title='bbox 389 2935 476 3018; x_wconf 88' lang='lat' dir='ltr'>fieri</span> <span class='ocrx_word' id='word_1_197' title='bbox 504 2961 549 3019; x_wconf 92' lang='lat' dir='ltr'>ut</span> <span class='ocrx_word' id='word_1_198' title='bbox 578 2934 707 3049; x_wconf 89' lang='lat' dir='ltr'>plures</span> <span class='ocrx_word' id='word_1_199' title='bbox 734 2937 877 3022; x_wconf 88' lang='lat' dir='ltr'>eodem</span> <span class='ocrx_word' id='word_1_200' title='bbox 905 2966 1085 3052; x_wconf 89' lang='lat' dir='ltr'>ternpore</span> <span class='ocrx_word' id='word_1_201' title='bbox 1111 2941 1153 3019; x_wconf 93' lang='lat' dir='ltr'>in</span> <span class='ocrx_word' id='word_1_202' title='bbox 1178 2961 1313 3020; x_wconf 90' lang='lat' dir='ltr'>cutem</span> <span class='ocrx_word' id='word_1_203' title='bbox 1339 2940 1454 3021; x_wconf 88' lang='lat' dir='ltr'>variis</span> <span class='ocrx_word' id='word_1_204' title='bbox 1479 2941 1522 3021; x_wconf 91' lang='lat' dir='ltr'>in</span> <span class='ocrx_word' id='word_1_205' title='bbox 1550 2936 1654 3024; x_wconf 90' lang='lat' dir='ltr'>locis</span> 
     </span>
     <span class='ocr_line' id='line_1_24' title="bbox 222 3047 1654 3164; baseline 0.005 -34"><span class='ocrx_word' id='word_1_206' title='bbox 222 3047 452 3154; x_wconf 86' lang='lat' dir='ltr'>emineant,</span> <span class='ocrx_word' id='word_1_207' title='bbox 480 3052 594 3160; x_wconf 86' lang='lat' dir='ltr'>ptaeci</span> <span class='ocrx_word' id='word_1_208' title='bbox 620 3049 673 3133; x_wconf 77' lang='grc' dir='ltr'>ἰιὲ</span> <span class='ocrx_word' id='word_1_209' title='bbox 692 3053 738 3134; x_wconf 89' lang='lat' dir='ltr'>iis</span> <span class='ocrx_word' id='word_1_210' title='bbox 757 3053 798 3133; x_wconf 93' lang='lat' dir='ltr'>in</span> <span class='ocrx_word' id='word_1_211' title='bbox 818 3049 989 3164; x_wconf 87' lang='lat' dir='ltr'>partibus</span> <span class='ocrx_word' id='word_1_212' title='bbox 1007 3053 1049 3133; x_wconf 89' lang='lat' dir='ltr'>in</span> <span class='ocrx_word' id='word_1_213' title='bbox 1069 3047 1209 3160; x_wconf 92' lang='lat' dir='ltr'>quibus</span> <span class='ocrx_word' id='word_1_214' title='bbox 1228 3050 1462 3163; x_wconf 86' lang='lat' dir='ltr'>compreffio</span> <span class='ocrx_word' id='word_1_215' title='bbox 1479 3055 1654 3137; x_wconf 86' lang='lat' dir='ltr'>verrucis</span> 
     </span>
     <span class='ocr_line' id='line_1_25' title="bbox 206 3079 1654 3276; baseline 0.006 -36"><span class='ocrx_word' id='word_1_216' title='bbox 206 3155 365 3241; x_wconf 81' lang='lat' dir='ltr'>-locum</span> <span class='ocrx_word' id='word_1_217' title='bbox 393 3159 490 3260; x_wconf 89' lang='lat' dir='ltr'>dat;</span> <span class='ocrx_word' id='word_1_218' title='bbox 516 3079 620 3244; x_wconf 68' lang='lat' dir='ltr'>undl</span> <span class='ocrx_word' id='word_1_219' title='bbox 651 3193 733 3244; x_wconf 94' lang='lat' dir='ltr'>non</span> <span class='ocrx_word' id='word_1_220' title='bbox 760 3170 904 3247; x_wconf 90' lang='lat' dir='ltr'>mirum</span> <span class='ocrx_word' id='word_1_221' title='bbox 931 3166 983 3247; x_wconf 90' lang='lat' dir='ltr'>est</span> <span class='ocrx_word' id='word_1_222' title='bbox 1009 3162 1119 3273; x_wconf 79' lang='lat' dir='ltr'>quod</span> <span class='ocrx_word' id='word_1_223' title='bbox 1146 3164 1263 3276; x_wconf 89' lang='lat' dir='ltr'>primi</span> <span class='ocrx_word' id='word_1_224' title='bbox 1293 3165 1361 3270; x_wconf 91' lang='lat' dir='ltr'>qui</span> <span class='ocrx_word' id='word_1_225' title='bbox 1389 3162 1654 3249; x_wconf 90' lang='lat' dir='ltr'>de.cornibus</span> 
     </span>
     <span class='ocr_line' id='line_1_26' title="bbox 204 3269 1653 3392; baseline 0.002 -33"><span class='ocrx_word' id='word_1_226' title='bbox 204 3269 336 3359; x_wconf 70' lang='lat' dir='ltr'>-extrd</span> <span class='ocrx_word' id='word_1_227' title='bbox 348 3299 481 3357; x_wconf 90' lang='lat' dir='ltr'>cutem</span> <span class='ocrx_word' id='word_1_228' title='bbox 497 3274 810 3387; x_wconf 90' lang='lat' dir='ltr'>prominentibus</span> <span class='ocrx_word' id='word_1_229' title='bbox 818 3274 951 3360; x_wconf 91' lang='lat' dir='ltr'>locuti</span> <span class='ocrx_word' id='word_1_230' title='bbox 964 3275 1052 3360; x_wconf 86' lang='lat' dir='ltr'>sunt</span> <span class='ocrx_word' id='word_1_231' title='bbox 1057 3339 1071 3382; x_wconf 97' lang='lat'>,</span> <span class='ocrx_word' id='word_1_232' title='bbox 1086 3302 1132 3359; x_wconf 91' lang='lat' dir='ltr'>ut</span> <span class='ocrx_word' id='word_1_233' title='bbox 1151 3277 1388 3380; x_wconf 86' lang='lat' dir='ltr'>Avenzoar,</span> <span class='ocrx_word' id='word_1_234' title='bbox 1412 3303 1551 3392; x_wconf 86' lang='lat' dir='ltr'>capro</span> <span class='ocrx_word' id='word_1_235' title='bbox 1572 3305 1653 3362; x_wconf 89' lang='lat' dir='ltr'>me-</span> 
     </span>
     <span class='ocr_line' id='line_1_27' title="bbox 205 3381 1652 3500; baseline 0.004 -32"><span class='ocrx_word' id='word_1_236' title='bbox 205 3381 463 3468; x_wconf 79' lang='lat' dir='ltr'>lancholicis</span> <span class='ocrx_word' id='word_1_237' title='bbox 506 3387 727 3472; x_wconf 87' lang='lat' dir='ltr'>tumoribus</span> <span class='ocrx_word' id='word_1_238' title='bbox 771 3387 1015 3494; x_wconf 89' lang='lat' dir='ltr'>habuerint,</span> <span class='ocrx_word' id='word_1_239' title='bbox 1055 3396 1097 3472; x_wconf 73' lang='grc' dir='ltr'>δε</span> <span class='ocrx_word' id='word_1_240' title='bbox 1129 3386 1260 3500; x_wconf 91' lang='lat' dir='ltr'>lapide</span> <span class='ocrx_word' id='word_1_241' title='bbox 1301 3390 1485 3472; x_wconf 87' lang='lat' dir='ltr'>curandis</span> <span class='ocrx_word' id='word_1_242' title='bbox 1518 3388 1652 3475; x_wconf 74' lang='lat' dir='ltr'>lazuli.</span> 
     </span>
     <span class='ocr_line' id='line_1_28' title="bbox 213 3496 1712 3630; baseline 0.011 -54"><span class='ocrx_word' id='word_1_243' title='bbox 213 3496 390 3610; x_wconf 81' lang='lat' dir='ltr'>‚Spiffior</span> <span class='ocrx_word' id='word_1_244' title='bbox 409 3500 516 3581; x_wconf 84' lang='lat' dir='ltr'>enim</span> <span class='ocrx_word' id='word_1_245' title='bbox 531 3501 639 3584; x_wconf 87' lang='lat' dir='ltr'>estin</span> <span class='ocrx_word' id='word_1_246' title='bbox 657 3497 883 3604; x_wconf 84' lang='lat' dir='ltr'>atrabilariis</span> <span class='ocrx_word' id='word_1_247' title='bbox 902 3506 1114 3584; x_wconf 90' lang='lat' dir='ltr'>humorum</span> <span class='ocrx_word' id='word_1_248' title='bbox 1132 3498 1266 3604; x_wconf 87' lang='lat' dir='ltr'>crasrs,</span> <span class='ocrx_word' id='word_1_249' title='bbox 1285 3499 1491 3630; x_wconf 76' lang='lat' dir='ltr'>prasertim</span> <span class='ocrx_word' id='word_1_250' title='bbox 1503 3505 1656 3586; x_wconf 86' lang='lat' dir='ltr'>tenuio·</span> <span class='ocrx_word' id='word_1_251' title='bbox 1707 3585 1712 3592; x_wconf 87' lang='lat'><em>.</em></span> 
     </span>
     <span class='ocr_line' id='line_1_29' title="bbox 167 3609 1652 3725; baseline 0.005 -34"><span class='ocrx_word' id='word_1_252' title='bbox 167 3659 171 3666; x_wconf 90' lang='lat'><strong>·</strong></span> <span class='ocrx_word' id='word_1_253' title='bbox 203 3637 342 3713; x_wconf 84' lang='lat' dir='ltr'>-rum,</span> <span class='ocrx_word' id='word_1_254' title='bbox 362 3613 438 3720; x_wconf 91' lang='lat' dir='ltr'>qui</span> <span class='ocrx_word' id='word_1_255' title='bbox 455 3637 500 3693; x_wconf 90' lang='lat' dir='ltr'>ut</span> <span class='ocrx_word' id='word_1_256' title='bbox 520 3615 628 3725; x_wconf 91' lang='lat' dir='ltr'>parci</span> <span class='ocrx_word' id='word_1_257' title='bbox 648 3612 738 3698; x_wconf 90' lang='lat' dir='ltr'>sunt</span> <span class='ocrx_word' id='word_1_258' title='bbox 748 3676 763 3717; x_wconf 94' lang='lat'>,</span> <span class='ocrx_word' id='word_1_259' title='bbox 786 3616 840 3697; x_wconf 86' lang='lat' dir='ltr'>ita</span> <span class='ocrx_word' id='word_1_260' title='bbox 862 3611 944 3698; x_wconf 80' lang='lat' dir='ltr'>serit</span> <span class='ocrx_word' id='word_1_261' title='bbox 967 3611 1096 3695; x_wconf 89' lang='lat' dir='ltr'>solidi.</span> <span class='ocrx_word' id='word_1_262' title='bbox 1123 3612 1223 3694; x_wconf 89' lang='lat' dir='ltr'>Inest</span> <span class='ocrx_word' id='word_1_263' title='bbox 1247 3637 1366 3694; x_wconf 85' lang='lat' dir='ltr'>ettam</span> <span class='ocrx_word' id='word_1_264' title='bbox 1388 3609 1465 3696; x_wconf 92' lang='lat' dir='ltr'>illis</span> <span class='ocrx_word' id='word_1_265' title='bbox 1493 3613 1652 3698; x_wconf 89' lang='lat' dir='ltr'>acidum</span> 
     </span>
     <span class='ocr_line' id='line_1_30' title="bbox 221 3721 1652 3839; baseline 0.001 -35"><span class='ocrx_word' id='word_1_266' title='bbox 221 3721 451 3832; x_wconf 86' lang='lat' dir='ltr'>quoddam,</span> <span class='ocrx_word' id='word_1_267' title='bbox 480 3725 746 3808; x_wconf 77' lang='lat' dir='ltr'>acrimoniam,</span> <span class='ocrx_word' id='word_1_268' title='bbox 769 3724 959 3808; x_wconf 88' lang='lat' dir='ltr'>summam</span> <span class='ocrx_word' id='word_1_269' title='bbox 984 3724 1249 3828; x_wconf 87' lang='lat' dir='ltr'>contrahens,</span> <span class='ocrx_word' id='word_1_270' title='bbox 1279 3724 1313 3805; x_wconf 85' lang='lat' dir='ltr'>st</span> <span class='ocrx_word' id='word_1_271' title='bbox 1337 3725 1378 3806; x_wconf 89' lang='lat' dir='ltr'>in</span> <span class='ocrx_word' id='word_1_272' title='bbox 1405 3751 1652 3839; x_wconf 83' lang='lat' dir='ltr'>motumper</span> 
     </span>
     <span class='ocr_line' id='line_1_31' title="bbox 205 3831 1653 3950; baseline 0.001 -32"><span class='ocrx_word' id='word_1_273' title='bbox 205 3837 307 3918; x_wconf 61' lang='lat' dir='ltr'>olm</span> <span class='ocrx_word' id='word_1_274' title='bbox 333 3831 600 3920; x_wconf 84' lang='lat' dir='ltr'>circulationis</span> <span class='ocrx_word' id='word_1_275' title='bbox 617 3863 783 3949; x_wconf 86' lang='lat' dir='ltr'>agatur,</span> <span class='ocrx_word' id='word_1_276' title='bbox 804 3837 1040 3950; x_wconf 89' lang='lat' dir='ltr'>coagulans,</span> <span class='ocrx_word' id='word_1_277' title='bbox 1066 3837 1093 3918; x_wconf 87' lang='lat' dir='ltr'>fi</span> <span class='ocrx_word' id='word_1_278' title='bbox 1118 3838 1220 3918; x_wconf 87' lang='lat' dir='ltr'>iners</span> <span class='ocrx_word' id='word_1_279' title='bbox 1239 3833 1407 3950; x_wconf 86' lang='lat' dir='ltr'>superfit.</span> <span class='ocrx_word' id='word_1_280' title='bbox 1436 3837 1552 3920; x_wconf 71' lang='lat' dir='ltr'>Unde</span> <span class='ocrx_word' id='word_1_281' title='bbox 1575 3837 1653 3920; x_wconf 86' lang='lat' dir='ltr'>ob-</span> 
     </span>
     <span class='ocr_line' id='line_1_32' title="bbox 202 3944 1655 4048; baseline 0.003 -16"><span class='ocrx_word' id='word_1_282' title='bbox 202 3944 489 4046; x_wconf 61' lang='lat' dir='ltr'>-servatioyel</span> <span class='ocrx_word' id='word_1_283' title='bbox 521 3949 824 4048; x_wconf 76' lang='lat' dir='ltr'>constantissima</span> <span class='ocrx_word' id='word_1_284' title='bbox 853 3949 1094 4044; x_wconf 86' lang='lat' dir='ltr'>¹demonstrat</span> <span class='ocrx_word' id='word_1_285' title='bbox 1131 3946 1444 4032; x_wconf 82' lang='lat' dir='ltr'>melancholicos</span> <span class='ocrx_word' id='word_1_286' title='bbox 1478 3949 1655 4036; x_wconf 84' lang='lat' dir='ltr'>v&#39;errucis</span> 
     </span>
     <span class='ocr_line' id='line_1_33' title="bbox 207 4056 1652 4174; baseline 0.003 -32"><span class='ocrx_word' id='word_1_287' title='bbox 207 4056 429 4144; x_wconf 83' lang='lat' dir='ltr'>obnoxios</span> <span class='ocrx_word' id='word_1_288' title='bbox 448 4058 526 4145; x_wconf 86' lang='lat' dir='ltr'>esse</span> <span class='ocrx_word' id='word_1_289' title='bbox 549 4092 562 4161; x_wconf 70' lang='grc' dir='ltr'><strong>ς</strong></span> <span class='ocrx_word' id='word_1_290' title='bbox 582 4061 649 4148; x_wconf 87' lang='lat' dir='ltr'>sed</span> <span class='ocrx_word' id='word_1_291' title='bbox 670 4061 718 4145; x_wconf 90' lang='lat' dir='ltr'>de</span> <span class='ocrx_word' id='word_1_292' title='bbox 734 4063 912 4147; x_wconf 88' lang='lat' dir='ltr'>verrucis.</span> <span class='ocrx_word' id='word_1_293' title='bbox 927 4059 1031 4145; x_wconf 88' lang='lat' dir='ltr'>alibi.</span> <span class='ocrx_word' id='word_1_294' title='bbox 1054 4061 1156 4144; x_wconf 87' lang='lat' dir='ltr'>Satis</span> <span class='ocrx_word' id='word_1_295' title='bbox 1173 4061 1362 4174; x_wconf 87' lang='lat' dir='ltr'>superque</span> <span class='ocrx_word' id='word_1_296' title='bbox 1381 4060 1548 4144; x_wconf 88' lang='lat' dir='ltr'>sentient</span> <span class='ocrx_word' id='word_1_297' title='bbox 1559 4063 1652 4146; x_wconf 84' lang='lat' dir='ltr'>Me-</span> 
     </span>
     <span class='ocr_line' id='line_1_34' title="bbox 219 4171 1651 4287; baseline 0.003 -33"><span class='ocrx_word' id='word_1_298' title='bbox 219 4171 309 4258; x_wconf 90' lang='lat' dir='ltr'>dici</span> <span class='ocrx_word' id='word_1_299' title='bbox 322 4171 449 4256; x_wconf 80' lang='lat' dir='ltr'>multo</span> <span class='ocrx_word' id='word_1_300' title='bbox 463 4172 549 4287; x_wconf 92' lang='lat' dir='ltr'>plus</span> <span class='ocrx_word' id='word_1_301' title='bbox 568 4178 610 4257; x_wconf 95' lang='lat' dir='ltr'>in</span> <span class='ocrx_word' id='word_1_302' title='bbox 627 4173 733 4259; x_wconf 89' lang='lat' dir='ltr'>hisce</span> <span class='ocrx_word' id='word_1_303' title='bbox 745 4173 945 4260; x_wconf 86' lang='lat' dir='ltr'>cornubus</span> <span class='ocrx_word' id='word_1_304' title='bbox 961 4173 1159 4278; x_wconf 90' lang='lat' dir='ltr'>sanandis,</span> <span class='ocrx_word' id='word_1_305' title='bbox 1179 4175 1263 4286; x_wconf 87' lang='lat' dir='ltr'>post</span> <span class='ocrx_word' id='word_1_306' title='bbox 1277 4197 1497 4256; x_wconf 85' lang='lat' dir='ltr'>accuratam</span> <span class='ocrx_word' id='word_1_307' title='bbox 1510 4179 1651 4258; x_wconf 85' lang='lat' dir='ltr'>eorum</span> 
     </span>
     <span class='ocr_line' id='line_1_35' title="bbox 223 4283 1651 4398; baseline 0.003 -32"><span class='ocrx_word' id='word_1_308' title='bbox 223 4283 497 4388; x_wconf 82' lang='lat' dir='ltr'>rescisionenr,</span> <span class='ocrx_word' id='word_1_309' title='bbox 512 4285 683 4380; x_wconf 84' lang='lat' dir='ltr'>dandum</span> <span class='ocrx_word' id='word_1_310' title='bbox 701 4287 777 4372; x_wconf 86' lang='lat' dir='ltr'>esse</span> <span class='ocrx_word' id='word_1_311' title='bbox 792 4286 940 4372; x_wconf 89' lang='lat' dir='ltr'>balneis</span> <span class='ocrx_word' id='word_1_312' title='bbox 955 4313 1072 4395; x_wconf 89' lang='lat' dir='ltr'>atque</span> <span class='ocrx_word' id='word_1_313' title='bbox 1087 4283 1319 4367; x_wconf 91' lang='lat' dir='ltr'>diluentium</span> <span class='ocrx_word' id='word_1_314' title='bbox 1336 4283 1419 4366; x_wconf 93' lang='lat' dir='ltr'>usui</span> <span class='ocrx_word' id='word_1_315' title='bbox 1432 4289 1651 4398; x_wconf 85' lang='lat' dir='ltr'>pervicaci,</span> 
     </span>
     <span class='ocr_line' id='line_1_36' title="bbox 224 4392 1653 4511; baseline 0.006 -35"><span class='ocrx_word' id='word_1_316' title='bbox 224 4392 347 4506; x_wconf 71' lang='lat' dir='ltr'>quim</span> <span class='ocrx_word' id='word_1_317' title='bbox 368 4421 436 4478; x_wconf 92' lang='lat' dir='ltr'>aut</span> <span class='ocrx_word' id='word_1_318' title='bbox 453 4393 572 4509; x_wconf 90' lang='lat' dir='ltr'>lapidi</span> <span class='ocrx_word' id='word_1_319' title='bbox 592 4395 731 4501; x_wconf 87' lang='lat' dir='ltr'>lazuli,</span> <span class='ocrx_word' id='word_1_320' title='bbox 754 4425 821 4482; x_wconf 91' lang='lat' dir='ltr'>aut</span> <span class='ocrx_word' id='word_1_321' title='bbox 838 4425 1019 4503; x_wconf 90' lang='lat' dir='ltr'>veratr0,</span> <span class='ocrx_word' id='word_1_322' title='bbox 1043 4421 1110 4480; x_wconf 92' lang='lat' dir='ltr'>aut</span> <span class='ocrx_word' id='word_1_323' title='bbox 1125 4393 1209 4480; x_wconf 90' lang='lat' dir='ltr'>aliis</span> <span class='ocrx_word' id='word_1_324' title='bbox 1231 4395 1653 4511; x_wconf 84' lang='lat' dir='ltr'>potentioribusmedi-</span> 
     </span>
     <span class='ocr_line' id='line_1_37' title="bbox 222 4508 1536 4626; baseline -0.001 -34"><span class='ocrx_word' id='word_1_325' title='bbox 222 4508 1536 4626; x_wconf 51' lang='lat' dir='ltr'>mmmmmmmmmmmwffimmmmm=&#39;</span> 
     </span>
     <span class='ocr_line' id='line_1_38' title="bbox 207 4617 1653 4736; baseline 0.006 -37"><span class='ocrx_word' id='word_1_326' title='bbox 207 4679 214 4684; x_wconf 91' lang='lat'>-</span> <span class='ocrx_word' id='word_1_327' title='bbox 286 4617 470 4702; x_wconf 84' lang='lat' dir='ltr'>Secunda</span> <span class='ocrx_word' id='word_1_328' title='bbox 493 4621 635 4704; x_wconf 88' lang='lat' dir='ltr'>horum</span> <span class='ocrx_word' id='word_1_329' title='bbox 663 4629 856 4706; x_wconf 86' lang='lat' dir='ltr'>cornuum</span> <span class='ocrx_word' id='word_1_330' title='bbox 880 4623 1027 4736; x_wconf 88' lang='lat' dir='ltr'>species</span> <span class='ocrx_word' id='word_1_331' title='bbox 1050 4619 1196 4732; x_wconf 84' lang='lat' dir='ltr'>callosa</span> <span class='ocrx_word' id='word_1_332' title='bbox 1219 4625 1283 4705; x_wconf 88' lang='lat' dir='ltr'>est.</span> <span class='ocrx_word' id='word_1_333' title='bbox 1312 4619 1419 4704; x_wconf 83' lang='lat' dir='ltr'>Nam</span> <span class='ocrx_word' id='word_1_334' title='bbox 1437 4625 1504 4706; x_wconf 91' lang='lat' dir='ltr'>ets1</span> <span class='ocrx_word' id='word_1_335' title='bbox 1530 4623 1653 4707; x_wconf 87' lang='lat' dir='ltr'>callus</span> 
     </span>
     <span class='ocr_line' id='line_1_39' title="bbox 205 4729 1654 4848; baseline 0.001 -34"><span class='ocrx_word' id='word_1_336' title='bbox 205 4729 520 4842; x_wconf 86' lang='lat' dir='ltr'>-compressrone</span> <span class='ocrx_word' id='word_1_337' title='bbox 536 4760 646 4818; x_wconf 86' lang='lat' dir='ltr'>natus</span> <span class='ocrx_word' id='word_1_338' title='bbox 666 4735 749 4823; x_wconf 70' lang='lat' dir='ltr'>&amp;a</span> <span class='ocrx_word' id='word_1_339' title='bbox 794 4733 942 4819; x_wconf 86' lang='lat' dir='ltr'>lurimis</span> <span class='ocrx_word' id='word_1_340' title='bbox 966 4735 1215 4848; x_wconf 87' lang='lat' dir='ltr'>epidermidis</span> <span class='ocrx_word' id='word_1_341' title='bbox 1236 4733 1403 4818; x_wconf 89' lang='lat' dir='ltr'>lamellis</span> <span class='ocrx_word' id='word_1_342' title='bbox 1424 4735 1492 4816; x_wconf 87' lang='lat' dir='ltr'>srbi</span> <span class='ocrx_word' id='word_1_343' title='bbox 1514 4737 1654 4818; x_wconf 79' lang='lat' dir='ltr'>mutuo</span> 
     </span>
     <span class='ocr_line' id='line_1_40' title="bbox 205 4763 1656 5047; baseline 0 -113"><span class='ocrx_word' id='word_1_344' title='bbox 205 4839 481 4962; x_wconf 75' lang='lat' dir='ltr'>,infidentibus</span> <span class='ocrx_word' id='word_1_345' title='bbox 492 4763 829 4964; x_wconf 62' lang='lat' dir='ltr'>conflatusflulgb</span> <span class='ocrx_word' id='word_1_346' title='bbox 842 4849 972 4962; x_wconf 76' lang='lat' dir='ltr'>potitis</span> <span class='ocrx_word' id='word_1_347' title='bbox 982 4845 1152 4960; x_wconf 85' lang='lat' dir='ltr'>aliquam</span> <span class='ocrx_word' id='word_1_348' title='bbox 1162 4849 1428 5047; x_wconf 65' lang='lat' dir='ltr'>extensionept</span> <span class='ocrx_word' id='word_1_349' title='bbox 1437 4847 1656 4962; x_wconf 82' lang='lat' dir='ltr'>superficiei</span> 
     </span>
     <span class='ocr_line' id='line_1_41' title="bbox 1422 4987 1486 5047; baseline -0.016 0"><span class='ocrx_word' id='word_1_350' title='bbox 1422 4987 1486 5047; x_wconf 68' lang='lat' dir='ltr'>w</span> 
     </span>
    </p>
   </div>
   <div class='ocr_carea' id='block_1_3' title="bbox 0 0 2130 5896">
    <p class='ocr_par' dir='ltr' id='par_1_3' title="bbox 0 0 2130 5896">
     <span class='ocr_line' id='line_1_42' title="bbox 0 0 2130 5896; baseline 0 0"><span class='ocrx_word' id='word_1_351' title='bbox 0 0 2130 5896; x_wconf 95' lang='lat' dir='ltr'> </span> 
     </span>
    </p>
   </div>
  </div>
 </body>
</html>
