4166 5908
474 433 555 534 ,m
920 423 1025 508 on
1092 417 1455 508 mosara

481 587 657 702 sanguini
677 583 893 670 simillimus
911 587 984 691 est,
1007 587 1076 669 nisi
1092 586 1199 696 quod
1218 587 1322 669 iniis
1343 589 1410 695 qui
1423 586 1643 669 eminenter
1658 585 1918 696 experiuntur

483 705 731 817 herpeticum
754 697 901 782 malum
929 727 1012 812 pars
1036 697 1151 784 rubra
1177 697 1295 782 crusii
1320 697 1463 782 levi&
1487 700 1590 807 quari
1612 693 1917 810 membranaced

486 841 742 928 contegatur,
758 808 890 918 utiam
906 809 1087 896 diximus.
1108 813 1209 895 Inest
1224 839 1321 924 ergo
1337 813 1545 924 herpeticae
1566 809 1734 923 lympha
1749 810 1918 894 stacedo

487 929 661 1039 quadam
677 934 719 1008 ὃ(
738 923 911 1008 rancedo
928 955 1009 1036 qua
1028 929 1069 1007 in
1088 926 1274 1038 sanguine
1295 949 1383 1008 nata
1405 922 1456 1005 ob
1483 926 1712 1007 coslionum
1736 932 1777 1008 ὅ(
1796 927 1919 1008 exha·

486 1039 644 1124 lationis
665 1037 861 1121 desertum
878 1041 919 1122 in
937 1066 1046 1151 parte
1064 1042 1237 1148 inquam
1257 1033 1467 1151 deponitur
1486 1033 1723 1149 multiplicat
1746 1036 1850 1142 sese,
1872 1045 1918 1120 ὃς

487 1157 529 1237 in
542 1157 670 1237 vicina
684 1150 949 1266 proserpendo
962 1149 1018 1232 ibi
1031 1158 1073 1235 ὃ(
1089 1149 1323 1262 adaugetur,
1346 1158 1387 1234 ὃ(
1404 1153 1456 1232 ita
1473 1173 1713 1251 attenuatur,
1734 1174 1779 1232 ut
1798 1149 1919 1264 possit

486 1270 529 1350 in
553 1266 779 1378 sanguinem
802 1261 925 1348 redux
949 1262 1117 1375 lymphae
1135 1261 1335 1348 miscelam
1352 1265 1584 1374 intemperie
1600 1260 1786 1369 afficere,
1806 1291 1919 1346 mea-

486 1377 626 1487 rusque
650 1375 817 1492 lympha
849 1404 918 1490 per
946 1381 1080 1459 omnia
1106 1375 1254 1460 viscera
1280 1373 1526 1461 traducendae
1556 1375 1762 1458 destinatos
1793 1375 1920 1460 adim·

486 1488 596 1604 plere
614 1499 655 1573 ὃ(
670 1488 865 1573 obturare.
915 1487 920 1498 '

543 1603 591 1687 Id
607 1603 771 1715 quidem,
782 1605 1022 1713 cuicumque
1035 1606 1240 1717 herpetum
1254 1604 1397 1719 speciei
1417 1629 1631 1688 commune
1646 1603 1710 1687 est.
1734 1604 1788 1685 At
1801 1603 1918 1684 variae

487 1715 637 1830 species
661 1715 755 1798 mali
783 1715 969 1798 differunt
995 1720 1096 1801 inter
1121 1717 1188 1820 se,
1219 1717 1340 1830 gradu
1369 1719 1619 1822 acrimonia,
1643 1745 1728 1826 quae
1750 1717 1779 1797 sr
1804 1739 1916 1797 tena-

490 1827 665 1912 cioribus
692 1823 804 1911 snnul
829 1835 871 1911 dt
897 1833 1094 1912 acerrimis
1116 1829 1255 1912 referta
1277 1831 1321 1912 srt
1339 1825 1535 1942 partibus,
1563 1835 1646 1911 rum
1674 1831 1853 1939 herpetas
1875 1832 1917 1908 in

489 1940 805 2057 phlysloenosum
825 1948 867 2024 δι
887 1943 1208 2055 phagaedenicum
1231 1945 1435 2057 herpetum
1458 1969 1580 2052 genus
1601 1939 1837 2022 increscunt.
1871 1941 1916 2021 Si

489 2056 595 2138 virus
612 2051 856 2138 tenuioribus
880 2051 1053 2139 abundet
1106 2051 1298 2160 articulis,
1325 2051 1437 2137 srmul
1464 2060 1504 2135 ὅ(
1530 2050 1843 2164 copiosioribus,
1873 2054 1918 2136 fit

489 2169 629 2279 herpes
645 2169 822 2262 arrianos.
838 2167 881 2248 Si
894 2166 1054 2250 demum
1069 2085 1196 2251 subito
1210 2168 1360 2279 impetu
1379 2169 1420 2246 in
1438 2193 1563 2278 partes
1579 2193 1757 2278 erumpat
1776 2166 1918 2247 roden-

488 2283 599 2387 tique
614 2277 783 2361 donetur
802 2276 1009 2389 qualitate,
1031 2277 1189 2362 miliaria
1214 2283 1299 2363 erit.
1323 2275 1438 2360 Unde
1463 2281 1507 2360 fit
1529 2303 1573 2360 ut
1596 2283 1686 2360 chm
1715 2271 1851 2360 eadem
1874 2279 1919 2358 srt

488 2394 608 2474 trium
627 2393 814 2474 harumce
832 2392 1051 2505 specierum
1071 2417 1230 2497 natura,
1251 2392 1395 2506 possrnt
1418 2415 1555 2501 omnes
1578 2389 1689 2474 srmul
1709 2394 1751 2472 in
1770 2389 1916 2473 eodem

488 2499 663 2608 subjetto
689 2507 847 2616 reperiri
872 2530 989 2614 atque
1014 2532 1278 2610 concurrere,
1304 2507 1423 2586 itaut
1448 2503 1496 2586 ad
1523 2531 1632 2587 aures
1660 2506 1799 2618 herpes
1825 2507 1919 2616 pha-

490 2616 711 2728 gaedenicus
737 2645 778 2700 re
804 2619 974 2723 eriatur,
998 2620 1038 2698 in
1060 2617 1187 2721 facie,
1215 2617 1326 2700 collo
1338 2678 1353 2722 ,
1382 2615 1499 2699 dorso
1526 2614 1750 2700 observetur
1774 2617 1919 2730 herpes

488 2725 660 2822 retinens
671 2786 686 2835 ,·
710 2730 758 2812 ad
778 2648 936 2812 lumbos
957 2731 1055 2813 verb
1075 2728 1201 2812 saeviat
1222 2729 1404 2834 miliaris,
1423 2727 1531 2838 quod
1551 2755 1681 2812 tamen
1705 2730 1819 2810 rarius
1840 2759 1922 2811 oc-

491 2845 613 2925 currit
633 2842 741 2952 qubd
757 2839 914 2926 miliaris
930 2846 1069 2957 herpes
1083 2841 1209 2926 modo
1225 2841 1293 2927 srbi
1307 2844 1469 2956 proprio
1490 2841 1669 2949 invadat,
1694 2849 1734 2924 ἃ
1760 2844 1924 2926 acutior

492 2953 652 3037 saeviora
677 2980 858 3038 exerceat
878 2959 1053 3068 imperia.

547 3068 604 3148 At
626 3073 753 3150 rursus
775 3096 858 3148 non
881 3097 1010 3151 rarum
1037 3070 1090 3152 est
1108 3097 1201 3151 cum
1218 3070 1319 3152 veris
1347 3092 1462 3178 atque
1483 3067 1669 3179 legitimis
1693 3065 1921 3180 herpetibus

491 3173 669 3261 lichenes
691 3180 741 3263 de
758 3177 897 3288 quibus
913 3177 1005 3263 alibi
1025 3179 1111 3264 susd
1131 3181 1299 3264 diximus
1320 3183 1533 3286 confundi,
1558 3180 1691 3287 slcque
1717 3209 1809 3262 cum
1830 3183 1921 3266 her-

492 3287 647 3402 petibus
665 3294 763 3376 vivis
785 3291 894 3376 ditiis
915 3293 1071 3376 misceri
1092 3318 1208 3403 atque
1230 3291 1478 3378 invalescere.
1499 3293 1537 3376 Is
1558 3293 1611 3375 est
1628 3289 1790 3376 illorum
1810 3293 1922 3378 casus

493 3431 593 3513 quos
613 3405 797 3488 nostrates
813 3432 962 3488 vocant
981 3403 1205 3520 herpetibus
1226 3405 1399 3490 sarinosrs
1420 3405 1562 3490 dartres
1571 3403 1786 3518 farirttuses
1804 3404 1922 3490 labo-

493 3543 620 3599 rantes
632 3579 645 3622 ,
675 3546 758 3627 quae
783 3547 932 3601 vocum
953 3526 995 3602 dt
1020 3547 1150 3602 rerum
1173 3519 1351 3601 confusio
1374 3548 1455 3603 non
1481 3519 1583 3632 apud
1603 3547 1677 3601 nos
1700 3525 1852 3602 tantiam
1879 3527 1921 3604 dt

491 3626 681 3824 plebem,
715 3629 782 3713 sed
815 3633 934 3714 etiam
967 3633 1070 3745 apud
1101 3631 1288 3715 Medicos
1325 3632 1487 3716 Graecos
1523 3629 1746 3717 &Arabes
1779 3635 1922 3746 viguit.

529 3741 714 3827 atendum
735 3767 867 3826 tamen
886 3747 994 3854 qubd
1013 3750 1054 3828 in
1073 3744 1149 3828 hfic
1171 3744 1403 3830 consusrone
1427 3773 1536 3830 error
1558 3774 1639 3828 non
1662 3745 1763 3830 adeo
1882 3779 1922 3830 m

492 3855 570 3939 esse
594 3855 710 3968 poffit
734 3859 952 3961 momenti,
976 3863 1068 3942 clam
1096 3859 1322 3942 affetliones
1347 3885 1518 3943 cutaneae
1545 3883 1683 3941 omnes
1709 3773 1923 3944 mamm

492 3968 593 4052 inter
618 3968 681 4075 se,
706 3971 791 4051 tum
812 3967 1143 4074 indicationibus,
1170 3974 1254 4053 thm
1279 3971 1393 4082 srgnis
1416 3971 1617 4085 praeferant
1640 3967 1873 4081 analogiam.

548 4079 644 4168 Jure
671 4083 891 4190 meritoque
925 4083 1026 4164 inter
1054 4082 1231 4166 difficilia
1260 4087 1350 4167 artis
1383 4113 1502 4198 opera
1531 4087 1731 4197 hesperum
1762 4085 1925 4168 curatio

483 4193 727 4276 recensetur.
754 4195 1009 4307 Incognitum
1033 4198 1138 4278 enim
1162 4195 1397 4279 fermentum
1420 4195 1528 4280 nulla
1550 4194 1812 4292 srbivindicat
1832 4194 1926 4310 spe·

494 4303 622 4385 cifica.
644 4303 832 4390 Praeterei
852 4337 972 4392 omne
991 4308 1100 4420 quod
1120 4310 1160 4390 in
1179 4306 1380 4423 lympham
1400 4308 1605 4393 decumbit
1617 4311 1757 4392 vitium
1772 4311 1927 4392 tenuis-

494 4413 588 4496 srma
606 4417 860 4500 minimorum
880 4421 1060 4505 vasorum
1080 4419 1324 4506 incernicula
1342 4448 1515 4537 occupat
1532 4456 1543 4524 ;
1568 4428 1652 4506 thm
1672 4423 1770 4507 verb
1790 4419 1930 4532 liquor

492 4521 743 4721 illeproprio
766 4533 933 4615 circuitu
957 4533 1149 4641 donatur,
1173 4563 1248 4619 nec
1271 4534 1371 4618 adeo
1391 4535 1508 4619 facile
1525 4537 1605 4619 stne
1625 4535 1822 4648 sanguinis
1844 4535 1927 4620 dis-

491 4663 570 4752 pen
599 4641 639 4719 io
670 4644 814 4754 ympha
827 4645 1023 4728 immutati
1036 4647 1235 4758 novasque
1249 4648 1363 4734 dotes
1379 4651 1730 4763 acquirere'potest.
1744 4647 1927 4734 Demlrm

487 4776 621 4948 partes
643 4753 683 4832 in
710 4750 911 4866 lympham
938 4785 1103 4871 receptae
1131 4759 1323 4845 morbosa
1345 4765 1385 4843 in
1406 4761 1531 4874 ipsum
1557 4751 1926 4878 naucum'proprias

507 4860 695 4952 acultates
709 4891 897 4954 exerceat
901 4931 916 4982 ,
930 4870 1113 4960 fermenti
1122 4877 1230 4964 vices
1245 4899 1404 4988 gerunt,
1419 4877 1624 4964 materiem
1634 4899 1922 4992 corrumpunt,
