4246 5900
402 419 1268 539 Ι.ἸΝΊἸίΟΙ)ἶΙ(ἓΤΙΟ.,
1550 453 1607 540 49

203 587 366 678 tratione
389 585 617 676 obstarem
649 587 880 700 imminuti,
908 596 1248 681 &exercitiorum
1276 590 1508 702 juvenilium
1531 594 1603 680 de·-

170 625 297 812 burt,
311 708 354 788 in
373 703 588 818 grandaevis
602 732 810 821 apparent,
834 707 1057 821 reperculsa
1080 705 1156 791 illae
1177 707 1358 792 eamdem
1375 735 1523 790 noxam
1537 711 1602 790 in·-

174 819 304 904 serunt
322 843 443 928 atque
463 819 746 902 menstruorum
764 822 955 924 retentio,
970 819 1276 936 sanguinemque
1294 823 1423 936 primb
1446 823 1488 903 in
1512 821 1602 906 vasa

176 957 393 1046 aggerunt,
414 929 482 1014 sed
502 929 709 1043 pracsertim
735 927 1055 1040 abdominalem,
1084 963 1178 1016 cum
1199 931 1295 1018 ibis
1317 933 1466 1016 directo
1485 959 1602 1048 agant

176 1046 220 1128 in
249 1041 337 1127 vasa
360 1046 561 1156 patentia,
588 1049 631 1126 bt
661 1043 896 1158 excipiendo
924 1048 1035 1129 oneri
1055 1073 1297 1240 arppportuna.
1319 1044 1436 1129 Unde
1457 1049 1601 1130 intesti-

1094 1189 1116 1240 a

179 1155 282 1240 nalia
309 1158 491 1261 omenti,
511 1154 760 1261 mesenterii,
781 1157 1009 1272 hepatisque
1027 1191 1054 1241 v
1129 1189 1277 1242 noxam
1303 1162 1535 1274 praecipuam
1559 1161 1602 1242 in

178 1269 220 1354 se
247 1270 470 1382 recipiunt;
492 1269 677 1352 vitiantur
700 1272 903 1353 coiiiones
914 1330 929 1376 ,
955 1269 1156 1380 liquorum
1186 1274 1228 1354 in
1250 1269 1448 1356 abdomen
1471 1272 1603 1356 secer-

178 1381 408 1470 nendorum
430 1380 527 1464 ordo
545 1383 838 1494 interrumpitur
852 1443 867 1488 ,
881 1385 1058 1494 fiuntque
1076 1381 1606 1492 fuuffionesabdonnnales,

181 1503 226 1579 bt
242 1491 369 1600 male,
383 1499 426 1576 bt
443 1517 583 1577 contra
602 1494 807 1601 ordinem,
824 1493 1062 1607 demirmque
1085 1497 1276 1582 cachexia
1295 1495 1525 1612 &hydrops
1544 1497 1604 1580 se-

180 1629 355 1718 quuntur
370 1639 379 1687 :
397 1631 437 1690 at
452 1603 585 1690 vitiati
605 1603 708 1713 bile,
730 1609 889 1692 vitiatur
905 1611 1029 1715 cutis,
1055 1609 1124 1690 nist
1145 1608 1234 1693 vasa
1255 1605 1408 1692 cerebri
1430 1605 1606 1714 laxiora,

182 1715 435 1804 striffioribus
457 1715 568 1824 aliis,
598 1716 728 1830 labem
753 1723 793 1802 in
813 1721 853 1805 se
872 1723 1112 1835 receperint,
1138 1723 1311 1832 fiantque
1331 1717 1387 1804 ab.
1399 1717 1474 1804 hic
1490 1719 1607 1806 causi

182 1830 411 1944 lethargus,
433 1828 565 1916 morbi
582 1834 802 1940 veternosi,
823 1831 1043 1948 apoplexia.
1073 1831 1246 1920 Feliciirs
1260 1837 1301 1916 in
1316 1828 1478 1939 multis,
1498 1862 1609 1920 venae

184 1943 303 2028 faciei
322 1940 532 2028 dilatantur
546 1953 588 2028 bt
606 1943 714 2031 leves
728 1945 907 2032 efficiunt
919 1949 1095 2052 varices,
1114 1975 1197 2058 quae
1216 1971 1368 2061 guttam
1385 1949 1611 2061 exprimunt

186 2055 386 2140 rosaceam
397 2119 413 2164 ,
427 2055 561 2159 nasum
576 2055 803 2167 rubentem,
819 2059 962 2145 faciem
973 2059 1183 2144 ardentem
1196 2067 1237 2144 bt
1251 2061 1500 2165 flammeam,
1526 2057 1612 2142 sca-

186 2195 336 2254 tentem
369 2166 527 2283 pustulis
555 2171 758 2256 confertis.
800 2172 928 2282 ‚Quod
961 2174 1102 2256 vitium
1131 2176 1224 2255 cirm
1256 2171 1449 2256 familiare
1471 2168 1611 2256 suillis

189 2285 255 2394 qui
276 2279 573 2396 spirituosorum
599 2281 743 2393 abusu,
771 2285 1001 2399 sanguinem
1025 2284 1074 2369 ad
1106 2311 1225 2400 caput
1250 2285 1456 2389 deferunt,
1487 2280 1612 2396 vulgi)

189 2393 386 2480 ebrietatis
416 2393 609 2508 suspesios
630 2395 727 2482 facit
753 2425 823 2498 eos
850 2397 1007 2507 quitali
1031 2397 1329 2482 dehonestantur
1357 2397 1459 2481 sacie
1471 2457 1485 2500 ,
1518 2393 1615 2478 licet

192 2505 403 2614 aliquando
433 2504 455 2590 b
483 2505 572 2596 solo
598 2505 838 2593 abdominali
859 2513 958 2594 vitio
980 2507 1160 2625 pendeat.
1183 2511 1284 2593 Non
1316 2513 1390 2593 erit
1418 2505 1524 2592 unde
1547 2511 1616 2592 hic

196 2617 401 2702 insistamus
421 2621 524 2704 vitiis
545 2619 623 2706 illis
650 2626 802 2708 nerveis
825 2652 909 2732 quae
928 2623 1024 2738 sape
1042 2621 1260 2706 inseruntur
1288 2619 1336 2704 ab
1355 2622 1617 2703 hemorrhoi-

195 2730 289 2814 dum
321 2728 584 2845 suppressione
595 2795 610 2839 ,
635 2737 728 2816 cirm
763 2734 813 2818 ad
843 2763 917 2817 nos
946 2764 1030 2816 non
1058 2736 1305 2848 pertineant,
1329 2735 1397 2814 nisr
1427 2735 1620 2840 quatenbs

192 2869 423 2956 erumpente
441 2842 584 2929 morbo
598 2870 768 2930 cutaneo
784 2843 852 2930 illa
870 2845 1051 2930 videmus
1064 2844 1334 2928 conticescere
1354 2848 1396 2926 ὃ(
1410 2841 1545 2926 sedari.

248 2954 400 3038 Verirm
432 2955 601 3042 maximi
632 2956 726 3042 curri
757 2967 800 3044 ὅ(
825 2956 975 3044 summai
1004 2953 1206 3090 diligendi
1236 2954 1513 3067 inquirendum
1537 2959 1622 3062 est,

196 3097 293 3152 num
315 3065 510 3183 simplices
540 3071 645 3177 sint,
681 3079 725 3154 δι
748 3070 936 3184 plethorae
963 3065 1437 3184 srmphcis·abdominalis
1466 3065 1621 3156 medela

197 3181 533 3290 hemorrhoides,
554 3213 650 3268 num
672 3181 720 3267 ab
735 3181 868 3296 aliquo
882 3184 980 3268 vitio
996 3182 1193 3298 pendeant
1209 3187 1223 3264 i
1242 3183 1285 3264 Si
1300 3185 1406 3266 enim
1418 3180 1624 3264 nascantur

195 3303 219 3376 i
245 3290 390 3376 morbo
418 3297 568 3378 iuterna
586 3324 809 3411 occupante
826 3296 999 3401 viscera,
1028 3293 1152 3407 qualis
1183 3297 1235 3378 est
1262 3319 1329 3378 aut
1346 3295 1531 3407 hepatis,
1557 3315 1625 3376 aut

197 3404 310 3489 lienis
347 3407 652 3519 vicinorumque
680 3408 875 3496 viscerum
903 3405 1147 3512 obstructio,
1185 3431 1281 3489 tunc
1316 3402 1625 3488 haemorrhoides

199 3517 281 3632 sym
310 3521 508 3606 romaticae
526 3519 615 3606 sunt
625 3584 640 3628 ,
661 3528 704 3605 bt
724 3524 812 3608 stre
841 3518 1100 3628 ercutiantur,
1117 3543 1184 3606 aut
1205 3515 1448 3623 infortunio,
1463 3540 1531 3598 aut
1548 3517 1627 3596 im·

199 3548 434 3744 pmdendi,
466 3636 598 3717 omnia
624 3637 747 3718 nimio
775 3553 841 3720 erl
871 3637 973 3720 auiii
998 3631 1090 3716 mali
1114 3629 1372 3715 incommoda
1403 3633 1628 3744 praete'rmo·

203 3744 296 3826 ditm
317 3743 573 3851 increscunt,
597 3755 641 3832 ὅ(
666 3665 773 3830 nihil
783 3745 852 3832 illa
867 3749 1073 3861 pertinent
1091 3745 1140 3830 ad
1165 3746 1332 3828 nostram
1357 3743 1630 3832 sumnonem

204 3855 257 3938 de
286 3853 436 3944 morbis
459 3861 657 3958 cutaneis;
690 3857 757 3943 sed
779 3861 807 3960 ‚fi
827 3858 1022 3974 pendeant
1040 3885 1214 3942 tumores
1236 3850 1581 3942 hemorrhoidales
1602 3850 1632 3936 lt

201 3965 360 4068 nixibus
391 3993 534 4053 natura
558 3969 758 4056 molientis
782 3972 1034 4084 sanguineam
1060 3972 1360 4058 evacuationem
1383 3967 1487 4076 quast
1510 3964 1633 4077 depu-

201 4083 415 4187 ratoriam,
431 4107 527 4165 tunc
539 4085 785 4197 experientiae
800 4086 878 4188 est,
902 4114 986 4170 non
1001 4087 1204 4172 minimam
1218 4080 1312 4166 mali
1325 4101 1479 4274 partem
1501 4073 1634 4162 heuto

208 4192 374 4306 suscipi,
397 4201 438 4276 &
461 4193 587 4282 fractis
613 4219 755 4284 nature
777 4193 932 4286 nixibus
947 4199 1110 4288 refluere
1130 4193 1278 4279 malum
1302 4220 1323 4271 a
1373 4189 1413 4271 su
1443 4191 1635 4272 eriora&

210 4332 344 4388 cutem
367 4303 484 4390 faciei
508 4307 714 4422 presertim
726 4369 740 4414 ,
768 4308 834 4394 sed
857 4307 950 4396 alias
975 4312 1093 4392 eriam
1123 4307 1223 4388 cutis
1247 4303 1374 4436 partes
1397 4219 1636 4420 (semmam,

209 4445 286 4502 nec
306 4415 406 4547 sepe
425 4417 466 4504 id
493 4419 677 4528 efficere,
698 4423 768 4511 nist
787 4423 871 4535 post
889 4419 1034 4534 longa,
1055 4417 1205 4506 atrocia.
1215 4477 1230 4524 ,
1249 4411 1536 4518 intolerabilia,
1550 4443 1639 4499 ner-

211 4557 332 4614 veum
357 4553 572 4626 rumorem
596 4530 788 4624 saevientia
823 4557 1045 4636 tormenta,
1066 4559 1150 4641 quae
1169 4554 1258 4614 utut
1277 4529 1370 4616 vere
1390 4526 1640 4644 «spalmodica

213 4641 384 4746 fuerint,
406 4642 585 4735 desinunt
610 4671 740 4732 tamen
762 4641 857 4758 saeps
876 4647 919 4732 in
943 4646 1118 4754 martias,
1139 4671 1215 4757 apo
1243 4640 1396 4745 lexias,
1419 4667 1604 4724 veternos
1622 4697 1639 4742 ,

217 4751 432 4868 paralyses,
464 4759 667 4864 asthmata,
694 4765 736 4842 bt
759 4757 919 4848 demunt
949 4755 1182 4870 hydropem.
1204 4673 1325 4838 dens
1352 4751 1448 4866 saepb
1467 4777 1530 4834 tot
1550 4779 1651 4864 per--

218 4863 407 4984 pendenti
433 4867 628 4990 malorum
647 4872 831 4993 agnina,
852 4869 1158 4963 haemorrhoides
1173 4895 1269 4956 ‚non
1289 4863 1475 4990 simplicis
1503 4863 1648 4950 varicis

1409 4975 1452 5070 G
