4228 5898
669 389 960 516 c‘u‘rrn‘u
989 429 1024 516 a
1051 432 1071 515 1
1100 431 1190 515 az
1549 465 1633 541 173.
1649 485 1665 510 ..

142 675 144 682 ,
196 587 637 707 cumsuperabundante
648 591 825 701 material,
836 590 1048 704 naturisque
1058 589 1264 710 prostratis,
1279 593 1628 680 morbus&curim
1693 673 1695 680 .

178 711 236 790 ²&
259 723 386 818 partes
403 709 573 800 internas
593 705 738 791 eodem
753 705 859 822 pallu
877 733 1061 818 occupat.
1087 705 1146 790 Hi
1162 707 1250 792 sunt
1267 705 1397 791 morbi
1413 737 1514 819 quos
1533 710 1627 794 verb
1650 813 1652 816 Ι
1692 773 1695 780 »

195 819 318 932 pestes
341 821 569 926 vocaveris,
591 817 688 916 licet
706 849 789 904 non
813 822 992 904 omnium
1015 817 1125 930 equs
1146 819 1283 904 eadem
1309 821 1353 906 stt
1376 822 1556 906 conditio
1578 821 1628 906 ad
1696 921 1701 928 .

195 957 369 1016 mortem
389 929 587 1017 inclinata.
602 932 774 1016 Primam
788 941 829 1016 &
843 931 1036 1017 leniorem
1053 929 1173 1016 nobis·
1190 931 1419 1016 morborum
1434 938 1628 1021 horumce

196 1053 368 1138 formam
396 1043 585 1130 exhibent
611 1042 740 1130 febres
764 1043 840 1128 illae
870 1049 1074 1160 eruptoriae
1097 1075 1184 1156 quae
1210 1049 1252 1128 in
1280 1043 1382 1131 locis
1414 1049 1628 1133 humidiori
1660 1108 1664 1114 ·

197 1155 458 1269 temperaturi
482 1155 596 1242 srmul
619 1165 661 1243 ὃ(
684 1155 840 1244 astuosl
864 1156 1073 1242 infamibus
1092 1165 1344 1244 annotantur.
1369 1160 1443 1244 Hae
1465 1187 1509 1244 ut
1534 1161 1628 1246 soli-⁸

199 1279 258 1363 dis
283 1273 493 1376 inertiam,
519 1272 571 1355 src
586 1269 804 1382 liquoribus
817 1271 1145 1385 putridamatque
1160 1269 1327 1354 solutam
1346 1275 1629 1387 principiorum

197 1385 397 1477 acriorum
421 1413 657 1500 compagem
677 1385 904 1485 insrnuant·3
929 1383 1035 1468 unde
1062 1384 1269 1467 nascuntur
1288 1382 1416 1470 febres
1438 1390 1628 1497 austrina,

199 1509 343 1590 inertes
365 1495 563 1607 inquibus
610 1523 773 1582 notante
791 1497 1067 1612 Hippocrate,
1093 1499 1194 1610 agri,
1205 1495 1409 1582 sudoribus
1431 1499 1628 1587 diffluunt

198 1611 322 1702 Iniis
357 1612 462 1694 enim
493 1561 663 1724 prinlum
689 1609 797 1695 leves
825 1608 1137 1725 &lymphatica
1163 1609 1317 1724 pustula
1344 1614 1445 1698 inter
1469 1612 1629 1698 sudores

201 1726 324 1816 cutim
346 1749 544 1836 occupant
560 1754 572 1824 ;
590 1721 795 1837 pellucidae
816 1723 976 1832 quidem
994 1722 1068 1806 illa
1092 1723 1200 1828 sunt,
1225 1730 1265 1806 dr
1282 1721 1430 1807 nullam
1450 1724 1631 1811 videntur

201 1842 321 1928 bafim
340 1833 549 1941 obtinere,
580 1864 620 1920 at
638 1865 734 1920 mox
783 1833 985 1920 undiculae
1004 1833 1125 1918 rubrtt
1145 1834 1313 1919 miliarcs
1333 1834 1450 1920 basrm
1474 1835 1630 1924 illarum

200 1975 404 2062 occupant
417 2010 431 2053 ,
453 1952 569 2032 acino
587 1867 888 2065 supemsdente
901 1946 1095 2032 albicante
1103 2011 1116 2054 ,
1143 1977 1227 2057 quae
1251 1945 1372 2032 rubra
1398 1951 1631 2064 punsticuloe

200 2072 241 2154 in
267 2063 441 2182 graviori
472 2059 581 2146 malo
594 2123 609 2169 ,
639 2070 681 2147 bt
710 2087 791 2147 arte
820 2060 1042 2176 praeposteri
1071 2061 1251 2160 cardiaca
1275 2063 1562 2148 medicamenta
1586 2068 1628 2148 in

202 2179 392 2266 auxilium
409 2173 651 2284 advocante,
672 2165 768 2291 saipb
789 2175 1040 2287 nigrescunt,
1061 2173 1226 2286 suntque
1239 2179 1376 2258 mortis
1397 2179 1628 2290 praenuntiae.

202 2294 302 2378 Haec
338 2290 391 2372 est
420 2287 614 2374 sudatoria
647 2286 715 2370 illa
746 2285 864 2372 febris
890 2287 1100 2372 Britannos
1126 2285 1275 2402 duplici
1309 2286 1452 2372 abhinc
1486 2287 1628 2374 saeculo

204 2405 366 2508 adorta,
393 2428 469 2485 nec
504 2403 638 2484 nostris
668 2398 865 2484 littoribus
890 2402 1118 2514 incognita,
1156 2430 1239 2510 quac
1273 2403 1407 2496 mitior
1439 2399 1554 2512 quiam
1589 2407 1631 2488 in

206 2517 406 2636 principiis
443 2539 562 2624 ¹atque
597 2510 758 2626 longior
786 2515 902 2596 etiam
932 2543 1037 2597 nunc
1074 2512 1192 2596 hisce.
1212 2516 1253 2596 in
1288 2516 1367 2598 oris
1398 2513 1551 2599 desaevit
1580 2515 1630 2602 ad
1655 2519 1658 2527 ’

205 2635 334 2718 allatis
360 2633 481 2714 linem
512 2628 755 2714 &autumni
781 2628 902 2708 initia.
936 2625 1040 2710 Nam
1055 2687 1069 2731 ‚
1103 2629 1262 2710 auclore
1286 2625 1560 2740 Hippocrate,
1588 2635 1632 2712 in

203 2743 278 2831 lrsrc
303 2747 502 2860 pervicaci
521 2738 780 2852 atmosphaerae
801 2737 1034 2822 conditione
1056 2736 1216 2822 sudores
1235 2742 1277 2820 in
1294 2736 1467 2824 febribus
1488 2767 1631 2853 expec-

202 2885 289 2944 tare
311 2883 494 2973 oportet,
517 2860 559 2937 u
582 2855 672 2934 rarb
691 2848 818 2936 febres
844 2849 987 2935 sudore
1009 2849 1231 2934 diffluentes
1260 2847 1512 2936 observantur
1535 2856 1630 2965 quin

204 2969 320 3058 simul
349 2965 514 3053 maculis
546 2961 625 3048 illis
658 2961 810 3048 levibus
838 2966 945 3046 ‘'curis
977 2961 1160 3047 foedetur.
1191 2963 1513 3076 Erysrpelatosam
1542 2963 1628 3080 ple·

202 3083 369 3194 rumqub
399 3083 553 3167 servant
575 3103 749 3162 naturam
770 3079 828 3159 hae
842 3073 1020 3174 sebrium
1041 3075 1220 3188 species,
1256 3073 1465 3187 aliquando
1496 3103 1629 3163 tamen

205 3194 576 3312 phlegmonodaearn
588 3251 603 3297 ,
629 3217 704 3273 nec
729 3189 817 3272 rari>
835 3187 1029 3302 putridam
1048 3197 1089 3272 ἃ
1111 3191 1165 3272 ita
1188 3185 1317 3286 subito
1337 3191 1631 3303 gangraenosam·

201 3336 249 3396 ut
271 3303 481 3426 epidermis
503 3303 526 3390 ir
547 3329 639 3392 cute
658 3297 826 3407 subjesta
848 3299 1026 3406 secedat,
1054 3299 1134 3415 ipsa
1157 3289 1254 3385 veli>
1277 3305 1377 3386 cutis
1403 3305 1444 3384 in
1468 3299 1628 3388 lacinias

201 3421 331 3512 abeat.
358 3419 481 3505 Tales
498 3420 587 3503 sunt
604 3414 793 3499 morbi&
806 3440 971 3498 numero
991 3410 1148 3528 plurimi
1168 3421 1210 3498 ὃ(
1227 3395 1445 3498 diversitate
1461 3416 1628 3528 insrgnes

207 3566 306 3648 quos
320 3532 391 3617 sub
403 3523 571 3617 febrium
585 3529 901 3642 Hungaricarum
908 3589 923 3633 ,
931 3526 1258 3721 petechisantium
1275 3530 1436 3611 nomine
1451 3531 1628 3632 auctores

208 3647 469 3762 descripssre3
513 3677 556 3728 ur
584 3669 709 3728 uratas
724 3638 928 3724 aliivocav
954 3664 1017 3745 re,
1037 3627 1262 3748 dequibus,
1282 3643 1372 3722 cirm
1392 3639 1439 3722 ad
1457 3668 1530 3723 nos
1546 3669 1628 3724 non

208 3763 446 3876 pertincant,
502 3676 581 3839 ‘hil
600 3755 786 3839 addemus
815 3748 991 3865 amplius.
1020 3750 1283 3857 Sennertum,
1312 3749 1627 3858 Hoffmannum,

209 3869 616 3980 Wratillaviensesquc
641 3865 827 3952 Meditor
852 3862 1086 3969 consulant,
1114 3860 1255 3974 quibus
1281 3866 1362 3948 hoc
1383 3865 1458 3947 suit
1479 3893 1629 3978 propo-

210 3985 321 4071 srtum
343 4010 388 4068 ut
405 3987 599 4069 horumce
626 4007 802 4065 naturam
826 3974 1057 4061 morborum
1087 3975 1315 4090 indagarent
1341 3983 1383 4060 &
1408 3979 1517 4090 praxi
1544 4006 1630 4062 me-

210 4096 298 4183 dical
321 4094 575 4184 debellarent.
598 4091 779 4184 ,Trallius
808 4092 929 4195 verb,
954 4087 1156 4194 Werloff,
1187 4088 1237 4171 de
1270 4088 1388 4172 Haen
1417 4085 1630 4177 observatis

209 4209 450 4296 summorum
472 4211 648 4293 virorum
673 4204 882 4312 adjunxere
910 4217 1030 4286 novas
1060 4210 1101 4284 dt
1128 4199 1340 4284 lucidiores
1366 4201 1548 4294 theorias.

263 4325 311 4408 In
335 4349 480 4438 genere
500 4348 598 4435 ergo
624 4317 814 4403 morbosae
836 4317 1003 4400 materia
1025 4308 1347 4426 superabundanti
1366 4309 1519 4399 luxurie
1539 4345 1631 4431 prae·
1670 4375 1674 4383 -

210 4433 325 4552 cipue
356 4451 525 4550 peccant
551 4459 690 4516 omnes
714 4429 775 4516 illi
799 4425 929 4512 morbi
953 4429 1022 4536 qui
1050 4423 1206 4538 proprie
1232 4432 1272 4510 bt
1300 4419 1392 4531 jutta
1418 4424 1632 4514 verborum

210 4551 493 4664 significatione
506 4547 688 4632 dicuntur
698 4541 853 4657 putridi.
879 4539 1082 4622 Summam
1103 4540 1208 4622 enim
1220 4538 1517 4652 putredinem&
1531 4541 1634 4624 solu-

210 4664 361 4746 tionem
385 4662 428 4742 in
454 4655 684 4745 humoribus
739 4653 906 4738 utridam
933 4675 1050 4759 atquc
1074 4647 1278 4734 volatilem
1305 4651 1490 4738 indicant.
1513 4653 1633 4768 Apud

212 4801 283 4858 nos
303 4774 405 4857 verb
419 4768 688 4888 pestilentiales
707 4685 915 4884 dicunnu,
938 4764 1016 4848 five
1033 4763 1229 4878 pendeant
1246 4760 1297 4847 ab
1314 4769 1455 4850 atomis
1477 4763 1633 4849 aliunde

203 4886 408 4976 ‚accersrtis
426 4881 793 5002 putredinemintbs
807 4875 931 4970 subitfl
943 4879 984 4966 vi
1001 4871 1255 4964 inserentibus
1264 4939 1280 4990 ,
1298 4877 1416 4994 sive-i
1437 4870 1634 5002 concepti
