4250 5898
1032 253 1036 310 ι

638 443 1203 578 CUTANEIe·
1558 475 1644 564 nr

106 603 108 608 ⁵
214 611 453 728 trigesrmum
479 603 597 696 atatis
624 640 770 694 annum
797 609 1005 717 emensus,
1032 608 1224 694 causarius
1252 631 1385 696 tamen
1411 615 1553 725 &pro
1582 641 1650 698 tet·
1754 715 1758 724 ἢ

182 791 184 798 ·
215 729 335 812 vitam
355 727 482 810 minbs
509 723 559 808 ad
579 725 732 822 virtutis
751 753 956 827 normam,
980 719 1098 831 quim
1123 717 1172 804 ad
1194 718 1407 835 voluptatis
1434 644 1649 811 illecebras

214 837 584 943 accommodatam,
599 863 774 921 venerea
794 834 868 920 luis
889 835 1151 948 suspicionem
1169 831 1302 924 secum
1320 838 1498 941 trahens,
1517 835 1642 922 achi-

216 952 341 1064 turgis
365 947 701 1035 melancholicum
722 951 799 1032 fine
820 945 936 1032 sauss
959 944 1183 1034 videntibus
1204 951 1404 1031 mercurio
1429 947 1643 1052 addicitur;

214 1064 265 1148 ad
279 1065 433 1147 tertiam
448 1061 671 1145 srislionem
690 1060 841 1166 subito,
859 1068 902 1144 bt
917 1059 1020 1171 quali
1039 1063 1155 1143 lieret
1174 1057 1352 1171 explosro
1362 1122 1377 1166 ,
1406 1060 1539 1144 animo
1564 1060 1644 1146 lin·
1746 1055 1748 1061 '

214 1179 372 1288 quitur,
391 1173 643 1258 convellitur.
667 1173 776 1254 Tum
795 1172 843 1255 ad
870 1172 910 1255 se
928 1172 1081 1256 rediens
1100 1169 1213 1254 illicb
1233 1175 1438 1284 punbluras
1457 1172 1644 1284 indequal-

242 1317 295 1400 ue
314 1291 355 1400 in
376 1315 468 1372 cute
490 1287 676 1400 percipit,
698 1281 721 1367 a
739 1281 880 1395 quibus
902 1284 1042 1368 sedatis
1063 1283 1283 1368 remansere
1306 1281 1365 1368 illi
1383 1283 1646 1398 undequique

210 1317 327 1518 sparsi
352 1403 393 1483 in
416 1397 635 1483 universam
657 1395 895 1482 cutem'vari
908 1457 922 1502 ,
946 1394 1193 1502 indolentes,
1221 1399 1487 1509 nigricantes,
1508 1401 1575 1508 qui
1595 1397 1646 1483 ad

213 1515 324 1599 hunc
346 1511 469 1623 usque
485 1513 591 1596 diem
638 1509 688 1594 ui
708 1513 881 1621 quinqua
909 1511 1134 1608 enariusest
1157 1511 1299 1622 integri
1322 1509 1543 1616 subsrstunt,
1566 1509 1649 1595 srrle
1679 1559 1681 1564 ·

211 1625 296 1712 ulls
313 1625 556 1710 alteratione.
582 1540 688 1706 Illud
706 1626 746 1705 in
767 1625 827 1706 his
852 1539 967 1706 rebus
990 1622 1205 1708 videndum
1227 1623 1279 1705 est
1300 1651 1348 1705 an
1370 1651 1507 1707 curare
1529 1650 1651 1738 expe·⁴

90 1772 105 1807 ³
140 1771 143 1780 ¹
207 1735 298 1824 'diat
317 1769 432 1824 varos
456 1742 523 1847 qui
549 1733 658 1819 nulla
680 1742 773 1819 cbrn
797 1737 1003 1820 concitent
1031 1734 1311 1847 symptomata,
1342 1762 1417 1819 nee
1444 1736 1647 1820 memendi

208 1851 324 1958 sunt,
341 1879 416 1936 nec
441 1849 572 1932 morbi
589 1874 738 1932 nomen
761 1851 984 1931 merenmt?
1006 1847 1223 1960 AEgritudo
1246 1849 1318 1952 est,
1337 1848 1363 1929 sr
1380 1877 1527 1933 nomen
1546 1846 1647 1932 illud

207 1967 226 2050 i
255 1967 302 2048 srs
328 1960 549 2070 concedas,
581 1960 630 2044 ad
650 1960 949 2044 decorationem
975 1962 1185 2072 pertinens.
1211 1960 1361 2043 Verum
1383 1963 1481 2043 liita
1501 1957 1650 2066 jusserit

208 1995 351 2162 lbrmae
379 2104 492 2159 amor
499 2137 512 2178 ,
539 2071 648 2156 nulla
666 2076 717 2156 est
738 2072 789 2157 de
811 2101 951 2158 eorum
972 2071 1214 2155 indicatione
1234 2075 1336 2155 inter
1366 2075 1542 2156 audores
1569 2074 1649 2157 dis·-

208 2187 355 2273 sentio.
381 2189 570 2272 Causticis
591 2185 776 2270 tentanda
794 2187 846 2269 est
868 2214 980 2290 cura,
1001 2193 1043 2268 bt
1069 2190 1161 2267 clam
1183 2185 1314 2296 perse
1339 2182 1549 2294 aliquando
1576 2186 1652 2270 do·

209 2299 341 2388 lentes
365 2303 439 2385 srnt
451 2360 467 2407 ,
496 2297 611 2382 caute
633 2297 848 2382 admodbm
867 2327 962 2380 cum
981 2299 1028 2378 iis
1053 2296 1249 2410 agendum
1272 2299 1351 2396 est3
1379 2325 1471 2379 nam
1498 2297 1647 2412 saepbsr

210 2415 389 2498 caustico
417 2438 579 2495 ornnem
603 2407 716 2492 srmul
745 2406 935 2492 ambitum
958 2436 1042 2489 non
1067 2407 1436 2522 comprehenderis,
1465 2415 1650 2496 materies

211 2527 299 2611 vari
326 2552 410 2612 non
433 2519 625 2605 schirrosa
679 2521 841 2626 uidem,
871 2520 939 2604 sed
973 2521 1197 2631 organismo
1234 2546 1365 2604 tamen
1401 2521 1650 2630 defraudata,¹

212 2664 296 2724 nec
326 2633 422 2720 orba
449 2633 608 2748 liquidis
637 2549 874 2716 alluentibus
896 2632 1064 2745 expandi
1084 2635 1210 2745 potest
1233 2635 1274 2714 in
1304 2661 1503 2719 cancmm.
1535 2635 1650 2721 Hine

215 2749 317 2836 dlrm
344 2751 472 2855 natri,
507 2743 628 2830 calcis
649 2747 778 2850 vivre,
802 2744 945 2861 spumae
975 2747 1149 2857 argenti,
1178 2745 1244 2829 seu
1277 2773 1440 2858 argento
1470 2751 1648 2834 causticis

210 2860 440 2974 liquoribus
475 2858 637 2964 soluto,
668 2859 985 2972 auripigmento,
1028 2860 1109 2941 atris
1145 2857 1260 2942 viridi
1302 2857 1509 2944 utebantur
1541 2888 1650 2947 vete-

207 3003 279 3062 res
303 2981 386 3081 (a),
415 2970 544 3056 multo
568 2967 810 3056 infeliciores
833 2967 948 3053 nobis
969 2996 1079 3053 erant
1101 2972 1169 3081 qui
1190 2970 1341 3056 saniore
1362 2971 1516 3058 chemid
1531 2977 1648 3060 'dotti

208 3090 294 3176 hos
319 3085 493 3197 liquores
518 3085 708 3170 causticos
737 3091 779 3166 bt
805 3083 1013 3168 erodentes
1041 3084 1094 3166 fic
1125 3109 1422 3197 contemperare
1447 3084 1546 3198 aqud
1572 3087 1649 3172 sci·-

208 3229 306 3286 mus
317 3259 331 3305 ,
350 3224 395 3283 ut
413 3227 559 3282 noxam
575 3193 652 3305 jam
673 3193 821 3278 nullam
840 3196 983 3280 inferre
1002 3196 1167 3308 poffint,
1198 3203 1236 3280 bt
1264 3201 1477 3284 exteriores
1496 3206 1648 3284 tantiam

206 3310 395 3398 lamellas
420 3313 528 3396 tenui
560 3305 751 3424 penicillo
779 3311 833 3392 ita
857 3309 1001 3392 scimus
1028 3312 1250 3422 attingere,
1275 3335 1321 3394 ut
1347 3308 1455 3394 nulla
1481 3311 1648 3398 ulterior

210 3454 327 3510 noxa
344 3425 459 3538 polsrt
477 3420 612 3506 inferri
621 3483 637 3528 ,
657 3420 764 3504 unde
779 3419 802 3504 ὲ
820 3419 981 3507 materiai
998 3421 1222 3505 medicinali
1239 3447 1305 3506 tot
1324 3419 1407 3526 jure
1428 3428 1649 3536 meritoque

209 3535 381 3623 exulant
411 3536 790 3619 medicamentorum
823 3537 1084 3619 causticorum
1119 3561 1293 3645 genera,
1334 3565 1418 3645 qua
1452 3540 1647 3623 astionem

209 3647 409 3761 aqualem
435 3656 477 3732 dt
499 3673 623 3730 tutam
648 3675 732 3730 non
755 3647 912 3756 pollunt
933 3672 1131 3732 exercere.

273 3756 462 3844 Praeteteb
483 3760 580 3843 verb
603 3784 812 3868 antequam
837 3760 1071 3863 causticum,
1101 3755 1382 3871 cujuscumque
1405 3765 1559 3875 generis
1577 3766 1646 3872 srt,

207 3878 297 3961 sive
321 3872 496 3985 spirimm
518 3873 634 3977 nitri,
656 3871 735 3954 srve
750 3867 985 3975 secundam,
1007 3896 1052 3952 ut
1074 3873 1211 3975 aiunt,
1234 3901 1376 3982 aquam
1398 3876 1644 3982 admoveris,

205 3987 285 4075 seu
313 3983 462 4069 leniora
482 3983 641 4087 adhbc,
678 3981 727 4066 de
747 3984 865 4094 partis
889 3980 1146 4069 irritabilitate
1164 3986 1309 4067 merito
1332 3988 1573 4095 inquirimus.
1599 3989 1648 4072 Si

203 4101 327 4186 enim
345 4098 494 4181 summa
514 4097 559 4180 srt
574 4091 663 4199 illa,
682 4091 921 4210 papillasque
941 4093 1142 4182 evidenter
1158 4121 1319 4181 nerveas
1342 4123 1476 4181 tumor
1497 4097 1646 4204 tollen-

206 4213 291 4300 dus
320 4215 547 4314 contineat,
576 4233 671 4290 tunc
698 4205 746 4292 ab
773 4209 834 4293 his
866 4209 1009 4293 cellare
1036 4211 1240 4321 pmdentia
1268 4205 1389 4316 jubet.
1419 4211 1511 4295 Pars
1539 4215 1649 4296 enim·

206 4325 356 4409 affebla
379 4327 420 4405 in
446 4349 632 4404 cancrum
661 4317 813 4425 abibit,
840 4347 966 4431 partes
990 4323 1248 4403 verb'vicinae
1273 4322 1474 4433 pessimam
1497 4325 1649 4407 inflam-

206 4438 438 4522 mationem
464 4434 723 4546 concipient,
755 4429 940 4538 brevique
969 4459 1173 4542 gangraena
1199 4435 1358 4517 orietur.
1387 4434 1436 4518 Id
1466 4437 1648 4520 accidere

209 4545 317 4636 vidi.
339 4545 477 4628 Tantae
506 4541 696 4628 nemolis
719 4543 772 4626 est
792 4542 962 4624 formam
985 4542 1156 4648 servare,
1185 4571 1252 4626 aut
1273 4549 1402 4658 potibs
1427 4550 1652 4646 restituerer

210 4656 508 4766 cismalioquin
523 4657 698 4739 cicatrici
714 4652 815 4738 bend
833 4654 937 4738 faetae
959 4661 1000 4738 dt
1021 4658 1087 4740 vix
1102 4652 1268 4740 notabili
1281 4656 1548 4765 succrescere,
1570 4660 1653 4742 sur*

207 4769 406 4860 culomm
420 4794 534 4851 more
546 4773 587 4852 in
598 4763 894 4882 vegetantibus,
918 4765 1157 4883 multiplices
1175 4771 1317 4856 minuti
1335 4770 1650 4888 vari-aliquando

260 4925 323 5010 =(n)
345 4921 385 4994 V.
403 4923 535 5003 Artium,
554 4923 611 4991 100.
632 4925 679 4998 tit.
697 4921 771 4991 Cels
788 4925 844 4990 loc.
862 4925 937 4996 dtas«
1592 4921 1599 4936 '

1103 5193 1126 5228 s
1152 5203 1155 5208 .
