4250 5898
502 417 590 526 304
704 489 706 496 .
826 515 827 520 Ν
954 403 1484 498 DEMORBIS

436 677 438 682 y
507 529 661 664 tentant
682 572 883 663 adstruere.
915 575 977 657 Sit
1003 571 1120 688 penes
1147 577 1322 656 auctores
1342 573 1465 656 fides:
1486 567 1584 652 nihil
1607 564 1780 678 unquim
1810 557 1930 644 limile

507 691 617 790 vidi3
637 691 728 773 inde·
750 694 795 772 lit
810 715 855 771 ut
873 713 988 770 exem
1017 685 1054 767 la
1075 685 1219 770 adrem
1238 687 1406 767 nostram
1425 679 1534 765 nulli
1553 684 1705 763 ratione
1726 675 1931 792 spectastis

493 828 584 888 nec
610 802 782 887 enodare
795 861 809 908 ,
833 826 908 883 nec
935 828 953 881 r
994 795 1145 904 ellere,
1172 825 1247 881 nec
1274 795 1479 881 admittere
1504 791 1658 908 possim.

827 1015 1441 1106 ARTICULUS
1518 1003 1608 1097 1'1.

892 1229 959 1312 Dc
974 1226 1181 1342 Alopeciri,
1197 1221 1366 1312 Artis&
1383 1220 1553 1339 Opdiafi.

558 1451 671 1537 'Areae
691 1513 704 1558 ,
729 1451 937 1566 alopecia,
964 1452 1128 1564 ophiasrs
1148 1451 1311 1536 nomine
1332 1448 1546 1558 differunt,
1568 1439 1816 1561 nequaquim
1836 1445 1929 1530 veris

503 1565 652 1649 naturl.
674 1565 819 1678 Figura
835 1591 1010 1648 arearum
1029 1592 1112 1672 quae
1130 1593 1211 1646 non
1230 1563 1280 1648 ad
1295 1561 1461 1678 capillos
1475 1566 1648 1667 tannim,
1670 1558 1738 1642 sed
1758 1557 1809 1638 ad
1829 1558 1926 1672 pilos

504 1703 644 1762 omnes
665 1681 884 1791 pertinent,
907 1678 975 1786 qui
994 1673 1106 1762 antei
1121 1673 1337 1782 exstabant,
1361 1705 1466 1759 nunc
1484 1677 1582 1759 verit
1602 1671 1739 1758 absunt
1749 1729 1764 1773 ,
1788 1672 1926 1753 incon-

435 1857 438 1862 .
504 1787 585 1872 dita
604 1793 668 1872 est.
695 1791 739 1871 Si
761 1786 856 1874 illuc
876 1789 1121 1872 inveniantur
1141 1785 1233 1902 pili,
1261 1791 1340 1870 huc
1360 1789 1457 1872 verb
1479 1786 1664 1870 deficiant
1686 1811 1770 1864 non
1790 1784 1833 1865 in
1851 1811 1928 1866 uno

503 1899 626 2004 loco,
643 1899 709 1984 sed
721 1905 763 1983 in
775 1896 949 2014 pluribus
961 1903 1140 2013 corporis
1155 1887 1347 2014 partibus,
1366 1899 1536 2010 eoquod
1548 1896 1646 2011 saepe
1659 1893 1821 2008 vulpes,
1835 1897 1925 1976 asta-

502 2015 554 2094 tis
582 2012 774 2126 praecipue
794 2039 994 2122 tempore,
1021 2014 1101 2093 hoc
1127 2009 1390 2093 incommodo
1414 2008 1635 2094 laborantes
1658 2009 1925 2113 inveniantur,

502 2122 684 2235 alopecia
702 2123 856 2206 dicitur.
873 2124 917 2204 Si
958 2149 1001 2204 er
1014 2121 1160 2234 longos
1174 2131 1215 2206 ὅ(
1227 2121 1469 2236 serpentinos
1484 2125 1627 2206 tractus
1639 2121 1780 2205 vitium
1794 2145 1926 2232 propa·

501 2261 616 2345 getur
628 2296 643 2340 ,
669 2236 857 2349 ophiasrm
879 2151 1012 2316 habes.
1041 2232 1107 2316 De
1132 2230 1272 2343 quibus
1298 2237 1362 2316 hic
1382 2233 1541 2318 seorsim
1568 2231 1777 2317 dicendum
1801 2233 1920 2314 existi-

500 2349 695 2428 mavimus
706 2409 719 2451 ,
741 2346 848 2453 qubd
868 2347 951 2456 post
970 2341 1132 2426 Celsum
1157 2351 1219 2447 (α)
1242 2349 1417 2428 αυᾶοτεε
1433 2345 1641 2458 gravissimi
1658 2343 1815 2425 affeslus
1832 2339 1922 2426 illos

501 2456 742 2540 distinxerint
760 2461 861 2540 inter
873 2457 926 2539 se.
945 2455 1273 2538 Discriminantur
1285 2459 1382 2540 verb
1397 2454 1419 2538 ὲ
1434 2456 1604 2570 pilorum
1622 2457 1797 2540 defluvio
1811 2481 1927 2564 atque

383 2630 387 2640 ,
497 2566 687 2675 calvitie,
712 2570 822 2679 qubd
848 2565 1083 2678 &pilorum
1107 2567 1321 2650 defluvium
1343 2575 1384 2650 ὅ(
1410 2568 1585 2653 calvities
1610 2571 1652 2650 in
1676 2567 1762 2650 dies
1783 2567 1925 2651 incres-

497 2705 614 2786 cant,
636 2709 731 2763 areae
749 2683 845 2763 verb
861 2705 906 2762 ut
923 2676 1134 2790 plurimum
1153 2683 1194 2761 in
1211 2678 1356 2763 eodem
1377 2683 1470 2764 statu
1492 2682 1683 2795 perstent3
1704 2683 1790 2762 tiam
1810 2682 1925 2762 etiam

496 2790 610 2897 quod
635 2790 709 2875 illa
737 2795 777 2874 in
804 2790 906 2875 locis
936 2815 1142 2903 appareant
1167 2787 1399 2903 plerumque
1432 2791 1481 2876 ad
1507 2822 1607 2902 quos
1634 2819 1717 2872 non
1741 2794 1926 2906 pertingit

496 2898 688 2990 calvities.
719 2903 920 3018 Incipiunt
939 2905 1045 2985 enim
1070 2901 1202 3012 sapido
1231 2901 1337 3033 pone
1363 2931 1473 2986 aures
1497 2913 1540 2988 ὁ(
1565 2902 1613 2986 ad
1638 2906 1835 3016 occiput,
1859 2933 1925 3018 per

497 3041 583 3120 quae
610 3013 703 3098 loca
730 3018 797 3098 vix
828 3044 1000 3124 unquam
1030 3012 1204 3098 calvities
1236 3019 1401 3130 incipit,
1434 3045 1516 3126 quac
1543 3011 1719 3126 vulgisi
1750 3016 1923 3128 smcipite

495 3123 548 3204 ad
568 3129 732 3234 occiput
753 3127 937 3210 decurrit.
961 3125 1016 3208 Ut
1031 3127 1128 3208 verb
1147 3123 1342 3210 calvitiem
1358 3125 1406 3210 ab
1425 3129 1636 3210 humorum
1655 3125 1793 3239 inopis
1808 3127 1924 3212 dedu·

493 3259 594 3317 cunt
613 3238 789 3318 auclores
809 3240 865 3318 ilii
885 3268 897 3335 ;
922 3241 975 3320 ita
989 3264 1094 3320 areas
1113 3234 1302 3336 ivirio&
1318 3238 1541 3352 corrupteli
1555 3242 1796 3344 humorum,
1817 3237 1921 3344 cujus

495 3343 728 3460 corruptela
753 3346 930 3433 indolem
956 3371 1039 3430 non
1059 3346 1294 3430 discernunt.
1326 3348 1466 3434 Celsus
1486 3353 1583 3435 verb
1603 3348 1799 3464 capillos,
1817 3377 1917 3436 ante·

494 3454 613 3564 quim
632 3457 837 3567 decidant,
854 3461 1055 3544 extenuari
1072 3463 1318 3572 pronuntiat,
1336 3461 1446 3570 quod
1457 3461 1618 3546 effatum
1632 3489 1711 3573 ego
1726 3491 1799 3576 per
1817 3463 1921 3546 sicci·

492 3590 612 3652 tatem
634 3572 680 3653 iis
696 3571 893 3654 indubiam
908 3569 1076 3682 intelligi
1091 3569 1226 3654 velim.
1251 3573 1446 3683 Quamvis
1463 3576 1561 3658 verb
1579 3572 1783 3686 alopecia,
1805 3601 1922 3680 area,

490 3681 682 3790 ophialis,
703 3707 747 3764 ut
772 3682 822 3764 de
849 3687 896 3766 iis
923 3686 1099 3766 auslores
1129 3680 1327 3789 scribunt,
1358 3679 1564 3768 rarillimos
1592 3697 1662 3798 pe'r
1679 3683 1734 3768 ‘se
1763 3685 1922 3769 offellus

491 3793 751 3896 constituant,
770 3821 851 3874 non
863 3794 1080 3875 inauditum
1101 3819 1233 3880 tamen
1253 3799 1304 3878 est
1327 3824 1398 3879 eos
1417 3823 1601 3906 tanquam
1615 3796 1798 3880 aliorum
1818 3825 1922 3881 mor·

489 3897 634 3986 borum
662 3902 883 4017 symptoma
905 3906 1073 4017 reperire
1103 3937 1112 3984 :
1144 3906 1219 3986 hos
1246 3933 1326 4017 ego
1355 3938 1553 4018 nunquam
1580 3907 1662 3990 vidi
1691 3911 1790 4017 quin
1819 3911 1921 3992 cutis

489 4011 571 4124 ipsa
587 4015 723 4126 capitis
741 4019 875 4118 vitiata
892 4015 997 4098 foret
1008 4075 1023 4120 ,
1049 4021 1091 4096 δι
1114 4013 1296 4099 morbum
1318 4017 1489 4128 aliquem
1511 4047 1560 4102 ex
1585 4016 1696 4132 sopri
1718 4019 1917 4134 descriptis

488 4121 663 4208 referret.
697 4127 742 4208 In
768 4129 848 4212 hoc
875 4130 981 4210 enim
1007 4125 1146 4208 affeiiu
1175 4130 1283 4231 tirm,
1311 4129 1463 4243 capillis
1492 4128 1778 4236 defluentibus,
1807 4127 1920 4214 limul

488 4230 618 4340 aliqua
655 4236 903 4426 ppidermidis
941 4241 1074 4352 portio
1107 4235 1380 4345 avellebatur,
1416 4249 1457 4324 ὃ(
1497 4239 1661 4353 capillos
1700 4241 1919 4326 defluentes

487 4341 596 4448 sequi
615 4347 655 4426 vi
685 4343 843 4454 ebatur,
873 4355 960 4438 tum
985 4347 1211 4435 remanebat
1229 4379 1317 4436 area
1342 4353 1570 4457 humidior,
1598 4355 1682 4434 imo
1703 4352 1919 4464 aliquandi)

487 4449 582 4537 rabo
609 4457 738 4540 vicina
767 4459 1005 4574 deturpans,
1040 4468 1081 4544 br
1111 4457 1219 4544 brevi
1249 4465 1292 4546 in
1317 4460 1495 4549 lichenes
1531 4463 1716 4548 mutanda
1726 4525 1743 4573 ,
1774 4463 1916 4576 quibus

527 4674 542 4744 s
549 4673 585 4740 a)
609 4668 669 4730 Lib·
682 4681 713 4743 6.
728 4697 788 4756 cap.
801 4680 936 4750 unctius
947 4699 1054 4752 terna,
1069 4679 1149 4742 serm.
1165 4703 1194 4744 ι.
1213 4682 1421 4772 Pisodecogn.
1438 4687 1664 4760 &cur·morbir,
1752 4704 1786 4758 v,
1805 4687 1856 4748 lib.
1871 4699 1912 4748 ι’.

486 4748 650 4844 osiride
665 4751 721 4842 ¹⁰⁶?
738 4753 829 4818 affen.
848 4781 903 4821 cut.
919 4762 967 4826 lib.
979 4780 1015 4848 a,
1031 4783 1091 4845 cap.
1105 4782 1152 4846 φ.
1171 4761 1249 4834 Paul.
1269 4767 1313 4832 lib.
1336 4790 1370 4850 3,
1390 4789 1451 4853 cap.
1468 4791 1492 4834 r.
1515 4767 1672 4852 Serapiou,
1691 4768 1710 4828 li
1730 4785 1790 4846 .r,
1810 4786 1869 4850 cap.
1883 4786 1911 4830 r.

482 4829 678 4918 noconius,
700 4831 748 4892 lrb·
765 4853 776 4898 ι
786 4877 797 4910 ,
814 4855 872 4922 cap.
892 4861 921 4926 .⁴·
1663 4847 1671 4854 “
