4156 5892
483 457 571 534 214
887 415 1042 506 'DE
1114 340 1491 504 MORBIS

489 583 721 677 recensendi
742 581 854 691 sunt,
882 584 974 666 clun
998 577 1020 664 b
1041 583 1136 665 statu
1159 582 1372 666 humorum
1391 578 1574 667 universo
1593 575 1821 695 pendeant,
1847 605 1929 668 nec

487 701 647 788 mallant
666 698 858 802 liberent,
879 693 947 778 sed
970 691 1075 778 illius
1095 695 1236 794 vitiata
1259 696 1413 807 signum
1434 692 1660 780 exhibeant.

539 815 691 900 Verum
705 840 788 895 non
803 809 942 893 eadem
959 806 1061 890 adest
1075 809 1116 888 in
1134 804 1285 923 papulis
1305 804 1489 890 omnibus
1508 805 1629 890 causae
1645 807 1926 916 vehementia,

486 959 570 1013 non
584 927 690 1012 idern
706 950 847 1008 natura
861 924 1044 1035 impetus.
1059 920 1206 1034 Saepiirs
1214 981 1229 1026 ,
1244 922 1344 1003 vitio
1360 915 1428 1002 sub
1443 916 1678 1004 humoribus
1694 949 1898 1036 concepto
1907 985 1923 1028 ,

487 1040 717 1152 quotidiana
731 1037 864 1121 cottio
881 1035 1017 1119 vitiata
1037 1030 1186 1116 malum
1201 1031 1440 1146 redintegrat
1455 1063 1466 1132 ;
1488 1029 1648 1148 papulas
1665 1063 1771 1117 nunc
1789 1061 1923 1118 erum-

487 1181 582 1269 pere
596 1148 771 1255 videbis,
797 1175 903 1230 nunc
920 1143 1162 1230 delitescere.
1189 1143 1345 1230 Omnes
1359 1147 1487 1250 enim,
1509 1171 1712 1256 quotquot
1724 1146 1834 1251 sunt,
1855 1177 1926 1262 pa-

487 1263 586 1381 pulae
602 1261 719 1346 nullis
734 1260 817 1345 aliis
833 1255 1101 1344 accidentibus
1118 1259 1308 1372 insignes,
1328 1260 1356 1341 fr
1371 1257 1560 1359 diuturna
1574 1260 1669 1364 sint,
1688 1264 1710 1341 a
1725 1261 1926 1346 coctionis

486 1381 592 1464 vitiis
608 1375 780 1491 pendere
800 1372 823 1457 b
841 1370 917 1484 qus
941 1369 1024 1455 solt
1074 1369 1274 1486 erspiratio
1289 1371 1543 1456 Sandoriana
1562 1373 1710 1484 regitur
1720 1432 1734 1477 ,
1759 1376 1924 1485 praslici

488 1517 628 1576 omnes
657 1485 911 1584 fatebuntur;
935 1401 1146 1599 papufbsus
1175 1486 1229 1568 est
1254 1512 1381 1598 ager,
1408 1483 1475 1568 sed
1502 1481 1813 1570 evidentioribus
1836 1512 1926 1570 tor-

487 1628 629 1715 quetur
651 1599 826 1716 papulis,
847 1600 1003 1709 quoties
1027 1596 1049 1679 a
1075 1594 1175 1704 jussal
1201 1601 1400 1710 regiminis
1423 1595 1516 1710 lege
1540 1595 1714 1702 recedit,
1734 1599 1817 1680 imb
1837 1599 1926 1685 fere

486 1713 603 1798 nullae
623 1737 842 1828 exurgunt,
869 1712 1025 1823 quoties
1045 1707 1192 1795 servatb
1208 1707 1287 1793 alvi
1302 1705 1502 1816 libertate,
1524 1709 1663 1796 severa
1678 1707 1925 1800 obsecundat

486 1829 617 1914 daetae.
750 1873 754 1884 ¹
1067 1903 1069 1912 ,
1562 1889 1568 1900 -

546 1938 774 2052 Aliquandb
806 1938 860 2019 ita
891 1936 932 2022 se
965 1965 1026 2021 res
1054 1934 1176 2021 habet
1205 1960 1249 2022 ut
1279 1931 1413 2019 multis
1441 1932 1545 2019 male
1574 1937 1923 2046 concoquentibus

487 2079 669 2168 ternpore
687 2047 867 2160 hyberno
881 2050 1076 2134 diarrhoea
1090 2047 1272 2164 obtingat
1288 2047 1504 2133 torminosa
1518 2077 1620 2158 qnos
1635 2052 1759 2135 astate
1778 2079 1925 2138 vexant

488 2163 650 2281 papula.
666 2163 785 2247 ¹Hinc
814 2186 857 2246 ιιι
880 2162 1130 2246 sanbliffimua
1156 2187 1298 2248 natutae
1321 2158 1550 2246 observator
1568 2161 1743 2248 edixerat
1761 2163 1820 2248 Hi
1847 2193 1924 2280 po-

489 2303 616 2362 crates
640 2284 732 2383 (a),
763 2274 902 2360 eadem
924 2277 977 2360 est
997 2277 1151 2359 theoria
1173 2273 1403 2390 papularum
1418 2299 1535 2386 atque
1549 2302 1780 2389 prarernatu
1841 2283 1923 2364 'um

488 2391 691 2476 sudorum.
726 2389 781 2472 Pa
809 2384 881 2471 ulae
916 2387 1124 2505 presertim
1156 2391 1281 2502 astate
1310 2415 1482 2494 vexant,
1518 2417 1602 2498 quae
1636 2419 1706 2505 per
1736 2393 1922 2502 hyemem

490 2501 737 2590 delitescunt.
776 2419 934 2586 bantur
962 2505 1004 2585 in
1032 2527 1124 2586 cute
1148 2503 1338 2587 strubturae
1364 2530 1448 2611 quae
1473 2505 1540 2586 vix
1566 2499 1644 2588 illis
1659 2531 1809 2588 «carent
1833 2503 1922 2590 ullo

488 2643 696 2732 tempore,
722 2612 931 2729 presertim
948 2617 991 2697 in
1012 2612 1168 2721 juniore
1188 2641 1300 2700 atate
1326 2647 1338 2714 3
1366 2642 1443 2698 nec
1465 2643 1594 2698 ratum
1612 2617 1725 2699 estin
1745 2613 1924 2703 febribus

433 2808 449 2839 ‚
487 2725 836 2816 intermittentibus
859 2755 998 2814 omnes
1019 2726 1276 2842 paroxysmos
1299 2726 1321 2810 ὲ
1371 2722 1573 2841 apularum
1599 2731 1803 2842 eruptione
1826 2733 1925 2814 inci·

486 2870 582 2960 pere
605 2871 688 2954 qua
712 2838 842 2954 postea
861 2839 1155 2926 defervescente
1173 2869 1323 2954 paroxy
1384 2868 1411 2923 ο
1431 2846 1473 2923 δι
1499 2843 1542 2922 in
1569 2838 1725 2925 sudores
1749 2838 1923 2928 abeunte

489 2956 684 3067 disparent
706 2955 872 3040 omnino
884 3014 899 3059 ,
930 2953 1061 3037 donec
1082 2951 1331 3038 recrudescat
1354 2981 1481 3037 novus
1506 2952 1759 3067 paroxysmus
1771 3014 1786 3060 ,
1809 2951 1924 3064 quod

488 3066 650 3176 quidem
677 3063 898 3182 symptoma
925 3069 966 3148 in
990 3063 1338 3150 intermittentibus
1364 3061 1539 3148 febribus
1552 3094 1648 3148 non
1670 3064 1922 3182 periculum,

486 3179 556 3268 sed
564 3178 897 3373 sdiuturnitatem,
925 3175 979 3262 ob
1003 3175 1262 3294 perspirabilis
1282 3180 1450 3264 materia
1472 3177 1680 3264 crassitiem
1702 3189 1746 3268 dt
1766 3208 1928 3270 moram

513 3319 601 3380 raa
629 3317 672 3376 ιι.
714 3335 717 3342 ,

485 3324 512 3410 P
543 3323 709 3491 διιέιιιιὲ
727 3401 1001 3516 distinguenda
1021 3402 1110 3488 funt
1125 3403 1274 3522 papula
1294 3403 1317 3488 a
1335 3400 1500 3488 maculis
1522 3403 1808 3518 petechialibus
1826 3435 1926 3520 quas

487 3521 532 3608 in
550 3517 635 3633 ipso
651 3514 782 3602 febrili
794 3517 881 3600 astu
899 3544 968 3631 per
985 3516 1184 3602 servorem
1198 3519 1432 3634 tempestatis
1447 3517 1575 3600 aliivae
1591 3521 1782 3606 immanes
1796 3517 1925 3610 obsera

487 3633 633 3719 vavsre
646 3629 766 3714 Torti
781 3625 1227 3744 atqueValcarenghus‚
1249 3654 1333 3746 msa
1345 3630 1542 3719 summum
1562 3631 1794 3720 incendium
1804 3632 1925 3722 adeo·

488 3773 567 3858 que
615 3738 809 3830 ericulum
836 3745 974 3855 ingens
998 3742 1270 3858 prasagiunt.q

599 3884 681 3942 tera
707 3884 756 3970 pa
783 3851 935 3938 ularum
960 3853 1221 3968 malignarum
1244 3855 1393 3968 species
1419 3853 1788 3975 &symptomatum
1811 3857 1925 3944 fero-

488 3974 593 4058 ciarn
620 3976 663 4056 δι
683 4001 723 4052 m
764 3971 773 3988 ’
796 3965 1090 4086 diuturnitatem
1109 3967 1341 4082 conjungit,
1370 3998 1454 4054 non
1479 3964 1620 4058 eadem
1645 3997 1774 4056 tamen
1794 3975 1923 4058 vehe-

489 4083 648 4170 mentis.
683 4084 731 4166 In
759 4107 905 4196 genere
934 4079 983 4164 ad
1015 4075 1174 4194 papulas
1203 4082 1439 4168 tenuiffrmas
1467 4081 1632 4168 refertur
1662 4078 1821 4168 morbus
1847 4081 1923 4172 ille

490 4223 609 4306 quern
624 4223 775 4280 veteres
790 4192 945 4280 Medici
961 4189 1183 4301 Oribasrus,
1203 4197 1343 4282 Aetius
1358 4200 1401 4280 a<
1419 4197 1521 4279 inter
1534 4193 1682 4282 Arabas
1696 4197 1923 4288 Avicennas

491 4319 534 4394 bt
559 4305 666 4416 Haly
691 4306 850 4414 Abbas,
873 4303 941 4389 sub
963 4307 1125 4390 nomine
1145 4309 1310 4422 pruritbs
1336 4305 1585 4422 descripsere.
1615 4309 1777 4400 Acredo
1801 4340 1925 4422 quarn

491 4449 565 4535 pro
587 4415 703 4504 cuusil
724 4421 793 4534 ipsi
812 4416 1034 4504 adscribunt
1053 4415 1193 4506 biliosa
1214 4419 1436 4536 analogiam
1456 4451 1549 4506 cum
1573 4421 1801 4537 erysipelate
1823 4423 1926 4508 indi·

492 4557 557 4620 cat
571 4537 611 4615 u
630 4529 698 4616 sub
710 4530 992 4650 psydrtciarum
1006 4537 1170 4620 nomine
1184 4531 1327 4622 Paulus
1344 4535 1409 4640 (b)
1437 4533 1543 4618 idem
1561 4532 1769 4622 intellexit.
1799 4535 1928 4622 Certe

489 4646 659 4760 pruritus
688 4643 859 4730 summus
887 4641 1078 4729 summam
1106 4648 1331 4740 acredinem
1356 4647 1528 4764 designat
1543 4633 1620 4750 ;⁰at
1639 4677 1724 4764 qua
1743 4649 1789 4736 stt
1807 4645 1924 4758 hujus

528 4823 590 4896 (a)
612 4817 659 4880 De
679 4817 772 4881 Morb.
790 4823 884 4904 popul.
904 4843 937 4900 3.
961 4835 988 4893 5.

530 4901 588 4984 (b)
609 4898 688 4966 Paul.
707 4899 755 4962 lib.
776 4921 809 4984 3,
828 4923 887 4988 rap.
908 4897 1088 4986 arbitratis.
1109 4905 1329 4997 lrb.r‚13p.a.¹
