4246 5900
447 417 507 530 ‚a
707 417 804 506 oa
864 413 1168 508 aronam
1225 365 1626 510 ou‘rrrvnrs'.
1696 413 1718 444 ³

453 583 549 670 dant
565 583 578 664 i
592 581 716 668 Certe
745 613 915 690 omnes,
940 609 1197 698 quacumque
1224 584 1297 669 lint
1309 643 1324 690 ,
1354 583 1565 670 ventriculi
1593 579 1820 672 affectiones
1848 579 1891 672 in‘

454 723 549 790 cute
569 694 699 782 vultsrs
724 723 843 808 atque
868 697 986 782 faciei
1006 699 1248 812 pinguntur,
1270 725 1354 808 qua
1378 693 1570 784 'alteratur
1597 699 1889 788 &deflorescit

452 812 610 924 quoties
631 809 713 894 sese
738 809 842 894 male
862 806 982 894 habet
1003 807 1260 895 ventriculus.
1390 891 1395 901 .

508 927 565 1008 At
589 951 672 1033 qua
695 921 743 1006 ab
760 921 977 1029 alimentis,
993 921 1059 1008 seu
1085 951 1130 1007 ut
1153 926 1293 1007 reulus
1313 920 1551 1034 loquamur,
1567 921 1616 1008 ab
1633 923 1774 1010 eduliis
1790 953 1890 1041 pen·

450 1035 548 1132 dent
566 1033 799 1121 morborum
829 1035 980 1140 causa,
1009 1034 1258 1120 alteratione
1283 1037 1506 1122 aestimanda
1525 1035 1627 1122 sunt.
1652 1039 1705 1123 Et
1727 1041 1889 1151 quidem

453 1179 539 1234 non
559 1147 723 1264 dubium
747 1151 799 1232 est
818 1151 914 1260 quin
939 1148 1020 1263 ipsa
1040 1148 1223 1234 ciborum
1244 1145 1463 1234 exuberans
1480 1151 1598 1264 copia
1621 1155 1712 1234 clam
1731 1155 1891 1267 pessima

452 1261 621 1378 plurima
638 1259 741 1346 mala
757 1261 890 1347 secum
910 1264 1121 1377 importet,
1145 1262 1195 1347 ad
1211 1261 1427 1348 vitiandam
1450 1265 1595 1378 pariter
1617 1268 1743 1348 cutim
1758 1266 1890 1352 multi·

452 1375 575 1464 mode
594 1374 710 1488 possit
734 1376 929 1460 conferre.

456 1563 461 1570 .
508 1489 727 1574 Enimvero
753 1490 871 1602 copia
896 1483 1048 1570 illa·aut
1074 1489 1188 1571 cosia
1208 1489 1293 1594 est,
1322 1511 1390 1572 aut
1419 1486 1564 1588 cruda3
1588 1489 1617 1570 st
1640 1489 1787 1596 cruda,
1811 1493 1891 1576 ruit

454 1601 504 1702 ad
526 1601 619 1714 pers
638 1602 814 1686 stationis
834 1604 942 1708 vias,
963 1627 1027 1684 eas
1053 1601 1211 1685 infarcit
1222 1663 1237 1708 ,
1263 1599 1444 1709 obturat,
1467 1599 1653 1708 obstruit,
1674 1606 1768 1686 hinc
1795 1633 1890 1690 cum

434 1717 558 1812 ,viam
581 1632 651 1798 fibi
672 1717 712 1798 vi
731 1715 880 1822 trudit,
903 1715 1116 1799 etetbismo
1139 1713 1228 1802 'vasa
1249 1715 1398 1828 stringit
1411 1733 1434 1822 ,¹
1450 1715 1761 1800 inflammatione
1780 1745 1889 1800 rum-

452 1831 537 1944 pit,
566 1827 636 1942 sup
665 1831 844 1914 uratione
866 1829 1039 1912 restituit.
1075 1827 1188 1912 Hinc
1220 1831 1421 1940 pruritus,
1451 1830 1624 1912 anxietas
1656 1829 1705 1913 ad
1730 1832 1886 1936 cutim,

453 1949 498 2026 dt
520 1859 675 2056 pustulis
703 1945 846 2049 variae,
874 1939 1082 2055 prasertim
1107 1940 1157 2025 ad
1184 1940 1327 2024 faciem
1341 2003 1356 2047 ,
1387 1937 1465 2051 qui
1493 1942 1731 2056 compressio
1757 1945 1891 2026 minor

453 2059 506 2144 est
520 2089 532 2156 ς
545 2053 649 2138 unde
669 2054 773 2139 ruald
800 2052 1146 2166 concoquentibus
1167 2054 1288 2140 facies
1298 2117 1313 2161 ,
1335 2054 1529 2169 praecipui
1549 2051 1798 2162 junioribus,
1829 2057 1890 2139 fa-

455 2167 534 2255 eila
549 2167 794 2275 deflorescit,
815 2177 858 2254 bt
871 2165 1029 2284 pustulis
1045 2169 1340 2274 dehonestatur,
1356 2165 1446 2282 plus
1460 2165 1636 2253 minusve
1649 2167 1802 2254 acribus
1823 2195 1890 2256 aut

453 2279 693 2388 rebellibus,
709 2310 783 2396 pro
795 2279 878 2398 ipsi
888 2282 1089 2368 cruditatis
1101 2287 1145 2366 bt
1159 2278 1280 2395 copiis
1295 2288 1335 2364 bt
1349 2279 1497 2364 naturi.
1514 2284 1571 2366 At
1585 2281 1716 2365 morbi
1734 2283 1756 2366 a
1771 2283 1887 2398 copis

315 2408 322 2420 '
452 2398 631 2482 materiei
658 2397 771 2480 cotsoe
798 2394 1045 2510 pendentes,
1077 2392 1159 2510 ipsi
1195 2419 1424 2484 minitantur
1452 2391 1624 2479 absentis
1653 2419 1888 2482 ‘renovantis

454 2509 601 2610 causae;
620 2510 714 2594 hinc
742 2509 771 2592 fi
801 2505 919 2622 copiti
948 2505 1032 2593 sols
1052 2509 1277 2622 peccaverit
1309 2510 1490 2592 materies
1512 2505 1777 2616 alimentaria,
1801 2506 1889 2624 ple-

452 2626 578 2709 tlrorae
594 2625 892 2736 comprimentis
905 2651 1030 2706 noxas
1041 2624 1228 2727 invehet,
1245 2649 1328 2732 quae
1342 2649 1411 2737 per
1424 2620 1486 2727 se,
1502 2647 1547 2704 ut
1565 2650 1711 2706 norunt
1730 2649 1885 2728 omnes,

452 2745 496 2821 dt
523 2737 611 2820 rarb
639 2731 802 2824 morbos
832 2733 1020 2849 producit
1041 2737 1258 2820 atrocitatis
1280 2731 1446 2841 alicujus
1472 2761 1539 2818 aut
1560 2738 1798 2851 pervicacia.
1829 2735 1887 2820 At

454 2852 483 2938 st
505 2851 686 2934 materies
718 2844 788 2931 illa
811 2848 1039 2932 remanserit
1066 2845 1216 2952 cruda,
1240 2843 1294 2928 ob
1322 2849 1494 2931 innatam
1529 2855 1571 2930 dt
1600 2845 1887 2934 indomabilem

454 2959 714 3071 qualitatem,
739 2956 897 3067 qualem
918 2986 1071 3043 venena
1096 2958 1301 3071 proferunt
1330 2963 1537 3046 autetiam
1561 2961 1885 3070 medicamenta,

454 3074 540 3162 cuti
569 3067 700 3154 nullus
735 3071 789 3156 est
824 3071 1001 3156 nocendi
1035 3071 1218 3184 gradus,
1254 3072 1385 3156 forma
1412 3071 1522 3156 nulla
1559 3103 1677 3184 quam
1706 3105 1789 3158 non
1823 3080 1887 3160 iu-

454 3185 576 3270 duere
604 3183 721 3298 possrt
748 3181 917 3268 cruditas
942 3181 1023 3268 illa
1050 3183 1171 3269 Unde
1189 3183 1467 3272 observatione
1497 3185 1702 3300 plusquam
1729 3188 1883 3274 theorib

454 3297 559 3384 duce
578 3295 737 3382 scrutari
755 3293 875 3380 liceat
888 3297 1049 3382 effectus
1069 3303 1220 3383 acrium
1242 3300 1525 3415 assumptorum
1549 3305 1736 3418 cognitos
1751 3301 1884 3416 quoad

452 3408 688 3516 morborum
708 3435 968 3496 cutaneorum
985 3411 1301 3526 produsiionem.

425 3519 432 3551 '
511 3521 629 3610 Plura
648 3522 725 3610 else
746 3524 868 3637 porrb
896 3554 980 3634 quc
1002 3529 1128 3610 cutim
1152 3527 1257 3636 quast
1284 3525 1426 3610 omisso
1448 3525 1584 3610 medio
1611 3523 1778 3635 laedant,
1804 3529 1885 3644 ipse

452 3637 569 3746 jamb
591 3633 835 3746 mytulorum
848 3636 1110 3752 assumptione
1125 3639 1286 3724 nascens
1309 3637 1513 3754 erysipelas
1534 3638 1731 3750 declarat,
1746 3647 1886 3727 verum

453 3779 505 3838 ex
527 3747 597 3834 illa
621 3751 662 3834 su
691 3753 754 3833 aci
782 3749 961 3836 efficacii
995 3753 1045 3838 ad
1079 3757 1228 3837 acrium
1257 3757 1454 3838 cilionem
1482 3781 1701 3896 perennem
1743 3759 1886 3840 conse-

454 3868 614 3976 quentia
647 3781 855 3956 seducitur
884 3867 935 3947 eb
963 3867 1137 3972 certior,
1167 3867 1276 3977 qubd
1307 3864 1374 3952 vel
1409 3869 1521 3948 unius
1554 3871 1717 3950 acrioris
1742 3868 1885 3952 ferculi

454 3978 685 4092 assumptio,
702 4007 795 4062 curn
815 3971 894 4081 jam
911 3980 1012 4063 cutis
1031 3977 1212 4065 morbida
1224 3983 1299 4088 est,
1317 3988 1358 4065 dt
1369 3969 1438 4062 “vel
1456 3975 1701 4094 herpetibus,
1716 3977 1783 4062 vel
1799 3979 1886 4064 sca-

457 4087 523 4180 bie
540 4091 689 4178 foedata
696 4152 711 4198 ,
733 4094 901 4206 pruritus
921 4119 1104 4178 enormes
1122 4091 1230 4180 valet
1250 4097 1290 4178 in
1318 4088 1426 4176 malo
1446 4105 1559 4176 antea
1575 4091 1803 4204 quiescente
1822 4096 1886 4176 in-

438 4203 629 4309 ·ducere,
651 4212 693 4288 dt
741 4201 812 4288 ulae
829 4234 913 4290 non
932 4205 1022 4290 satis
1041 4233 1263 4322 temperata
1282 4206 1406 4290 seram
1429 4204 1572 4288 inserte
1595 4209 1883 4320 poenitentiam.

454 4315 603 4404 Nullus
632 4317 684 4398 est
709 4235 791 4398 sere
813 4320 1022 4402 hominum
1044 4323 1111 4431 qui
1141 4351 1224 4404 non
1250 4318 1290 4403 id
1313 4343 1497 4432 expertus
1531 4319 1603 4418 stt3
1630 4344 1669 4401 at
1699 4323 1740 4401 in
1765 4319 1884 4402 indu-

455 4429 592 4514 cendis
618 4424 810 4511 morbidis
834 4429 1182 4544 dispositionibus,
1212 4462 1295 4517 non
1319 4431 1434 4516 unius
1458 4431 1538 4516 diei
1562 4434 1665 4518 asilo
1679 4493 1694 4540 ,
1719 4431 1788 4518 sed
1815 4433 1885 4518 illa

455 4544 560 4654 quast
580 4545 621 4625 in
642 4538 818 4624 habitum
841 4549 1042 4629 contratia
1066 4550 1285 4658 requiritur.

466 4721 470 4728 .
512 4653 639 4764 Qubd
659 4655 757 4737 verb
781 4651 897 4740 multi
918 4654 1032 4742 antei
1058 4657 1281 4745 nitidissimi
1307 4659 1442 4744 donati
1460 4683 1576 4766 cute,
1624 4657 1804 4745 rasertim
1822 4657 1884 4769 ju-

454 4796 601 4874 venes,
630 4769 656 4850 st
674 4763 739 4850 vel
760 4793 830 4880 pet
851 4785 928 4855 tres
952 4797 1171 4881 quatuorve
1195 4773 1277 4860 dics
1303 4771 1495 4870 dissolutis
1517 4689 1642 4886 epulis
1663 4771 1885 4885 liquorum-

456 4911 534 4996 que
561 4879 857 4998 spirituosorum
880 4883 964 4970 usui
993 4885 1171 4974 inassueti
1199 4883 1458 4995 indulserint,
1486 4887 1591 4999 quast
1615 4890 1793 5002 protinbs
1819 4913 1887 4970 tu·
