4190 5884
384 3733 387 3740 '
433 3735 437 3740 ’
477 3725 756 3810 ’ἀείίἰηαηωτ.
783 3729 1014 3840 Quantum,
1040 3757 1086 3815 ut
1115 3731 1294 3845 exempla
1319 3731 1522 3814 asseramus
1547 3794 1562 3837 ‚

521 437 580 516 '18
779 429 873 516 DE
920 425 1218 516 MORBIS
1270 425 1668 516 CUTANEIS.

531 592 679 675 cautius
708 598 909 708 acceptis,
933 597 987 676 ita
1008 589 1207 676 evidenter
1225 589 1480 706 repetendum
1506 595 1586 698 est,
1613 620 1658 677 ut
1674 617 1800 708 partes
1826 596 1948 706 magis
2076 603 2079 646 ⁴¹

532 717 681 818 operte
690 704 854 789 vestibus
874 701 1141 788 candidiorem
1155 703 1310 788 servent
1323 703 1504 789 colorem
1515 765 1530 810 ,
1550 704 1788 789 infuscentur
1810 733 1948 788 contra
2078 715 2079 760 ἓ

530 823 575 900 dt
609 815 691 900 &re
723 818 942 930 nigrescant
974 841 1056 924 quae
1086 815 1211 898 solem
1239 814 1390 932 plenius
1417 820 1641 932 accipiunt,
1680 843 1724 899 ut
1760 815 1946 901 frustibus
2078 829 2079 834 '

530 931 662 1012 evenit
685 927 822 1038 quibus
869 957 927 1009 ars
951 925 973 1008 a
997 925 1080 1010 sole
1107 927 1237 1011 aversa
1260 927 1474 1012 candorem
1494 933 1658 1034 retinet,
1682 925 1796 1014 rubet
1807 954 1948 1014 contre
2078 941 2079 986 l

475 1046 480 1056 ’
531 1049 615 1150 quae
638 1040 819 1124 adversos
842 960 956 1144 liujus
976 1038 1105 1122 radios
1130 1043 1270 1154 recipit
1278 1047 1325 1124 dt
1341 1041 1445 1149 quast
1463 1043 1505 1121 in
1525 1040 1564 1124 se
1580 1039 1747 1124 imbibit.

585 1151 802 1237 Puerorum
822 1157 920 1236 cutis
933 1155 1091 1233 tenuior
1108 1153 1160 1234 est
1174 1215 1189 1258 ‚
1209 1161 1250 1235 bt
1265 1180 1387 1232 muco
1403 1177 1465 1232 tur
1495 1151 1624 1259 idola,
1646 1157 1713 1262 qui
1728 1181 1887 1258 mucus,
1903 1156 1946 1238 in

527 1262 773 1348 nascentibus
792 1261 962 1366 ladem,
990 1290 1129 1344 matres
1147 1291 1255 1370 novo
1271 1287 1381 1377 partu
1407 1181 1605 1348 delineas
1631 1265 1803 1348 candore
1817 1262 1945 1348 lacteo

526 1375 784 1485 undequaque
819 1378 955 1457 inficit.
986 1375 1042 1456 At
1065 1371 1292 1457 mulieribus
1317 1371 1363 1456 ab
1397 1371 1479 1488 ipsi
1509 1373 1643 1458 naturd
1667 1374 1818 1460 cellule
1842 1380 1944 1459 cutis

520 1485 734 1592 exiliores,
752 1515 844 1570 areae
858 1491 1053 1593 minores,
1071 1486 1220 1602 papilla
1239 1489 1463 1591 tenuiores,
1479 1487 1568 1570 vasa
1586 1491 1712 1570 minias
1727 1491 1859 1593 firma,
1884 1490 1945 1572 sa‘-

526 1598 603 1681 eila
641 1597 945 1704 contundenda,
978 1629 1054 1684 nec
1090 1597 1470 1712 aegrd'rumpenda,
1517 1597 1695 1714 leporem
1735 1603 1835 1684 cutis
1871 1601 1946 1685 de-

522 1707 787 1794 libatilsrmum
802 1712 991 1796 efficiunt.
1004 1713 1194 1796 Tenuitas
1222 1716 1338 1795 etiam
1355 1773 1369 1815 ‚
1390 1713 1490 1795 cutis
1507 1737 1712 1795 annotatur
1726 1715 1767 1793 in
1786 1710 1944 1824 septen-

523 1821 753 1906 trionalibus
776 1828 878 1930 oris,
897 1832 938 1907 ὅ(
957 1826 1164 1938 praescrtim
1185 1825 1287 1939 apud
1309 1822 1400 1906 illos
1424 1828 1491 1933 qui
1513 1822 1654 1908 insulas
1674 1822 1870 1927 habitant,
1885 1827 1943 1908 ita

522 1937 667 2018 ursive
694 1934 747 2017 ob
774 1934 1045 2020 incumbentes
1069 1963 1195 2051 partes
1220 1965 1388 2046 aqueas,
1419 1964 1551 2019 cutem
1575 1937 1764 2050 perpetuo
1788 1933 1942 2019 alluen-

520 2071 607 2151 tes‚
635 2048 712 2131 srve
734 2046 788 2130 ob
811 2046 903 2129 solis
923 2051 1131 2152 inertiam,
1158 2051 1186 2132 ii
1209 2047 1374 2131 candidi
1391 2075 1483 2132 cute
1504 2054 1526 2130 a
1545 2052 1691 2132 ceteris
1713 2043 1943 2132 hominibus

522 2157 801 2272 distinguantur
814 2224 835 2267 ‚,
859 2157 954 2244 licet
981 2159 1136 2243 aliunde
1167 2169 1208 2244 dt
1238 2159 1481 2243 robustiffimi
1514 2162 1587 2242 smt
1602 2223 1617 2266 ‚
1656 2168 1699 2244 bt
1725 2160 1773 2243 ad
1799 2187 1943 2245 omnes

522 2298 655 2354 motus
682 2277 856 2386 prompti
882 2282 923 2356 ὅ(
946 2271 1104 2357 alacres.
1127 2270 1192 2356 Illi
1218 2277 1359 2383 ctiam,
1387 2273 1515 2356 forsan
1540 2272 1647 2381 quod
1673 2276 1818 2355 minori
1840 2301 1942 2385 gau-

503 2383 637 2466 'dcant
665 2447 670 2455 .
701 2380 950 2499 erspiratione
965 2448 980 2491 ‚
1017 2383 1179 2468 morbos
1204 2388 1244 2467 in
1276 2413 1367 2472 cute
1407 2384 1476 2469 fibi
1510 2389 1690 2499 proprios
1727 2387 1942 2498 experiun-

502 2511 607 2601 'tur,'
638 2417 817 2608 odorque
843 2501 962 2580 etiam
998 2496 1202 2610 specificas
1229 2502 1335 2604 exit,
1367 2499 1450 2581 imi>
1467 2497 1644 2612 plerique
1665 2505 1708 2580 δι
1727 2497 1826 2582 flavai
1851 2499 1944 2580 infr-

518 2611 703 2719 gniuntur
725 2610 875 2692 caesarie
898 2615 940 2692 bt
960 2608 1087 2692 oculis
1109 2613 1250 2694 castis.
1294 2609 1447 2693 Contra
1478 2612 1573 2694 verb
1603 2612 1724 2715 aestu,
1762 2617 1803 2692 ὃ(
1838 2613 1942 2693 aeris

518 2722 707 2804 constanti
733 2722 909 2804 ariditate
930 2722 958 2803 st
976 2722 1183 2835 praesertim
1209 2723 1303 2805 nudi
1326 2723 1512 2806 incedant
1537 2724 1718 2804 homines
1740 2780 1754 2825 ,
1791 2723 1940 2803 mirum

416 2892 428 2919 .
516 2833 558 2912 in
596 2833 759 2917 modum
796 2833 1035 2916 infuscantur
1049 2894 1063 2939 ,
1094 2834 1352 2946 nigrescunt,
1392 2833 1623 2916 crassescunt
1657 2860 1793 2916 omncs
1831 2837 1940 2916 cutis

515 2969 668 3054 partes,
687 2953 728 3028 dt
751 2945 963 3058 crispantur
988 2974 1123 3060 praetcr
1146 2945 1310 3028 modum
1338 2943 1497 3140 cgpilli,
1528 2949 1582 3028 ita
1603 2971 1648 3027 ut
1671 2945 1823 3138 alspetiu
1844 2943 1939 3028 solo

1385 3085 1407 3140 e

514 3057 582 3162 qui
612 3055 740 3169 plures
772 3059 980 3139 hominum
1004 3055 1118 3141 urbes
1147 3057 1272 3163 vidit,
1300 3057 1349 3142 de
1410 3058 1459 3142 de
1483 3055 1612 3141 nativi
1636 3085 1689 3170 po
1722 3083 1752 3139 tt
1775 3054 1941 3162 conjec-

514 3191 642 3248 turam
662 3172 761 3253 inire
785 3199 868 3251 non
884 3167 1197 3281 improbabilem.

597 3280 748 3362 Verlrm
773 3279 917 3362 in‘hbc
935 3281 1114 3364 ditissimi
1141 3309 1283 3365 nature
1310 3281 1554 3386 diversitate,
1584 3277 1665 3362 aliae
1681 3277 1769 3372 sunt
1791 3281 1832 3364 in
1849 3281 1941 3394 ipsb

514 3391 628 3474 unilrs
666 3389 918 3502 ejusdemque
951 3397 1128 3508 corporis
1160 3393 1342 3504 struslurb
1373 3396 1577 3478 varietates
1621 3391 1670 3474 ad
1697 3387 1940 3480 morborum

493 3503 730 3586 'nostrorum
767 3505 962 3590 theoriam
994 3510 1188 3590 momenti
1223 3506 1352 3590 multi>
1389 3503 1557 3612 majoris.
1594 3503 1712 3588 Varia
1738 3507 1790 3587 est
1828 3510 1940 3591 cutis

509 3639 663 3698 textura
685 3645 758 3730 pro
780 3617 998 3701 diversrtate
1016 3619 1155 3701 usuum
1169 3620 1219 3702 ad
1236 3649 1335 3732 quos
1351 3622 1462 3700 varia
1482 3616 1594 3724 hujus
1601 3643 1744 3814 partes
1758 3613 1780 3700 *a
1795 3619 1938 3702 namrai

713 3735 718 3746 ’
1629 3727 1731 3814 iffert
1756 3733 1857 3812 cutis
1887 3735 1937 3816 in

509 3839 723 3952 digitorum
758 3846 941 3924 extremis
966 3840 987 3923 la
1015 3841 1120 3925 callo
1154 3844 1275 3959 pedis.
1308 3843 1490 3926 Miranda
1520 3845 1573 3926 est
1599 3841 1687 3922 sane
1716 3839 1939 3948 aliquandi)

507 3950 786 4063 penicillorum
813 3951 1109 4037 vasculosorum
1143 3955 1191 4037 ad
1225 3983 1357 4038 ortem
1388 3952 1612 4066 dispositi0,
1642 3953 1708 4060 qui
1743 3949 1812 4032 ubi
1841 3977 1934 4036 tur-

507 4067 644 4145 matim
667 4063 721 4148 ibi
736 4062 941 4180 appulere,
957 4063 1155 4148 radiorum
1179 4069 1289 4176 instar
1309 4065 1388 4148 sese
1402 4061 1449 4148 ab
1464 4063 1581 4148 unici
1594 4061 1670 4145 basr
1685 4061 1932 4174 diffimdunt,

508 4199 553 4256 ut
581 4177 622 4256 in
651 4175 882 4260 illustrilsnni
907 4176 1122 4261 Descemet
1142 4175 1412 4284 injeuionibus
1435 4173 1529 4260 vidi.
1566 4175 1687 4260 Certe
1722 4175 1933 4289 dispositio

504 4287 589 4367 haec
602 4285 781 4370 vasorum
801 4287 1094 4396 obscuriorem,
1111 4317 1185 4374 nec
1205 4291 1303 4373 visui
1326 4289 1720 4406 deprehendendam,
1736 4291 1776 4369 in
1795 4295 1933 4378 nervis

507 4403 550 4480 dt
575 4395 623 4480 ad
648 4396 800 4484 sensum
823 4398 1041 4487 fabrefaeis
1071 4401 1240 4518 partibus
1274 4402 1468 4518 supponit.
1497 4403 1605 4484 Hinc
1642 4405 1785 4510 cuique
1822 4409 1932 4514 parti

505 4511 607 4592 cutis
623 4509 892 4619 suasensatio,
914 4513 1025 4598 suum
1048 4513 1283 4601 titillationis
1296 4543 1420 4630 genus
1439 4518 1492 4597 im
1523 4517 1669 4596 ertitur.
1696 4512 1799 4621 Quis
1819 4514 1931 4598 adeo

503 4623 545 4704 in
569 4617 807 4708 observandi
830 4623 965 4709 naturis
993 4627 1194 4740 negligens
1218 4631 1270 4711 est
1282 4690 1296 4732 ,
1322 4654 1366 4711 ut
1385 4654 1465 4710 non
1485 4543 1622 4708 lintiat
1638 4625 1779 4708 mirum
1800 4623 1930 4712 latere

504 4733 713 4816 artificium
738 4737 779 4818 in
808 4737 1071 4822 humanorum
1100 4739 1315 4854 digitorum
1340 4733 1486 4822 fabrici
1509 4737 1565 4821 ad
1589 4735 1749 4820 illorum
1773 4741 1927 4852 apices.

502 4843 591 4940 Tot
626 4849 888 4938 concentricae
910 4849 1045 4968 spira,
1070 4876 1133 4937 tot
1157 4837 1291 4940 orales
1320 4837 1699 4946 circumvolutiones
1735 4853 1778 4936 in
1807 4847 1925 4942 bases
