4156 5892
470 397 565 520 irc
782 393 1455 514 ,bemonms
1601 380 1608 388 ’

528 561 666 658 Altera
685 561 785 656 verb
810 569 940 685 operia
960 569 1081 654 nostri
1102 594 1212 683 putre
1236 593 1308 656 eor
1329 593 1574 680 exequemur
1594 565 1755 658 affedur
1776 574 1846 686 qui
1866 571 1911 664 in·

470 683 558 799 ipsd
583 707 677 768 cute
701 708 956 798 generantur,
982 707 1168 794 tanquam
1192 683 1235 766 in
1256 681 1354 772 nido
1397 707 1534 768 aterno
1554 711 1568 782 ;
1591 685 1632 766 in
1649 681 1790 796 quibus
1805 693 1910 776 cutis

472 825 520 882 ut
539 825 626 912 pars
648 823 700 879 co
749 798 827 879 oris
849 796 1085 880 constituens
1107 792 1314 908 spestanda
1330 711 1410 901 ull,
1431 821 1516 878 non
1537 819 1582 880 ut
1602 799 1745 882 natura
1770 801 1908 886 inliru-

472 937 679 1015 mennam,
703 824 774 992 led
804 935 849 990 ut
876 909 1010 1022 portio
1037 908 1217 1020 corporis
1242 931 1292 992 er
1314 903 1398 1021 ipati
1422 905 1465 992 su
1513 904 1698 993 strudurs
1716 913 1907 1000 vitiorum

470 1019 545 1108 sibi
568 1020 819 1136 propriorum
842 1018 1149 1136 receptaculum.
1686 1121 1691 1126 ι

532 1135 588 1220 Ur
604 1136 701 1220 verb
723 1136 847 1248 prima
859 1163 946 1250 pars
962 1131 1126 1218 alteram
1144 1140 1190 1218 dr
1206 1159 1374 1216 numero
1396 1136 1439 1216 dr
1457 1131 1648 1248 dignitate
1672 1133 1907 1240 morborum

472 1240 605 1335 multb
629 1243 852 1354 antecellit,
876 1250 930 1330 ita
954 1250 1072 1332 etiam
1096 1249 1205 1360 prior
1226 1246 1615 1362 eritperrmetanda,
1636 1251 1690 1334 ita
1709 1275 1841 1335 tamen
1860 1278 1909 1340 ut

472 1351 615 1445 breves
638 1362 753 1443 simus
785 1362 826 1440 in
850 1361 897 1444 iis
919 1355 1070 1443 morbis
1120 1361 1162 1442 ui
1192 1361 1284 1443 cbm
1311 1357 1360 1444 ad
1386 1355 1479 1444 alias
1503 1355 1639 1446 clalses
1661 1359 1905 1470 reserantur,

479 1471 643 1587 copiosd
667 1469 715 1556 ab
743 1471 827 1556 aliis
851 1475 1071 1586 pertrasiati
1094 1389 1182 1557 sunt
1204 1507 1214 1555 ε
1240 1501 1310 1558 eos
1335 1474 1432 1558 verb
1458 1471 1697 1560 luculentius
1723 1475 1908 1590 introspi-

479 1588 628 1672 ciamus
657 1589 842 1696 quicum
870 1589 1005 1670 omnia
1027 1588 1069 1668 in
1092 1607 1226 1674 cutem
1252 1585 1514 1700 symptomata
1535 1612 1719 1694 exerant,
1749 1591 1908 1672 cutanei

477 1697 636 1813 proprie
661 1693 916 1812 appellantur.

671 2099 730 2260 P
1158 2099 1217 2260 P

467 2373 471 2416 ³
541 2365 626 2472 De
646 2365 893 2512 'affinibus
925 2369 1092 2611 pugio
1126 2405 1271 2473 curem
1299 2370 1628 2510 propelluntur
1657 2372 1688 2474 d
1721 2372 1841 2476 vitio

1034 2507 1144 2614 nttls
1197 2543 1363 2614 arente.
1687 2557 1691 2564 ·

667 2673 695 2725 ο

574 2780 711 2840 υΑΝτ
721 2778 749 2837 υ
760 2773 828 2837 mv
839 2780 881 2837 rs
896 2773 979 2837 non
992 2751 1034 2837 in
1047 2749 1232 2838 omnibus
1243 2751 1352 2866 aque
1365 2743 1538 2838 maribus
1544 2813 1560 2860 ,
1575 2782 1658 2836 non
1669 2755 1709 2836 in
1719 2750 1906 2842 universis

476 2867 707 3001 regionibus
723 2863 854 2952 morbi
872 2863 932 2948 illi
944 2868 1107 2950 cutanei
1126 2861 1283 2950 dcauiis
1296 2868 1457 2950 internis
1473 2892 1675 2981 acceptam
1693 2863 1908 2953 referentes

479 2983 675 3094 originem
693 2976 800 3089 aequb
818 2980 970 3061 ratione
1013 2971 1276 3172 ropullulent,
1302 2981 1505 3092 ingentem
1526 3003 1659 3064 tamen
1672 2974 1907 3064 morborum

414 3129 417 3136 ·
479 3089 640 3178 classem
667 3093 919 3200 constituunt.
1003 3121 1055 3206 up
1073 3118 1123 3175 cx
1152 3083 1315 3174 illorum
1335 3119 1461 3205 genus
1489 3091 1542 3176 est
1566 3087 1648 3198 jain
1674 3089 1790 3176 nobis
1816 3091 1905 3177 satis

475 3205 707 3292 indicatum.
729 3199 911 3288 Alterum
925 3231 1069 3318 corpus
1084 3199 1106 3286 ὲ
1119 3199 1209 3287 labe
1228 3205 1331 3288 intus
1349 3211 1372 3288 a
1390 3205 1512 3290 causis
1532 3202 1905 3321 corrumpentibus,

465 3345 546 3406 ,aut
568 3314 751 3402 imbibito
779 3317 970 3432 contagio
1000 3309 1165 3402 oriundi
1194 3313 1384 3432 deputat,
1415 3317 1471 3400 ita
1501 3343 1546 3402 ut
1575 3317 1624 3402 ad
1655 3344 1789 3402 cutem
1818 3315 1909 3404 lues

466 3434 580 3530 zintbs
616 3437 813 3543 concepta
847 3459 917 3544 per
948 3427 1123 3514 aduosas
1186 3427 1331 3516 rovidae
1369 3455 1511 3514 nature
1545 3433 1649 3516 vires
1682 3427 1877 3516 deseratur
1889 3492 1907 3538 ,

467 3542 614 3656 ¹ibique
650 3547 692 3628 in
726 3547 908 3656 corporis
939 3540 1103 3627 salutem
1194 3567 1352 3656 putetur
1394 3568 1511 3674 atque
1552 3541 1805 3628 defervescat.
1845 3541 1909 3628 Hi

475 3656 607 3743 morbi
627 3659 673 3744 in
703 3681 837 3740 cutem
861 3655 1108 3742 deseviemes
1139 3655 1251 3762 sunt,
1277 3681 1344 3740 aut
1371 3657 1528 3764 critici,
1556 3681 1623 3740 aut
1649 3653 1906 3770 depuratorii.

434 3769 661 3866 'Alterum
690 3764 786 3852 veib
822 3767 1083 3884 symptomata
1117 3769 1185 3854 sua
1221 3771 1304 3852 cuti
1335 3771 1631 3880 communicat,
1667 3796 1834 3881 eamque
1862 3771 1907 3852 in

465 3909 628 4000 ‚partem
647 3877 740 3965 mali
760 3880 939 3988 assumit,
962 3881 1074 3992 quod
1095 3884 1135 3966 in
1159 3878 1323 3998 putridis
1344 3876 1738 3996 pestdenualibusque
1755 3877 1911 3968 morbis

473 3997 696 4098 ‚miserrimo
724 3991 947 4106 spedaculo
975 3996 1061 4078 lieri
1085 3993 1277 4080 videmus.

485 4189 504 4208 „
531 4109 816 4225 Ecquidenim
840 4111 856 4190 i
883 4107 927 4195 si
948 4103 1018 4190 sub
1042 4100 1224 4204 universal·
1244 4108 1425 4224 corporis
1444 4103 1566 4218 massfi
1584 4129 1783 4195 venenum
1804 4105 1912 4190 intu-

476 4221 616 4319 mescit
634 4229 679 4306 br
708 4222 915 4336 copiosum
948 4229 990 4305 bt
1017 4223 1280 4327 acerrimum,
1310 4219 1421 4332 quod
1445 4221 1540 4304 dum
1570 4249 1701 4306 cutem
1730 4216 1913 4304 adoritur

476 4357 603 4449 partes
627 4331 795 4442 reliquas
817 4327 928 4418 simul
950 4342 992 4418 dt
1014 4334 1131 4449 copis
1152 4335 1280 4418 inlicit
1297 4341 1338 4418 dt
1358 4321 1575 4448 pessumdat
1592 4333 1802 4439 acredine,
1826 4327 1914 4438 jam

476 4471 560 4530 non
579 4441 659 4540 mm
677 4445 918 4530 decumbere
941 4447 1021 4532 dici
1038 4473 1138 4565 pote
1190 4447 1335 4532 humor
1360 4443 1477 4558 qudm
1501 4441 1551 4530 ad
1573 4435 1682 4532 illam
1707 4453 1749 4530 dt
1773 4445 1813 4530 in
1837 4441 1915 4532 illd

467 4555 750 4672 multiplicari,
775 4566 819 4644 bt
845 4553 938 4641 mali
965 4561 1149 4646 accumul
1201 4589 1284 4646 one
1304 4558 1425 4676 ipsam
1447 4586 1714 4696 corrumpere.
1739 4551 1914 4644 Pessima

475 4697 573 4768 tunc
597 4677 639 4766 dt
659 4667 916 4774 inclusiabilis
933 4676 1124 4782 pernicies
1138 4701 1206 4760 aut
1220 4678 1313 4782 arti,
1337 4701 1404 4758 aut
1421 4699 1564 4758 natine
1576 4705 1644 4760 vnr
1659 4669 1806 4784 aliquid
1825 4669 1916 4787 spei

478 4782 673 4895 reliquum
689 4783 787 4866 sinit.
810 4776 913 4870 Tale
929 4785 1005 4888 eil,
1021 4785 1053 4894 sr⁸
1066 4787 1236 4874 Lucano
1250 4793 1292 4870 dt
1309 4785 1725 4900 Hennannocredere
1746 4779 1805 4870 sas
1828 4784 1915 4891 est,

477 4897 663 5016 serpentis
683 4891 788 4980 illius
808 4897 896 4981 Afri
917 4921 1113 4986 venenum
1128 4899 1239 5012 quod
1254 4901 1433 5013 corporis
1450 4893 1645 4986 universas
1663 4925 1792 5016 partes
1814 4893 1918 4986 tabe
