4228 5898
480 441 1248 548 -l'NYR'ODUCTIQ
1561 457 1625 546 ‘fir'

183 615 360 708 lamellas
371 639 483 705 extra
492 617 907 736 projicit,intumores
917 619 1110 708 attollitur
1122 621 1400 738 malum,saepl
1413 629 1614 730 enormes,

183 733 406 842 insensiles,
423 763 517 844 quas
535 735 564 818 st
581 734 720 820 fortius
743 732 926 822 abraseris
953 743 994 820 dt
1008 734 1240 845 violentiis,
1255 768 1327 852 pus
1341 741 1383 821 in
1396 738 1537 821 infimo
1554 765 1618 822 re-

186 848 396 934 conditum
421 855 464 931 bt
485 847 538 931 ad
554 844 678 932 latera
694 850 892 932 firmarum
916 852 1086 961 reperiet
1101 850 1348 964 pultaceum,
1365 848 1482 962 quale
1502 846 1617 933 meli·
1645 894 1650 904 ι

186 960 339 1046 cerides
372 959 555 1046 fundunt.
589 961 653 1044 Ex
691 988 742 1044 eo
782 988 895 1048 novae
924 961 1178 1053 succrescunt
1204 961 1368 1049 lamellae
1406 962 1616 1077 saepiirsque

189 1076 294 1274 Hit
310 1101 361 1158 ex
377 1071 464 1174 altis
479 1073 788 1189 suppeditaretur
799 1074 1057 1194 receptaculis
1070 1079 1178 1190 puris
1194 1074 1299 1162 illius
1311 1081 1491 1184 materia,
1505 1074 1618 1191 glan-

257 1219 289 1270 a
303 1215 373 1303 per
386 1211 512 1271 totam
528 1188 794 1274 intumescunt
808 1191 1007 1274 viciniam.
1151 1271 1154 1277 ,
1243 1213 1249 1230 ’

136 1379 139 1384 ,
184 1314 213 1384 0
245 1302 296 1384 Irl
312 1298 587 1416 posterioribus
603 1299 681 1386 illis
694 1299 992 1386 ulceribusnon
1006 1305 1172 1387 omninb
1190 1333 1320 1388 rarum
1340 1307 1394 1389 el’t
1403 1366 1417 1411 ,
1433 1308 1474 1388 in
1488 1308 1618 1420 regio·

188 1411 309 1500 nibus
327 1415 533 1530 praesertim
554 1415 787 1529 prafervidis
802 1442 921 1526 atque
937 1417 1134 1522 humidis,
1155 1416 1260 1500 nasci
1274 1416 1527 1502 vermiculos.
1543 1416 1616 1502 Ul-

186 1555 284 1612 cera
296 1531 427 1642 priora
449 1529 593 1639 aquosa
613 1528 681 1612 seu
696 1527 825 1613 setosa
838 1529 1035 1638 dicerem,
1061 1532 1273 1645 posteriora
1296 1531 1460 1614 mucosa
1481 1535 1629 1616 vocari

186 1637 392 1726 deberent.
407 1641 515 1724 Nam
528 1639 605 1726 illis
626 1644 789 1726 nomina
805 1638 853 1724 ab
875 1641 1071 1728 Arabibus
1092 1668 1160 1727 aut
1180 1645 1329 1728 Grecis
1351 1649 1520 1728 mutuari
1544 1648 1621 1730 im·

190 1751 371 1870 possibile
408 1755 474 1838 est.
504 1755 552 1837 In
581 1754 775 1869 prioribus
801 1753 899 1840 latet'
919 1755 1077 1868 aliquid
1107 1785 1199 1842 acre
1235 1765 1277 1840 ἃ
1309 1755 1483 1841 solutum
1511 1758 1621 1868 quod

191 1866 332 1966 rodat;
352 1870 395 1950 in
408 1867 684 1982 posterioribus
700 1866 851 1979 aliquid
866 1891 956 1953 acre
971 1869 1210 1996 coagulant,
1241 1875 1283 1954 δε
1305 1869 1408 1953 odor
1428 1867 1591 1954 illorum
1601 1933 1619 1979 ,
1688 1971 1689 1976 p

192 1980 450 2094 lipraesertim
468 1985 572 2066 cutis
597 1979 801 2066 abradatur
823 1989 865 2065 ὅ(
883 2013 956 2096 pus
978 2009 1131 2098 pateat,
1154 1982 1316 2068 foetidus
1341 1987 1422 2090 est,
1445 1983 1622 2070 fermen-

193 2096 289 2178 tanti
311 2102 354 2178 dt
376 2093 573 2178 acescenti
591 2109 878 2205 muco'remque
893 2096 1096 2180 rancidum
1113 2096 1362 2182 contrahenti
1376 2101 1466 2212 pani
1483 2081 1623 2181 malo-

196 2237 279 2320 gus.
299 2207 382 2290 Sed
404 2205 473 2289 illa
491 2206 626 2292 ulcera
642 2210 804 2294 mucosa
819 2237 901 2291 non
917 2207 1105 2320 armalem
1124 2209 1367 2324 praetendunt
1379 2211 1622 2318 acredinem,

196 2351 278 2404 non
300 2319 450 2430 equale
468 2319 695 2434 coagulum.
717 2323 936 2409 Mitioflin
961 2322 1107 2406 eodem
1123 2322 1369 2437 generosum
1390 2353 1473 2433 quae
1489 2351 1622 2440 caput,

198 2432 364 2539 faciem,
387 2430 598 2544 aliquandb
614 2461 740 2520 totam
751 2436 944 2519 infantum
957 2464 1157 2550 occupant
1174 2463 1332 2541 cutem,
1349 2439 1477 2520 crusta
1492 2435 1624 2521 lasleae

205 2545 346 2630 disrari
360 2547 495 2660 gipes,
509 2581 563 2628 re
579 2549 689 2649 aripret
697 2605 709 2642 ,
730 2577 814 2660 quae
828 2546 992 2633 difficili
1013 2549 1173 2682 quidem
1197 2576 1267 2662 per
1280 2575 1403 2633 artem
1417 2549 1624 2656 sanantur,

201 2657 267 2742 sed
286 2661 474 2772 temporis
502 2659 610 2776 lapsu
642 2663 879 2746 evanescunt
903 2660 957 2750 :a
985 2665 1180 2773 principio
1203 2660 1430 2750 ulcerosum
1454 2667 1627 2745 caratte-

202 2800 284 2856 rem
299 2770 502 2881 obtinent,
516 2772 614 2858 licet
630 2772 734 2858 male
749 2771 888 2860 Celsus
904 2772 926 2857 ‘a
946 2770 1157 2858 furfuribus
1175 2801 1221 2857 ea
1236 2775 1330 2855 oriri
1344 2773 1471 2873 dicat3
1492 2804 1626 2885 quam-

202 2888 258 2970 vis
280 2884 425 2970 enimi
450 2889 581 2972 crustis
605 2885 788 2972 tenuibus
819 2885 974 2972 sumant
994 2885 1228 2994 exordium,
1254 2913 1338 2970 non
1365 2884 1466 2970 adeb
1494 2913 1627 2972 tamen

202 3002 294 3083 ciam
307 2997 520 3084 frustrribus
536 3000 728 3085 confundi
750 3000 791 3086 se
809 3001 948 3084 sinunt.
1529 3081 1538 3090 .

254 3109 302 3195 Si
320 3115 419 3197 verb
426 3176 440 3219 ,
462 3141 529 3200 aut
542 3115 720 3199 diathesis
737 3110 849 3229 pejor
866 3117 934 3220 srt,
955 3135 1022 3199 aut
1042 3117 1211 3218 carabler
1225 3144 1300 3230 pra
1312 3114 1493 3201 scabritie
1515 3122 1555 3200 ὃ(
1570 3118 1627 3202 as-

202 3229 365 3340 peritate
384 3224 576 3312 rebellem
592 3227 746 3312 indicet
756 3252 955 3312 nunorem
967 3225 1219 3340 ulcerosum,
1247 3229 1412 3314 aderunt
1428 3225 1531 3312 mala
1544 3257 1629 3342 gra·

202 3339 351 3424 vilsrrna
368 3340 463 3425 vere
484 3338 670 3428 herculea
691 3367 772 3424 arte
793 3341 1059 3456 profliganda,
1078 3369 1185 3425 nunc
1206 3342 1254 3427 ad
1269 3339 1505 3454 vitiliginem
1532 3343 1630 3430 rese-

199 3453 324 3538 renda
338 3478 406 3538 aut
418 3451 568 3570 lepram
579 3452 849 3540 Haebraeorum
855 3485 985 3564 ,nunc
998 3455 1048 3540 ad
1058 3450 1367 3568 elephantiaseos
1382 3459 1631 3548 atrocitatem

201 3567 447 3652 accedentia.
480 3565 639 3679 Quibus
664 3587 797 3654 tamen
827 3568 1016 3656 ulcetofis
1039 3566 1239 3653 affeslibus
1270 3571 1388 3652 etiam
1421 3569 1633 3679 aliquahdb

202 3709 278 3794 pro
293 3683 481 3767 varietate
506 3678 655 3767 coloris
671 3682 819 3768 diversa
842 3684 1293 3799 imponunturnomina.
1319 3683 1427 3765 Nam
1448 3686 1516 3767 etsr
1532 3681 1633 3769 sem·-

202 3822 276 3912 .per
296 3791 460 3909 lympha
483 3791 569 3902 jure
591 3797 813 3908 meritbque
831 3825 905 3910 pro
928 3793 1047 3879 causal
1066 3792 1159 3878 mali
1181 3793 1370 3880 habeantr
1382 3857 1396 3902 ,
1421 3793 1634 3908 aliquandb

205 3905 273 3994 vel
293 3905 326 4004 i,
345 3907 503 4024 proprii
530 3907 755 4023 corrupteld
767 3971 782 4016 ,
802 3907 870 3993 vel
895 3907 918 3992 h
943 3906 1104 3993 misceld
1124 3911 1301 3994 humoris
1327 3917 1524 4017 extranei,
1546 3908 1636 3996 bilis
1657 3935 1661 3940 ’

208 4047 287 4107 ver.
305 4050 365 4134 gr.
377 4083 392 4128 ,
410 4021 713 4107 viridescentem
735 4025 975 4107 contrahunt
989 4019 1197 4129 colorem,
1225 4033 1302 4104 aut
1316 4023 1462 4103 flavum
1474 4083 1489 4127 ,
1516 4050 1636 4134 quem

208 4138 382 4220 virorem
402 4135 496 4219 vere
525 4136 772 4248 pestiferum,
801 4139 842 4219 in
875 4140 950 4222 reis
979 4165 1079 4246 quos
1103 4133 1278 4218 obscuris
1305 4157 1466 4250 propter
1490 4134 1637 4222 scelera

210 4248 435 4332 recondunt
460 4246 681 4333 carceribus
700 4247 916 4334 observavi.
934 4250 1049 4332 Idem
1071 4250 1191 4350 etiam
1211 4249 1375 4358 reperias
1388 4249 1429 4329 in
1445 4249 1640 4336 causave-
1709 4355 1712 4362 Δ

204 4359 328 4446 ‚nereal
338 4423 352 4466 ,
373 4361 617 4475 pessumdato
632 4370 876 4476 &corrupto
890 4361 1059 4474 lympha
1079 4385 1233 4444 tenore.
1552 4389 1557 4394 ·

267 4474 383 4558 Patet
403 4501 453 4558 ex
478 4477 538 4558 his
559 4473 668 4584 quod
688 4474 739 4558 ad
754 4472 935 4568 ulcerum
952 4499 1097 4585 genera
1117 4470 1327 4556 referendae
1346 4471 1419 4555 lint
1446 4497 1511 4558 tot
1525 4477 1641 4559 varie

215 4589 426 4682 crustarum
452 4586 627 4701 species,
653 4588 845 4670 achomm
860 4647 875 4692 ,
909 4585 1124 4692 savomm,
1152 4615 1238 4696 quae
1273 4609 1337 4667 tot
1365 4585 1592 4672 nominibus
1619 4585 1644 4670 lt

216 4697 410 4784 veteribus
431 4698 725 4814 distinguuntur.
741 4697 895 4784 Horret
917 4697 1014 4813 saepd
1037 4701 1137 4784 cutis
1160 4699 1291 4782 crustis
1310 4697 1578 4813 superpositis,
1600 4701 1643 4783 dt

217 4813 370 4926 rupium
386 4811 437 4897 ad
458 4813 570 4895 instat
592 4812 672 4897 sese
690 4815 831 4898 mutuo
854 4811 1153 4928 excipientibus.
1175 4810 1259 4895 Sub
1284 4811 1371 4926 ipsrs
1393 4838 1526 4898 tamen
1549 4810 1644 4893 latet

212 4924 381 5012 mucosa
398 4928 580 5016 ntateries
599 4956 712 5040 que,
732 4953 778 5013 ut
800 4929 964 5042 interior
985 4955 1026 5016 tn
1045 4923 1248 5014 arboribus
1272 4951 1415 5018 cortex
1433 4925 1555 5124 tiudit
1568 4946 1647 5016 em
