4228 5898
471 479 575 557 ψ·
711 441 1185 540 DE'M‘ORBIS
1232 433 1682 530 cUTnnEIS.

471 665 479 685 ‹
522 611 634 698 Leve
655 609 823 720 ‘quidem
853 612 907 694 est
938 603 1084 712 malum
1113 603 1242 713 illud,-
1279 603 1505 691 at·latentes
1530 603 1579 690 ab
1609 605 1690 690 acri
1710 604 1808 690 'sero'
1825 600 1893 692 iri-⁸

464 726 578 810 srdias.
597 723 759 839 prodits
777 722 899 808 levius
922 717 1050 802 adhuc
1078 720 1184 829 qubd
1197 780 1211 825 ,
1226 721 1332 829 quali
1357 716 1557 804 concitati
1573 722 1616 802 in
1638 720 1724 834 ipso
1742 723 1893 804 ventri·

462 836 560 923 culo
588 833 902 938 effervescentis,
924 831 1053 915 radios
1081 830 1129 914 ad
1158 830 1278 944 ipsam
1308 830 1437 916 defert
1458 834 1607 937 cutim,
1632 831 1821 947 ampullas
1846 837 1889 916 dr

461 977 638 1036 tumores
666 951 866 1052 concitat',
892 969 997 1028 nunc
1025 939 1324 1049 nucerinus,
1355 975 1461 1028 nunc
1494 943 1766 1053 universales,
1806 973 1890 1030 non

463 1066 544 1148 sme
570 1062 724 1144 summo
752 1062 924 1174 pruritu,
947 1057 1002 1140 ita
1028 1053 1145 1140 facile
1160 1055 1341 1139 evanidas
1361 1083 1406 1139 ut
1429 1069 1557 1140 aereas
1579 1057 1771 1143 crederes.
1791 1057 1889 1156 Hoc

465 1175 545 1260 illis
575 1173 720 1258 accidit
742 1175 809 1282 qui
842 1169 1012 1281 aliquam
1040 1174 1082 1253 in
1116 1171 1319 1252 stomacho
1356 1166 1584 1279 qualitatem
1611 1165 1758 1256 habent
1788 1173 1888 1254 emi-

464 1307 625 1374 nentem
644 1348 658 1392 ,
678 1311 723 1369 ut
745 1284 903 1368 acidu'm
923 1310 1013 1367 acre
1022 1343 1037 1389 ,
1059 1285 1126 1390 qui
1145 1279 1241 1366 sodi
1260 1283 1551 1366 Germanorum
1569 1279 1760 1368 laborant.
1781 1279 1889 1367 Solis

464 1395 704 1502 diluentibus
717 1397 868 1480 sanatur
880 1394 1051 1503 malum,
1072 1401 1114 1478 δι
1133 1393 1441 1499 firecrudescat‚
1452 1392 1533 1480 levi
1547 1396 1708 1479 catlrarsr
1721 1393 1894 1481 tollius·

464 1515 613 1596 Verum
630 1508 716 1596 talis
730 1512 873 1595 veneni
887 1509 1078 1592 summam
1093 1506 1313 1608 efficaciam
1331 1505 1465 1620 legere
1480 1510 1547 1619 qui
1563 1505 1736 1593 voluerit
1744 1571 1758 1615 ,
1782 1506 1891 1642 legat
1927 1537 1932 1548 ·

464 1624 530 1710 111.
556 1623 609 1708 de
629 1623 811 1736 Sauvage
832 1621 1138 1707 dissertationem
1162 1619 1215 1704 de
1246 1619 1485 1732 imprudenti
1508 1619 1574 1704 esu
1601 1623 1750 1735 hepatis
1780 1619 1888 1706 illius

464 1737 581 1853 piscis
600 1739 666 1847 qui
679 1733 844 1830 Linnaeo
857 1735 1018 1848 squalus
1031 1732 1181 1817 rotulus
1193 1731 1364 1839 dicitur,
1384 1731 1512 1816 Gallis
1527 1757 1693 1818 vocatur
1711 1735 1802 1817 chat
1814 1763 1890 1816 mu·

465 1853 546 1956 rin,
563 1847 673 1960 quod
698 1875 833 1962 prater
851 1848 1090 1961 profundum
1113 1845 1297 1930 somnum
1318 1844 1584 1957 ruboremque
1604 1849 1783 1930 omnium
1834 1875 1897 1950 ar-¹

464 1967 566 2048 tium
586 1987 704 2072 quem
727 1957 940 2067 intulerat,
960 1963 1078 2045 tertio
1104 1959 1169 2043 die
1194 1957 1476 2072 epidermidem
1491 1957 1519 2040 ‘a'
1535 1984 1627 2042 cute
1649 1954 1816 2064 subjesla
1836 1962 1894 2043 ita

463 2074 648 2159 secedere
663 2073 824 2186 coegit,
845 2099 890 2156 ut
907 2073 1097 2186 vigesimo
1110 2073 1227 2154 etiam
1240 2070 1305 2154 die
1319 2067 1495 2155 lamellas
1506 2066 1625 2183 ¹hujus
1645 2072 1751 2180 quast
1763 2097 1896 2186 papy-·

467 2216 555 2272 rum
570 2213 670 2298 aeger
685 2185 905 2273 detraheret
921 2193 962 2270 dt
980 2183 1228 2267 illustrissimo
1248 2183 1298 2266 de
1314 2182 1495 2297 Sauvage
1512 2182 1622 2266 dono
1643 2183 1764 2269 daret.
1779 2181 1895 2268 Huic‘

464 2298 773 2390 succurrendum
782 2297 916 2380 suerat
926 2295 1039 2410 largo
1055 2296 1260 2380 acidorum
1275 2321 1399 2408 potu,
1429 2295 1749 2407 quandoquidem
1768 2295 1889 2382 docet

467 2411 689 2496 observatio
712 2411 855 2524 hepate
874 2409 1041 2523 piscium
1056 2406 1155 2492 nihil
1176 2409 1253 2492 else
1274 2408 1477 2522 putridius.

521 2525 671 2608 Verirm
693 2511 816 2636 vulgb
839 2522 1098 2637 symptomata
1117 2523 1199 2604 hac
1217 2521 1460 2635 sagacissima
1481 2520 1593 2628 sunt,
1616 2528 1658 2605 dr
1672 2521 1740 2605 vix
1758 2519 1888 2606 morbi

465 2661 616 2722 nomen
641 2661 851 2720 merentur.
875 2637 931 2720 At
956 2632 1074 2718 nullis
1096 2633 1198 2718 adei>
1220 2637 1321 2718 cutis
1343 2632 1541 2741 foedatur,
1569 2631 1686 2718 nullis
1705 2633 1804 2718 adeb
1824 2637 1889 2720 vi-

463 2753 521 2836 ria
546 2752 648 2833 intlrs
668 2774 781 2834 enata
801 2746 850 2830 ad
871 2748 996 2830 cutim
1015 2745 1267 2860 responsant,
1289 2752 1406 2855 quam
1424 2741 1472 2830 iis
1496 2742 1636 2856 quibus
1659 2743 1888 2832 labefaslata

465 2857 605 2946 sanitas
629 2865 670 2944 in
691 2864 841 2944 ruinam
860 2857 1091 2965 inclinaret,
1110 2859 1178 2942 nisr
1232 2855 1370 2943 rovida
1393 2857 1705 2974 supplementum
1726 2857 1888 2950 offerret

466 2999 603 3058 natura
623 2971 891 3085 perspirationi
920 2999 1003 3054 non
1022 2997 1168 3054 -conce
1198 3001 1228 3053 ae
1251 2968 1456 3082 novosque
1482 2969 1729 3087 protruderet
1749 2999 1889 3057 excre-

467 3109 692 3174 mentorum
711 3109 935 3198 proventus.
957 3081 1078 3168 Tales
1091 3083 1178 3166 sunt
1195 3086 1223 3167 ii
1245 3081 1298 3166 1⁰.
1314 3087 1383 3194 qui
1402 3083 1625 3195 frequentes
1638 3111 1687 3168 ex
1715 3087 1893 3169 criuntur,

468 3225 659 3309 coryzas‚
675 3195 949 3304 defluxiones,
969 3223 1014 3280 ut
1032 3199 1166 3301 aiunt,
1184 3195 1512 3303 rheumatismos,
1539 3196 1634 3308 erysr
1663 3114 1791 3304 elata,
1816 3197 1890 3281 do<
1954 3245 1963 3266 ·

465 3308 573 3396 lores
588 3337 710 3422 vagos
722 3310 956 3394 arthriticos.
975 3303 1033 3393 2⁰.
1046 3310 1132 3420 Qui
1144 3335 1213 3423 per
1226 3310 1533 3394 haemorrhoides
1558 3227 1798 3394 subbvmdo
1818 3306 1888 3394 ab·

468 3423 622 3510 domini
664 3420 833 3506 maxime
878 3421 1104 3506 necessarias
1172 3418 1367 3506 lethoram
1408 3419 1699 3507 abdominalem
1743 3419 1887 3508 levant.

466 3535 578 3618 -Tum
595 3532 776 3618 mulieres
796 3564 878 3644 qua
896 3561 948 3618 ex
972 3557 1113 3618 natura
1139 3449 1230 3648 ldge
1251 3535 1440 3618 menstrua
1462 3563 1546 3622 non
1569 3537 1798 3650 patiuntur,
1821 3563 1889 3622 aut

465 3647 567 3732 lasle
593 3645 715 3732 ubera
732 3650 772 3730 in
789 3645 937 3731 sobolis
960 3647 1072 3732 usum
1097 3646 1258 3730 distenta
1283 3646 1462 3732 recusant
1480 3674 1705 3762 praegerere.
1726 3645 1782 3752 3⁰.
1801 3647 1888 3758 Qui

466 3759 649 3870 reliquias
673 3757 906 3842 morborum
931 3783 998 3844 eru
1027 3763 1200 3844 rivorum
1222 3763 1325 3844 inuis
1356 3762 1396 3842 in
1421 3759 1488 3844 san
1544 3764 1608 3845 ine
1642 3761 1818 3865 servant,
1843 3785 1888 3844 ut

464 3874 555 3958 sunt
584 3871 814 3976 variolosae,
847 3789 1116 3977 morbillbsoe,
1149 3870 1351 3956 sudatoria
1363 3933 1377 3978 ,
1408 3897 1475 3983 ery
1493 3869 1687 3987 rpeiatosa
1716 3869 1887 3982 reliquia

465 3988 692 4096 stagnantes.
721 3982 781 4088 4⁰.
802 3983 976 4066 Demirm
1007 3985 1035 4066 ii
1063 3981 1206 4094 quibus
1230 3985 1272 4064 in
1292 3981 1490 4096 glandulis
1518 3983 1647 4095 aliqua
1673 3983 1770 4068 latet
1796 3981 1888 4068 obs·

465 4099 609 4182 nuuio
629 4157 642 4202 ,
663 4122 731 4179 aut
754 4095 935 4180 infarslus
954 4092 1215 4292 lpmphaticus
1225 4095 1466 4288 prasertim,
1492 4124 1610 4209 quem
1637 4125 1696 4180 ars
1720 4122 1789 4180 aut
1815 4125 1888 4184 na-

465 4231 551 4292 tura
571 4207 657 4290 vult
674 4207 817 4293 tollere
837 4210 969 4292 conati
999 4239 1043 4292 us
1067 4211 1203 4322 pariam
1242 4210 1439 4294 rusluosrs.

206 4389 238 4452 D
262 4313 334 4452 53¹·
525 4315 683 4429 Coryzi
700 4319 864 4432 simplici
881 4321 930 4406 ad
948 4322 1175 4426 minimam,
1190 4316 1257 4406 vel
1276 4315 1436 4405 levioris
1456 4351 1580 4426 aura,
1598 4317 1888 4436 impressionem

162 4411 291 4534 suni&
307 4411 438 4536 ulfus&
463 4429 643 4516 laborare
662 4429 794 4516 multis
814 4431 996 4542 frequens
1011 4436 1075 4517 ost.
1087 4431 1166 4517 Vel
1184 4430 1311 4518 levior
1330 4461 1454 4516 coenae
1478 4433 1663 4548 plenioris
1678 4430 1766 4516 usus
1782 4431 1887 4514 mul-

161 4567 223 4608 ruu
240 4555 274 4614 aa
288 4573 379 4622 taem
396 4553 440 4618 sa·
464 4547 514 4632 tis
525 4605 540 4650 ,
563 4567 723 4624 notante
742 4542 1013 4656 Hippocrate,
1034 4572 1145 4629 nares
1166 4541 1329 4658 implet3
1349 4545 1574 4660 perspiratio
1597 4543 1747 4658 scilicet
1769 4546 1887 4626 vitia-

161 4629 262 4698 mssa
466 4685 530 4743 rur
546 4664 589 4738 ὃ(
607 4651 848 4766 prohibetur.
867 4655 1016 4738 Verum
1034 4653 1221 4772 perpetui
1235 4655 1318 4740 fere
1338 4655 1485 4767 coryzl
1500 4657 1606 4740 affici
1623 4682 1743 4742 nemo
1761 4657 1886 4769 potest

467 4771 562 4882 quin
581 4765 710 4848 serum
737 4793 828 4848 acre
849 4769 952 4850 intus
974 4769 1157 4854 exundet
1177 4767 1289 4852 Hinc
1307 4769 1355 4850 iis
1370 4767 1465 4882 sape
1489 4769 1635 4854 accidit
1654 4796 1699 4854 ut
1719 4794 1802 4851 non
1818 4769 1884 4850 so-

461 4883 544 4970 lirm
566 4879 716 4966 inflatas
740 4905 849 4966 nares
872 4875 1041 4968 habeant
1050 4941 1068 4994 ,
1095 4881 1163 4966 sed
1187 4877 1290 4966 labia
1308 4879 1427 4966 etiam
1437 4943 1454 4994 ,
1479 4908 1600 4998 genas
1627 4905 1886 4994 mentumque
