4226 5916
473 421 573 500 »492
938 383 1463 475 DEMORBIS

490 553 646 670 pondus
673 552 720 636 ab
747 549 846 663 aqud
870 551 1043 666 appofits
1065 560 1108 636 dt
1130 551 1305 667 appresss
1330 547 1652 665 experiebantur,
1672 546 1777 632 und&
1796 571 1926 632 retro-¹

366 709 371 718 ·
489 668 603 782 press1
631 670 818 749 humores
846 667 925 748 fine
951 664 1031 748 alio
1066 659 1312 772 commodo,
1339 665 1489 747 viscera
1515 665 1668 746 interna
1694 659 1927 776 premebant

490 783 671 864 nimisrm.
699 776 826 862 Reae
838 841 851 882 ,
877 786 919 860 ὅ(
943 779 992 863 ad
1011 782 1102 862 artis
1127 782 1340 864 institutum
1361 772 1455 883 jussa
1476 776 1544 889 ipsa
1567 803 1761 890 vaporum
1785 772 1925 858 balnea

491 922 576 1002 quae
611 891 741 974 forsan
775 889 858 974 sola
892 895 1138 975 curationem
1177 889 1454 996 absolvissent,
1487 907 1717 1003 erumpente
1748 886 1923 998 undiqub

491 1033 628 1088 muco.
653 1001 806 1088 Interea
823 1006 920 1087 verb
939 1004 1089 1087 summa
1109 1002 1291 1088 sedulitas
1310 1000 1557 1108 adhibenda,
1578 1029 1630 1086 ne
1651 1003 1752 1104 dirm-
1764 997 1926 1084 mobilis

490 1117 638 1200 humor
661 1143 730 1229 per
753 1118 835 1198 haec
849 1115 1043 1200 'fomenta'
1062 1117 1260 1222 redditur,
1288 1114 1563 1225 mobilitasque
1589 1113 1719 1199 addita
1741 1115 1856 1228 ipsuis
1882 1119 1924 1196 dr

490 1227 685 1314 volumen
707 1233 974 1341 &energiam
1000 1234 1050 1314 eb
1079 1229 1166 1343 plus
1197 1254 1342 1341 auget,
1375 1231 1456 1338 quis
1482 1227 1570 1342 plus
1594 1228 1780 1312 efficacia
1810 1226 1924 1309 estin

492 1339 706 1456 vaporibus
732 1370 839 1451 aquae
864 1340 1051 1449 elasticis,
1075 1345 1220 1425 humor
1245 1340 1430 1425 obturans
1454 1343 1494 1422 in
1519 1341 1676 1424 massam
1701 1337 1925 1424 circulatio·

493 1455 554 1537 nis
587 1452 768 1567 abreptus
801 1480 938 1537 carrera
971 1457 1012 1536 in
1042 1454 1192 1538 viscera
1225 1454 1400 1558 feratur,
1437 1452 1595 1568 ipsaque
1624 1450 1925 1566 praetermodirm

495 1570 692 1678 opprimat
712 1566 853 1664 3undd
879 1574 920 1651 ὃ(
944 1565 1053 1651 alvu's
1072 1572 1157 1651 tiam
1183 1567 1477 1679 eccoproticis,
1506 1573 1588 1652 tiam
1610 1563 1829 1649 laxantibus
1852 1564 1925 1646 ser·

494 1679 622 1764 vanda
637 1677 770 1763 libera.
788 1680 925 1788 Quem
943 1682 983 1762 in
1001 1681 1111 1762 usum
1128 1677 1183 1762 nil
1203 1678 1341 1763 melibs
1356 1678 1524 1762 viderim
1545 1681 1713 1792 repetito
1732 1679 1824 1782 usu,
1844 1678 1923 1758 inb

494 1793 730 1901 quotidiano
759 1790 896 1874 salium
924 1820 1183 1899 neutrorum,
1214 1819 1307 1874 curn
1334 1789 1463 1876 herbis
1493 1788 1754 1904 aperientibus
1784 1789 1922 1871 cicho-

495 1906 620 1987 raceis
636 1964 650 2007 ,
677 1902 918 2015 borragineis
948 1907 1002 1986 ita
1031 1909 1233 2016 unitorum
1267 1931 1384 2014 atque
1414 1907 1683 1987 maritatorum
1712 1929 1758 1986 ut
1782 1899 1922 2015 duplex

491 2014 587 2099 inde
622 2011 830 2127 impleatur
864 2016 1088 2122 indicati0,
1123 2045 1288 2126 quarum
1321 2013 1456 2122 altera
1473 2015 1814 2130 ess·amplissimos
1850 2013 1922 2098 alvi

493 2129 627 2212 sontes
654 2126 875 2232 reserandi,
905 2127 1026 2212 altera
1045 2130 1142 2214 verb
1168 2119 1297 2213 urinas
1323 2159 1406 2239 quae
1435 2129 1615 2212 officium
1640 2128 1922 2243 perspirationis

495 2243 688 2326 vicarium
710 2237 881 2322 maxims
901 2238 1086 2356 explent,
1111 2241 1252 2355 magns
1272 2245 1312 2326 vi
1334 2240 1532 2326 eliciendi.
1555 2242 1602 2324 In
1625 2245 1686 2324 his
1710 2239 1815 2326 cert&
1837 2265 1921 2326 tota

498 2354 670 2438 consissit
690 2379 850 2436 acutum
872 2355 912 2435 in
926 2382 1081 2437 morem
1101 2353 1373 2439 decumbentis
1390 2353 1569 2439 crassitiei
1590 2357 1765 2460 curatio,
1786 2350 1921 2464 quibus

495 2465 692 2551 addideris
719 2491 768 2548 ex
798 2491 880 2548 arte
907 2465 1106 2552 sritsiones
1133 2471 1174 2552 in
1201 2494 1334 2551 cutem
1366 2469 1544 2551 assedam
1571 2464 1691 2552 leves.
1720 2466 1921 2578 Siquidem

494 2578 713 2664 secundirm
732 2577 1021 2692 Hippocratem
1045 2586 1106 2684 (a)
1127 2580 1256 2664 srislio
1281 2579 1380 2664 levis
1401 2577 1586 2687 resolvit,
1607 2580 1721 2664 sortis
1744 2580 1921 2664 exsrccat.

497 2690 658 2800 Quibus
689 2692 718 2772 fi
746 2689 846 2774 obstr
874 2695 930 2774 rei
956 2692 1154 2776 familiaris
1184 2695 1353 2807 angustia
1366 2756 1380 2798 ,
1408 2691 1544 2776 saltem
1570 2691 1672 2776 levia
1698 2692 1923 2777 suadeantur

494 2804 645 2888 miseris
665 2805 853 2888 exercitia
877 2803 923 2888 ad
943 2807 1100 2890 initium
1123 2805 1244 2915 usque
1263 2805 1361 2890 levis
1384 2803 1637 2913 lassitudinis,
1664 2805 1733 2890 sed
1756 2804 1833 2890 haic
1856 2803 1920 2900 sub

497 2911 650 3002 cautelas
657 2978 673 3024 ,
690 2943 739 3000 ne
755 2914 1011 3029 proliciantur
1024 2921 1072 3004 ad
1087 2917 1236 3002 sudoris
1250 2920 1469 3032 impetum,
1493 2923 1560 3028 qui
1577 2929 1668 3003 crim
1684 2917 1922 3032 impossibilis

494 3029 603 3116 soret
614 3092 629 3135 ‚
655 3031 737 3112 cuti
758 3026 1009 3116 addensandae
1031 3030 1233 3116 inserviret
1258 3033 1371 3115 nixus
1393 3029 1564 3138 inutilis,
1591 3057 1658 3116 aut
1676 3029 1815 3116 saltem
1836 3061 1921 3145 pru-

496 3138 634 3226 ritibus
667 3141 884 3226 excitandis
915 3142 1180 3250 immanibus,
1205 3141 1271 3228 vel
1303 3141 1486 3260 phlogosr
1511 3175 1595 3256 quae
1624 3146 1664 3228 in
1690 3143 1766 3229 haic
1799 3144 1920 3259 specie

498 3255 601 3340 cutis
622 3252 812 3338 craffioris
833 3254 984 3367 semper
1033 3261 1185 3342 roxima
1206 3259 1271 3340 est.

551 3366 645 3450 Nec
668 3365 816 3452 diversa
843 3369 979 3452 metho
1009 3400 1054 3454 us
1080 3366 1302 3452 adhibenda
1323 3373 1365 3453 in
1390 3365 1582 3454 chronies
1609 3367 1708 3453 cutis
1733 3369 1920 3477 crassitie,

498 3478 568 3564 nist
587 3480 695 3590 qubd
715 3479 803 3584 diu,
822 3483 906 3564 imb
923 3482 972 3565 ad
992 3481 1181 3566 fastidium
1200 3480 1322 3592 usque
1338 3479 1576 3568 diluentibus
1591 3483 1837 3566 insistendum
1857 3483 1919 3590 st,

498 3619 576 3676 nee
602 3596 707 3706 pribs
734 3591 783 3676 ad
809 3590 884 3678 alia
907 3591 1195 3680 deveniendum
1219 3596 1413 3702 remedia,
1441 3600 1535 3705 quin
1559 3598 1661 3680 curis
1685 3595 1923 3680 humiditatis

500 3709 707 3790 contrattae
735 3731 842 3788 certa
863 3706 936 3812 det
957 3707 1116 3793 indicia.
1138 3708 1250 3792 Hinc
1272 3711 1407 3792 omnia
1431 3710 1504 3792 smt
1525 3711 1800 3792 hunret'tantia.
1820 3711 1922 3813 Aer,

498 3815 634 3902 sifieri
659 3817 801 3930 possit,
821 3815 946 3901 littori
971 3821 1200 3928 fluminum,
1223 3846 1290 3904 aut
1314 3819 1497 3906 locorum
1525 3819 1790 3962 depressorum
1811 3847 1924 3932 atque

497 3931 550 4012 sla
580 3932 758 4013 nantium
784 3932 912 4014 ventis
945 3961 1027 4016 non
1052 3937 1307 4048 perflatorum
1333 3935 1519 4039 vicinus,
1547 3936 1621 4017 hac
1647 3931 1783 4018 saltem
1810 3935 1919 4038 vice,

496 3963 616 4126 utisis.
653 4042 860 4149 Camerae‚
887 4041 977 4127 letti
1005 4048 1151 4129 vicinia
1178 4045 1318 4159 plantis
1350 4045 1513 4130 roscidis
1550 4055 1591 4130 ὅ(
1621 4049 1777 4158 irriguis
1801 4041 1921 4158 plenae

495 4153 582 4235 srnt.
608 4154 787 4269 Vapores
815 4153 926 4242 lassis
953 4154 1098 4265 calidi,
1126 4156 1343 4272 plantarum
1371 4158 1658 4243 emollientium
1689 4155 1926 4240 imbibantur

499 4260 521 4346 b
543 4293 712 4379 corpore
733 4271 868 4354 nosses
891 4270 1049 4379 diesque
1069 4273 1097 4356 fi
1118 4273 1202 4355 fieri
1222 4271 1349 4385 possit.
1378 4271 1487 4355 Dein
1503 4271 1552 4354 ad
1569 4269 1805 4356 resolvenda
1823 4295 1925 4354 tran·

499 4377 571 4460 stre
590 4375 743 4462 dabitur
763 4381 887 4464 modi)
901 4383 1098 4496 ¹descripta
1113 4416 1125 4484 3
1143 4384 1342 4498 fugientur
1356 4385 1462 4468 fotus
1488 4387 1722 4489 aromatici,
1745 4383 1815 4468 sed
1837 4381 1926 4468 olea

427 4569 433 4583 ,
498 4483 707 4593 leniffima,
726 4489 819 4598 lini,
844 4494 1136 4608 amygdalarum
1154 4496 1358 4604 dulcium,
1382 4497 1431 4581 de
1450 4525 1573 4580 cacao
1590 4500 1645 4580 ita
1660 4493 1928 4580 admoveban-

465 4688 469 4696 ,
498 4625 561 4684 tur
589 4626 633 4682 ut
655 4600 834 4688 eluantur
861 4609 967 4714 citb,
996 4636 1048 4693 ne
1074 4610 1338 4696 rancescentia
1360 4609 1595 4716 inducatur,
1620 4639 1706 4718 quae
1732 4612 1925 4693 tamenin

497 4715 579 4796 hoc
604 4737 748 4824 genere
776 4721 876 4802 curis
903 4723 1032 4810 minias
1057 4722 1269 4810 metuenda
1297 4723 1379 4834 esi,
1406 4726 1499 4810 ciam
1530 4749 1668 4810 omnes
1695 4721 1929 4840 perhibeant

533 4865 593 4945 (a)
616 4863 664 4926 De
683 4864 791 4932 Officio
813 4872 926 4936 Medici.
