4250 5898
195 543 198 550 Δ
569 461 572 473 ·
683 418 801 524 ΪὉΪὈ
830 430 870 514 Τ
897 429 1006 522 ΑΝ
1032 429 1069 512 Ε
1095 430 1188 520 ΙἘ.
1575 435 1656 549 ι6ος
1696 467 1700 476 “

197 659 199 663 -
233 591 403 680 cxcussis
421 581 509 678 area
526 589 751 679 remanebat
764 592 884 676 nitida
903 589 1137 705 &depilata
1153 592 1199 674 In
1219 588 1296 672 alio
1313 593 1402 678 casu
1418 594 1528 681 bulbi
1545 601 1658 684 fimul

239 735 331 789 cum
347 711 496 820 pruritu
510 704 669 790 exibant
685 737 693 786 :
711 702 820 788 alteri
837 707 1016 817 herpetes
1030 703 1230 787 evidentes
1245 704 1403 789 aderant
1413 769 1428 814 ,
1455 715 1497 793 δι
1512 739 1659 794 menta-

238 815 307 928 grai
327 844 505 902 veterum
520 814 639 899 barba
659 814 856 898 horrebat.
878 816 1042 923 Quique
1057 813 1218 897 morbus
1232 814 1284 896 ad
1294 815 1404 902 suum
1420 849 1544 928 genus
1558 824 1659 906 rese-

195 1001 198 1010 .
237 929 380 1013 rendus
393 954 487 1013 erat.
501 930 548 1010 Iu
561 958 676 1039 quarn
693 925 852 1036 quidem
867 925 1061 1008 sententia
1076 929 1206 1008 nostra
1225 953 1374 1037 partem
1394 928 1474 1012 abit
1494 932 1658 1039 Celsus,

238 1037 334 1121 dum
352 1044 405 1123 ait
425 1043 505 1124 islo
527 1039 624 1123 loco
650 1039 875 1151 sanguinem
898 1041 1005 1120 exire
1021 1036 1242 1148 liquidum,
1268 1045 1309 1120 &
1330 1038 1432 1122 male
1450 1043 1661 1147 fetentem3

62 1243 65 1254 ¹
188 1149 200 1158 ’
238 1147 347 1268 pejus
369 1154 447 1236 esse
466 1149 615 1234 malum
635 1151 744 1261 quod
764 1149 923 1234 densam
946 1153 1070 1232 cutim
1089 1158 1130 1233 bt
1146 1146 1404 1264 subpinguem
1423 1159 1464 1235 ὅ(
1487 1153 1664 1265 glabram

234 1263 344 1346 fecit.

290 1372 487 1488 Alopecia
504 1403 601 1488 ergo
626 1404 700 1488 pro
718 1374 979 1488 symptomata
997 1372 1187 1458 habenda.
1211 1375 1381 1458 Memini
1397 1402 1545 1461 tamen·
1556 1407 1621 1463 mc
1641 1379 1667 1466 l

236 1483 393 1570 servulo
414 1487 588 1596 quodam
608 1485 705 1571 olim
721 1487 771 1570 de
789 1485 883 1570 curai
897 1513 996 1571 verae
1014 1485 1220 1596 alopecias,
1239 1485 1304 1572 seu
1319 1491 1449 1600 potitis
1466 1519 1492 1572 o
1520 1493 1664 1576 hiasros

235 1599 491 1709 requisitum,
523 1597 671 1680 nullam
701 1597 865 1683 similem
895 1597 1050 1680 causam
1075 1598 1260 1710 assignare
1287 1600 1466 1712 potuisse.
1493 1520 1664 1686 lvitebat

236 1713 345 1793 enim
369 1709 536 1825 depilata
557 1713 657 1793 cutis
668 1773 682 1815 ,
703 1719 742 1794 bt
765 1710 876 1821 quod
894 1715 935 1792 in
959 1709 1118 1794 calvitie
1133 1731 1348 1792 commune
1367 1715 1440 1815 est,
1461 1709 1595 1823 glabra
1621 1721 1664 1796 δι

236 1825 342 1932 quast
367 1822 565 1908 obstructis
590 1825 696 1935 poris
715 1826 769 1905 im
798 1819 1029 1935 erspirabilis
1053 1823 1182 1926 soret,
1203 1819 1307 1904 laevis
1333 1830 1374 1908 δι
1395 1827 1522 1907 nitens
1545 1853 1665 1938 appa*

235 1934 359 2020 rebat.
393 1938 449 2018 At
475 1961 622 2046 paucos
647 1936 732 2048 post
757 1853 840 2018 dies
867 1931 1079 2018 furfuribus
1104 1932 1220 2044 plena
1247 1931 1323 2016 suit
1350 1942 1392 2016 br
1418 1934 1510 2017 vere
1537 1939 1666 2050 porri-

236 2044 386 2160 ginosa.
412 2045 528 2128 Unde
553 2049 752 2158 porrigine
778 2045 851 2128 rite
878 2041 1062 2148 uastare,
1090 2069 1264 2126 arearum
1293 2047 1335 2126 iu
1362 2041 1500 2128 locum
1532 2044 1667 2162 capilli

233 2154 561 2260 succrescebant,
586 2153 771 2266 latusque
795 2185 842 2240 ac
868 2180 1024 2240 curatus
1050 2152 1229 2238 disce-ffit.

291 2271 353 2354 Ex
372 2271 459 2375 his,
484 2295 528 2352 ut
549 2272 712 2381 opinor,
740 2295 823 2349 non
844 2264 1150 2350 dissentientibus
1167 2263 1387 2368 veteribus,
1407 2287 1515 2376 patet
1534 2295 1664 2354 aream

233 2387 282 2471 dr
303 2380 583 2492 ophiastm,ut
610 2385 652 2458 bt
680 2377 899 2488 alopeciam
927 2378 1029 2458 inter
1061 2374 1144 2483 sym
1173 2398 1369 2458 tomatum
1397 2375 1553 2460 classem
1587 2381 1666 2464 else

231 2488 523 2592 numerandas,
549 2489 739 2572 nonvero
755 2484 976 2570 referendas
999 2485 1048 2568 ad
1067 2403 1264 2592 marlot,
1290 2485 1469 2597 adeoque
1491 2489 1662 2575 formam

235 2631 310 2720 pro
339 2601 556 2685 diverfitate
581 2598 701 2681 causa
732 2597 947 2682 admodum
974 2601 1134 2684 variare.
1165 2599 1258 2682 Nec
1285 2624 1383 2709 ergo
1410 2599 1512 2682 adel)
1539 2603 1671 2688 stride

235 2712 508 2828 accipiendam
527 2707 713 2824 alopecia
757 2711 880 2816 rimo,
896 2713 980 2794 tlun
994 2713 1120 2807 etiam.
1130 2711 1325 2822 ophiasros
1336 2707 1664 2823 descriptionem,

237 2855 357 2937 quam
377 2823 496 2908 nobis
517 2821 656 2907 Celsus
681 2739 851 2930 reliquit.
882 2824 1098 2930 Utramque
1123 2824 1230 2904 enim
1254 2819 1350 2904 licet
1374 2818 1512 2931 aliquis
1532 2823 1663 2911 forsan

236 2936 359 3022 semel
383 2934 672 3040 observaverit,
700 2933 807 3018 certe
831 2930 889 3016 bis
915 2931 1053 3018 eidem
1080 2931 1208 3018 formal
1231 2933 1417 3014 donatam
1441 2963 1524 3017 non
1550 2963 1664 3050 repe-

237 3054 324 3134 riet.
353 3049 423 3130 Ait
446 3049 552 3130 enim
578 3043 717 3130 Celsus
737 3052 799 3149 (a)
820 3071 923 3130 areas
946 3051 988 3128 ὃ(
1013 3042 1232 3157 alopeciam
1250 3043 1320 3130 sub
1342 3041 1516 3152 quilibet
1539 3047 1666 3160 figura

266 3161 416 3263 tassari,
443 3167 485 3242 ἃ
512 3160 700 3272 ophiastm
724 3159 897 3270 incipere
918 3155 966 3240 ab
988 3159 1211 3268 occipitio,
1226 3203 1233 3212 ·
1248 3155 1419 3240 duorum
1449 3157 1665 3270 digitorum

236 3192 483 3364 latitudinem
500 3299 583 3353 non
596 3270 811 3375 excedere,
829 3269 876 3351 ad
893 3295 1002 3351 aures
1015 3264 1170 3363 duobus
1184 3265 1376 3380 capitibus
1393 3267 1569 3382 serpere3
1586 3276 1668 3382 qui—

233 3382 399 3469 busdam
415 3385 533 3466 etiam
551 3382 599 3464 ad
612 3381 810 3486 frontem,
825 3380 955 3464 donec
974 3380 1054 3462 duo
1071 3381 1199 3492 capita
1213 3378 1252 3461 se
1268 3382 1308 3462 in
1321 3382 1493 3490 priorem
1514 3409 1665 3494 partem

237 3499 519 3582 committant:
550 3491 650 3578 illud
670 3497 811 3578 vitium
834 3494 875 3574 in
899 3489 1073 3600 quilibet
1095 3515 1205 3572 atate
1226 3487 1303 3576 effe
1313 3549 1328 3593 ,
1354 3492 1435 3574 boc
1460 3495 1559 3574 verb
1579 3494 1667 3578 sere

236 3611 280 3697 in
297 3603 531 3690 infantibus:
551 3604 652 3686 illud
673 3609 739 3688 vix
759 3631 932 3711 unquam
951 3602 1033 3682 stne
1053 3604 1287 3706 curatione,
1316 3603 1398 3682 hoc
1418 3629 1487 3712 per
1510 3601 1548 3688 se
1567 3604 1668 3718 sapit

236 3721 354 3810 finiri.
376 3719 525 3799 Verum
540 3715 701 3798 evidens
720 3716 772 3795 est
789 3711 897 3822 quod
914 3739 1008 3793 arear
1025 3715 1065 3794 in
1084 3708 1296 3794 insentibus
1320 3712 1473 3798 facilius
1495 3715 1666 3801 succres÷

157 3903 162 3913 .
237 3855 332 3914 cant
358 3826 621 3910 obhumoris
649 3825 822 3938 pituitosr
851 3821 1011 3906 facilem
1037 3829 1078 3908 ὃ(
1109 3821 1314 3936 copiosam
1340 3828 1664 3938 corruptionem,

236 3937 419 4046 malaque
436 3941 535 4021 cutis
555 3935 633 4018 illis
651 3933 855 4020 familiaria
871 3966 883 4034 3
905 3939 945 4017 in
966 3937 1013 4018 iis
1030 3936 1129 4017 verb
1143 3933 1307 4019 morbos
1329 3933 1420 4020 illos
1443 3941 1493 4018 eb
1511 3938 1668 4024 sacilibs

236 4054 483 4138 curationem
508 4051 716 4160 recipere,
747 4048 828 4158 qub
853 4047 967 4130 causa
987 4045 1161 4130 volatilis
1187 4051 1330 4159 magis,
1353 4075 1427 4131 nec
1455 4049 1564 4155 fixa,
1590 4078 1669 4135 nec

235 4161 335 4248 altas
358 4162 509 4246 radices
534 4187 651 4272 agens
665 4220 680 4265 ,
708 4167 750 4244 ὅ(
776 4161 843 4243 vix
869 4158 918 4241 ad
940 4155 1082 4240 bulbos
1107 4156 1229 4266 usque
1249 4162 1486 4270 pertingens.
1514 4161 1667 4269 Quam·

237 4303 382 4385 quam,
406 4271 474 4356 ubi
491 4275 695 4356 cicatrices
711 4270 795 4356 latae
814 4277 883 4382 per
900 4269 1160 4382 profundiora
1185 4271 1267 4350 bac
1294 4268 1395 4351 mala
1419 4270 1525 4352 fattae
1550 4273 1637 4356 sunt
1647 4333 1665 4379 ,

236 4389 477 4498 reperiantur
507 4387 624 4468 etiam
655 4386 722 4492 qui
744 4384 819 4464 viri
848 4407 952 4464 areas
981 4383 1098 4462 etiam
1127 4377 1189 4462 ab·
1204 4379 1371 4471 infantili
1407 4384 1592 4468 cicatrice
1622 4389 1668 4468 in

236 4495 357 4582 barbi
390 4499 691 4600 contraxerint,
722 4521 921 4602 nunquam
955 4487 1152 4574 delendas.
1193 4493 1248 4574 At
1282 4490 1350 4574 ubi
1381 4489 1458 4599 jam
1489 4493 1668 4581 adolevit

236 4633 354 4714 aetas,
387 4608 415 4688 st
445 4606 607 4692 morbus
632 4603 776 4690 bulbos
804 4603 1029 4687 destruxerit
1062 4629 1180 4711 atque
1210 4602 1437 4710 extruserit,
1466 4633 1545 4690 nun
1574 4637 1666 4690 uam

237 4719 486 4802 renascentur
511 4715 594 4832 pili.
633 4720 758 4804 Secus
786 4721 913 4801 rursus
942 4710 1209 4829 repullulant,
1242 4717 1325 4799 imb
1354 4715 1407 4802 ob
1435 4635 1666 4842 impeditam

279 4876 336 4954 (a)
360 4869 422 4935 Lib.
442 4879 478 4941 6,
495 4889 553 4954 cap.
574 4891 606 4944 a·
