4226 5916
640 423 1121 545 CUTA'N'EIS.
1504 477 1605 583 ᾸμςΙ

163 616 474 736 refrigerationis
493 615 611 730 atque
627 621 668 702 in
685 619 936 736 erysipelate,
960 645 1004 706 ut
1022 646 1118 737 pote
1139 621 1249 732 quod
1273 611 1422 706 malum
1445 625 1606 713 eviden-

163 762 226 819 ter
251 736 434 820 criticum
462 735 518 818 srt.
549 733 699 818 Verium
722 739 813 818 curn
836 765 883 820 ea
902 765 986 846 quae
1009 737 1220 846 antiqui&
1241 736 1372 818 Graeci
1392 743 1432 819 8(
1452 739 1605 830 Arabes

160 848 437 964 refrigerantia
455 849 688 932 vocaverint
712 845 847 933 reverti
872 845 1020 953 &jure
1044 847 1148 962 apud
1170 877 1245 931 nos
1269 878 1343 963 pro
1366 848 1607 967 adstringes·
1673 890 1677 896 ’

165 959 273 1048 tibus
296 958 532 1067 habeantur,
548 961 880 1074 repudienturque
901 963 1044 1046 meriti>
1067 965 1109 1044 in
1134 963 1246 1044 omni
1269 965 1464 1049 horumce
1484 967 1533 1050 de
1562 1002 1606 1052 u-

164 1079 407 1160 ratoriorum
423 1099 603 1189 tempore
613 1138 629 1181 ‚
649 1073 810 1160 evidens
829 1077 881 1160 est
897 1104 1033 1160 curam
1047 1072 1227 1159 eamdem
1247 1073 1325 1159 elle
1341 1075 1511 1162 adhibeo
1541 1111 1605 1166 ant

165 1219 254 1300 quae
281 1190 365 1302 igni
386 1189 498 1272 sacro
522 1189 741 1296 convenitg
766 1189 835 1272 nisr
859 1187 967 1299 quod
990 1190 1113 1302 magis
1167 1187 1301 1272 rasens
1324 1191 1377 1271 est
1403 1218 1606 1280 metusne

164 1328 373 1415 gangraena
393 1299 541 1408 malurn
559 1299 718 1386 invadat
738 1308 780 1385 ὅ(
797 1327 970 1387 vertatur
986 1219 1189 1417 erysrpeihs
1205 1304 1245 1384 in
1263 1301 1445 1386 affeuum
1463 1303 1606 1420 phleg-

165 1415 461 1523 monodoeutn‚
484 1439 552 1498 aut
573 1414 881 1528 gangrmosum.
915 1416 1015 1527 Quo
1035 1412 1153 1499 titulo
1175 1419 1216 1499 in
1241 1413 1461 1501 lotionibus
1486 1445 1605 1531 atque

165 1527 379 1634 fomentis,
396 1535 436 1611 ὅ(
452 1526 673 1635 scordium,
695 1536 735 1611 ὃ(
758 1531 997 1643 camphora,
1014 1527 1181 1639 &quod
1196 1533 1430 1645 nuperrimis
1449 1558 1605 1646 tempo-

165 1636 275 1725 ribus
298 1643 441 1725 merito
462 1643 610 1725 caeteris
629 1641 866 1755 antisepticis
887 1639 1057 1756 palmam
1072 1645 1267 1755 praeripuit
1277 1705 1292 1752 ‚
1318 1669 1458 1729 cortex
1479 1645 1604 1730 Peru-

165 1753 303 1839 vianus
314 1815 329 1862 ,
354 1756 574 1868 principem
597 1750 737 1838 locum
760 1751 942 1839 obtinere
963 1753 1132 1868 poliunt.
1235 1807 1237 1812 ,

164 1975 1602 2048 -ι--ι--ι-ε--ῄ

541 2186 590 2291 C
645 2187 694 2291 A
752 2185 791 2289 P
847 2187 896 2300 U
959 2186 1009 2288 T
1105 2186 1131 2287 Ι·
1177 2184 1218 2288 Ι.

230 2424 317 2534 De
358 2423 634 2534 Tumor-ibus
664 2423 1076 2570 Phlegmonodoeis
1097 2465 1279 2570 partem
1312 2367 1524 2572 aliquam

645 2587 767 2692 cutis
791 2590 1132 2728 impetentibus.

413 2839 940 2928 ARTICULUS
1010 2841 1352 2959 PRIMUS.

455 3049 524 3135 De
538 3051 753 3166 Phygetlrlo
773 3052 1017 3169 &Phymate
1032 3053 1068 3138 ἐν
1086 3051 1284 3138 Furuncul
1305 3115 1317 3140 .

165 3207 509 3392 Parammon
523 3289 672 3374 Graecia
686 3292 883 3400 aurulam,
902 3292 1055 3377 Latinis
1070 3291 1215 3378 dicitur
1228 3297 1338 3408 panis
1344 3355 1359 3400 ,
1380 3290 1445 3378 seu
1462 3326 1600 3412 panus.

166 3407 295 3492 Panus
314 3403 456 3487 dicitur
476 3400 636 3516 aliguri
653 3409 744 3518 pani
757 3402 862 3491 illitis
879 3408 1118 3490 instrumenti
1135 3436 1218 3517 quo
1236 3433 1411 3492 textores
1425 3437 1600 3498 utuntur.

168 3518 328 3618 Dicitur
347 3520 466 3600 etiam
482 3515 663 3630 panicula
675 3527 687 3624 (
698 3524 756 3622 a).
780 3517 850 3628 Est
868 3544 995 3604 autem
1017 3544 1143 3602 tumor
1159 3549 1234 3604 uon
1250 3519 1460 3632 altas,sed
1473 3523 1601 3623 latur,

168 3633 208 3715 irz
222 3663 295 3747 quo
305 3629 467 3744 pufluloe
483 3627 673 3744 quidpiam
679 3629 807 3735 simile
824 3631 886 3741 est.
909 3631 1039 3714 Dolor
1053 3629 1294 3745 disientioque
1307 3637 1507 3718 uehemens
1526 3637 1600 3746 est,

169 3741 347 3854 &major
362 3741 475 3857 qutim
490 3773 563 3856 pro
584 3745 839 3856 magnitudine
861 3743 1030 3828 tumoris.
1054 3743 1249 3830 Interdum
1269 3746 1382 3830 etiam
1394 3746 1599 3858 febricula.

168 3855 287 3972 quue
315 3853 420 3940 tarde
443 3855 681 3966 maturescit,
710 3885 828 3968 neque
851 3858 1073 3970 nragrroparl
1100 3857 1140 3939 iu
1163 3888 1241 3972 pus
1266 3860 1526 3972 conuertitur:
1541 3863 1602 3972 fit

169 3995 296 4055 autent
317 3969 483 4056 maxime
506 3970 546 4051 ia
565 3967 663 4063 alis,
685 3969 724 4052 ia
743 3971 882 4054 uertice
894 3971 971 4066 ,in
991 3969 1220 4084 inguinibus.

225 4083 378 4196 Phyma
397 4082 493 4188 φάμα
507 4083 556 4189 (b)
574 4083 706 4168 verior
725 4086 777 4168 est
804 4082 1048 4199 phlegmone
1072 4083 1273 4197 magisque
1299 4084 1498 4190 exquifita.
1513 4082 1598 4170 Dif-

168 4196 245 4282 fert
261 4222 394 4280 tamen
417 4193 439 4280 ”a
456 4194 670 4282 furunculo
688 4226 781 4282 cum
801 4227 883 4307 quo
904 4197 1096 4282 confundi
1112 4195 1239 4301 solet,
1263 4193 1373 4304 quod
1391 4195 1599 4284 rotundius

167 4309 212 4394 stt
235 4316 277 4394 &
295 4307 470 4425 planius,
496 4309 605 4422 quod
625 4338 694 4424 per
714 4310 835 4396 latius
858 4311 1024 4426 spatium
1049 4309 1168 4418 quiam
1190 4315 1232 4390 ὅ(
1253 4306 1502 4423 phygethlon
1514 4372 1529 4416 ‚
1554 4319 1596 4396 δι

167 4419 400 4508 furunculus
423 4422 673 4512 diffundatur,
709 4423 825 4507 Nihil
847 4427 949 4508 intus
979 4417 1211 4534 conglobati
1239 4447 1282 4506 ut
1306 4424 1348 4504 in
1381 4420 1597 4508 furunculo

170 4539 373 4650 reperitur.
413 4534 591 4622 Dolores
621 4534 737 4650 quim
768 4540 809 4621 in
842 4531 1062 4651 phygethlo
1091 4541 1134 4619 ὅ(
1170 4529 1382 4618 furunculo
1422 4537 1598 4621 minores

166 4647 268 4735 sunt.
291 4649 441 4735 Verum
462 4653 591 4735 omnis
616 4677 801 4765 corrupta
826 4677 919 4735 caro
942 4652 983 4734 in'
1002 4677 1074 4761 pus
1092 4650 1257 4734 vertitur
1269 4710 1284 4758 ,
1309 4646 1420 4759 quod
1443 4677 1526 4735 non
1550 4651 1597 4734 fit

208 4861 267 4932 (a)
287 4858 363 4922 Cels.
382 4859 428 4918 lib.
451 4876 482 4934 5,
499 4877 557 4942 cap.
579 4865 625 4920 28.

208 4939 265 5023 (b)
288 4939 361 5004 cna
381 4939 444 5006 ibid.
