4246 5900
41 4713 43 4778 l

490 411 1227 505 rNr'rtoochlo.
1545 447 1603 538 73,

36 645 37 654 r
171 589 209 668 bt
227 577 387 666 sordide
410 574 665 683 viventibus,
694 578 722 660 fi
747 578 956 691 prasertim
980 577 1093 662 srmul
1115 577 1171 664 ab.
1190 579 1383 668 exercitio
1410 579 1605 670 abstinue-

56 787 62 796 ,
170 698 243 780 rint
266 690 340 777 illi.
366 689 484 774 Unde
500 689 656 774 videtur
681 690 923 804 quantopere
949 695 1050 778 inter
1070 691 1109 776 se
1125 692 1354 778 coincidant
1372 694 1529 802 morbi,
1559 704 1603 781 bt

173 832 357 918 quantam
371 803 527 888 servent
545 805 588 886 in
607 803 683 886 suis
698 801 946 888 incunabulis
964 807 1065 888 inter
1084 803 1124 888 se
1148 804 1398 920 analogiam,
1424 807 1515 892 inde
1532 837 1606 891 cu-

170 922 279 1006 rane't
294 915 458 1021 morbi,
486 917 581 999 hinc
603 917 700 1000 verb
725 913 960 1021 scotbutus,
987 917 1133 999 struma
1148 979 1163 1022 ,
1191 921 1273 1002 irnb
1300 919 1431 1003 forsan
1459 923 1605 1036 &ipsa
1745 953 1751 990 τ

171 1031 255 1118 lues
275 1057 470 1136 venerea,
515 1059 573 1112 uae
591 1030 659 1112 etsr
684 1028 1048 1142 poffitAmericana
1071 1029 1150 1112 dici
1163 1091 1178 1134 ,
1193 1057 1325 1115 tamen
1343 1030 1391 1114 ab
1405 1060 1604 1118 exercitu-

170 1143 269 1250 bus,
287 1147 442 1247 castris,
463 1059 621 1224 obstdiis
633 1202 647 1245 ,
669 1140 772 1253 apud
794 1143 900 1223 viros
927 1139 1114 1253 segnitie,
1134 1141 1374 1256 negligendi
1386 1142 1572 1253 ‚penurii
1583 1195 1604 1254 ,·

172 1255 417 1349 &sordibus
440 1256 566 1338 omnis
597 1257 730 1366 genef
774 1253 938 1337 infames
965 1259 1118 1368 erupit,
1151 1253 1306 1343 scilicet
1328 1257 1430 1371 apud
1457 1256 1603 1344 Gallos

172 1374 211 1454 bt
233 1368 526 1485 Neapolitanos
552 1368 653 1450 inter
667 1283 802 1572 s*
820 1367 983 1456 vestium
1003 1396 1049 1450 ac
1064 1366 1187 1450 visitis
1209 1366 1419 1452 defessum.
1443 1369 1523 1454 Sed
1548 1372 1602 1458 do

168 1485 228 1566 his
248 1482 418 1566 viderint
431 1479 650 1584 doctiores,
667 1508 688 1560 a
800 1503 894 1562 turae
910 1477 1181 1572 observatores
1196 1484 1364 1566 acutiori
1383 1480 1531 1595 praediti
1547 1487 1601 1568 in·

172 1597 305 1708 genio.
340 1595 444 1677 Satis
479 1595 554 1676 erit
585 1588 700 1679 nobis
734 1591 883 1676 fidum
905 1590 1038 1676 causas
1070 1590 1304 1676 morborum
1339 1619 1602 1688 cutaneorum

173 1711 312 1817 exequi
327 1706 404 1789 fuit
425 1706 599 1809 animus,
618 1702 776 1788 licuerit
794 1702 986 1788 ambitum
1001 1707 1189 1788 harumce
1207 1707 1408 1792 causarum
1423 1707 1470 1790 ad
1485 1735 1601 1821 prac-

171 1823 288 1902 ticam
313 1817 561 1932 diligentiam
579 1821 633 1900 ita
656 1816 1015 1932 circumscripstlle,
1047 1844 1091 1901 ut
1111 1815 1210 1902 nihil
1231 1819 1492 1933 pratervisum
1511 1820 1600 1904 fue-

172 1935 229 2016 rit.
237 1932 362 2015 Nunc
377 1927 854 2040 antequamindicationes
869 1935 1059 2016 curarivas
1070 1930 1366 2044 prosequamur,
1378 1931 1597 2044 diagnosrm

174 2040 279 2127 srmul
300 2052 342 2129 bt
363 2045 592 2157 prognosrm
611 2039 868 2136 universalem
881 2043 1112 2150 statuamus,
1130 2042 1235 2127 unde
1251 2041 1299 2125 ab
1321 2042 1429 2136 hisce
1445 2047 1596 2130 institu-

175 2161 216 2240 tis
241 2156 336 2240 dum
360 2152 511 2269 singula
529 2151 775 2238 meabimus
797 2151 1030 2238 morborum
1053 2183 1199 2269 genera
1226 2155 1436 2262 historice,
1463 2159 1599 2242 omnia

177 2271 290 2355 fluant
314 2267 479 2386 sponte,
501 2294 577 2360 nec
601 2270 747 2358 morari
761 2295 952 2384 cogamur
968 2272 1010 2358 in
1035 2264 1222 2382 cujusque
1236 2263 1372 2358 nutari
1386 2265 1596 2362 statuendi.

178 2534 1601 2619 m

568 2763 964 2866 CAPUT
1052 2765 1194 2870 ΙΙΙ.

197 3024 264 3124 De
298 3013 556 3122 Semeiott'cci
589 3007 814 3125 cuanedt
845 3007 937 3149 fiae
976 3009 1224 3156 Diugnofis
1256 3015 1301 3125 Cf
1337 3007 1580 3152 Prognofit

578 3195 838 3296 Morborum
873 3229 1170 3302 carantocum.

402 3465 911 3562 ARTICULUS
978 3463 1325 3563 PRIMUS.
1478 3507 1484 3526 ·

562 3815 572 3830 Ι
615 3697 683 3785 De
706 3693 835 3816 Signis
858 3689 1108 3818 diugaqssitis,

174 3877 528 4039 Monoleum
563 3980 823 4038 cutaneorum
859 3953 1078 4064 diagnosrm
1110 3951 1327 4034 accuratius
1363 3948 1596 4062 pertractare

172 4067 299 4152 forsan
320 4063 518 4150 videbitur
543 4065 711 4172 inutile,
739 4071 831 4151 cum
860 4070 953 4149 ii&
981 4092 1050 4176 per
1075 4063 1115 4150 se
1165 4086 1295 4145 ateant
1320 4057 1449 4142 oculis
1460 4119 1476 4161 ,
1498 4055 1592 4143 ditm

173 4180 266 4264 fade
282 4183 409 4266 cutim
425 4177 659 4294 deturpant,
681 4207 755 4265 nec
776 4179 918 4293 possint
935 4173 1019 4258 aliia
1034 4236 1049 4281 ,
1066 4202 1117 4268 ne
1145 4203 1214 4262 um
1228 4168 1319 4276 stbi,
1338 4167 1592 4278 diffimulari,

173 4319 239 4374 aut
248 4291 440 4378 Medicos
453 4287 601 4378 fallere.
621 4293 771 4376 Verum
790 4301 835 4378 ut
851 4295 894 4380 in
907 4284 1055 4378 scholis
1075 4286 1312 4396 distinguunt
1326 4278 1482 4387 morbi,
1499 4311 1594 4366 cau·
1671 4295 1674 4304 “

172 4403 241 4510 sa,
256 4430 374 4514 atque
395 4403 418 4492 s
438 4405 664 4516 mptomatis
685 4401 922 4514 diagnosrm,
942 4403 996 4483 ita
1011 4427 1085 4482 noa
1111 4394 1133 4478 it
1154 4396 1270 4510 signis
1285 4421 1461 4478 naturam
1477 4423 1594 4505 atque

172 4516 306 4600 causas
321 4433 453 4604 morbi
473 4514 657 4598 hariolari
674 4511 870 4598 debemus
882 4575 896 4621 ,
918 4510 1083 4596 latentes
1107 4537 1223 4620 atque
1248 4511 1497 4592 imminentes
1521 4506 1592 4591 de·-

172 4653 333 4738 tegere,
356 4656 432 4714 nec
455 4631 582 4711 minias
603 4627 744 4712 sunmi
767 4627 820 4710 est
843 4628 885 4711 in
904 4649 984 4709 arte
1007 4625 1200 4708 momenti
1230 4623 1252 4704 ὲ
1281 4621 1593 4732 symptomaticit

174 4740 398 4826 discernere
417 4768 489 4826 eos
506 4744 573 4852 qui
590 4742 718 4826 critici
735 4738 823 4833 sunt
840 4737 881 4822 bt
903 4739 1039 4821 vocari
1066 4732 1224 4820 debent.

201 4851 368 4942 ·Primae
397 4853 479 4946 sese
504 4849 622 4938 nobis
650 4851 922 4978 pertraslandae
948 4849 1121 4939 offerunt
1142 4841 1297 4962 pustula
1305 4871 1485 5044 Iguarum
1510 4837 1592 4930 aliar
