4188 5916
656 359 696 449 C
726 363 765 452 U
792 362 833 452 T
863 365 903 472 Α
931 365 975 454 N
1007 364 1093 456 ΕΙ
1132 368 1175 456 S.
1552 393 1637 489 '373

198 523 409 646 neptem,
424 525 476 612 de
488 505 708 615 mutatione
717 527 890 645 pilorum
900 592 916 639 ‚
935 559 1019 644 quae
1032 529 1190 648 poliunt
1202 527 1450 667 contingere,
1464 536 1637 628 etiamin

200 637 540 732 combustionibus
552 642 881 752 accidentalibus,
896 643 1037 756 quibus
1047 647 1172 758 potest
1183 651 1310 730 rursus
1322 649 1498 735 incidere
1507 649 1636 766 lepra;

198 764 254 846 ita
272 781 317 838 ut
333 781 408 837 nec
427 749 634 861 calvities,
656 785 732 841 nec
749 755 906 842 macula
924 755 1062 844 lucens
1084 762 1126 843 in
1146 785 1237 842 cute
1250 761 1394 871 polsmt
1408 762 1544 850 haberi
1560 800 1634 882 pro

36 925 59 962 Α,
195 866 334 985 lepti,
358 864 426 950 sed
449 865 530 950 duo
550 872 707 952 tantum·
726 870 832 984 signa
857 868 1063 956 admittant
1085 871 1332 980 sacerdotes,
1356 881 1456 962 cutis
1475 880 1634 995 depres-¹

196 987 372 1085 saonem,
399 987 442 1064 ὃ(
464 977 638 1094 pilorum
663 987 949 1091 mutationem,
976 983 1117 1095 quibus
1144 986 1322 1074 addenda
1345 997 1398 1076 est
1421 993 1563 1090 laevitas
1592 1013 1635 1089 dt

195 1097 332 1203 albor,
358 1090 442 1175 sola
470 1095 632 1204 quidem
654 1092 840 1210 legitimis
859 1096 1092 1186 inducendis
1109 1099 1395 1214 suspicionibus
1421 1137 1509 1225 apta
1521 1174 1536 1220 ,
1564 1115 1634 1204 sed

100 1255 104 1264 ·
195 1239 280 1298 non
303 1207 582 1294 confir-manda
602 1206 672 1292 lui.
1381 1246 1384 1254 Α

251 1327 314 1410 Ex
331 1315 406 1408 hic
425 1318 734 1433 symptomatum
748 1326 995 1438 expositione
1013 1322 1077 1408 Cl.
1094 1325 1218 1412 Mead
1232 1336 1281 1432 (a)
1298 1330 1392 1420 duas
1408 1334 1485 1422 elle
1501 1340 1630 1430 distin·
1662 1353 1667 1364 '

253 1436 373 1524 endas
400 1430 526 1545 leprae·
544 1433 694 1548 species
722 1463 864 1550 putat3
892 1440 989 1521 mihi
1014 1439 1112 1522 verb
1132 1439 1323 1528 videntur
1341 1474 1510 1557 quatuor
1530 1451 1633 1544 bene
1721 1463 1723 1470 ‘

225 1553 375 1638 'stinuae
396 1543 512 1658 leprae
534 1545 759 1634 differentia
786 1549 808 1634 a
830 1551 942 1638 sacro
964 1554 1123 1636 audiore
1142 1553 1319 1640 admissa.
1345 1557 1524 1648 Alteram
1546 1575 1631 1656 uni·

193 1667 386 1750 versalem
402 1658 612 1771 squammis
632 1669 674 1746 bt
691 1661 904 1748 surfiuibus
919 1664 1142 1771 horridam,
1163 1665 1230 1750 sed
1243 1666 1351 1754 nulla
1369 1701 1508 1787 praeter
1527 1687 1628 1768 cutis

193 1775 443 1893 superficiem
470 1774 565 1858 vitia
592 1774 887 1890 proferentem,
915 1805 1033 1887 quam
1058 1778 1246 1862 mundam
1268 1779 1418 1896 lepram
1439 1789 1627 1882 vocat&
1715 1811 1717 1825 ⁴

193 1897 235 1979 in
252 1893 329 2004 qui
348 1891 530 1975 homines
549 1885 597 1972 ab
613 1885 783 1973 aliorum
800 1888 1004 1975 consortio
1019 1918 1102 1974 non
1116 1889 1410 2005 segregarentur
1429 1931 1441 1998 3
1464 1901 1628 1992 alteram

192 2002 476 2110 universalem,
493 2002 558 2088 sed
573 1999 818 2108 ulcerosam,
833 2031 1019 2117 gravem,
1041 1999 1154 2088 altilis
1167 2032 1459 2120 penetrantem,
1473 2019 1514 2098 in
1528 2018 1625 2129 qul,

191 2149 238 2210 ut
250 2117 332 2228 ejus
342 2116 473 2206 verbis
488 2141 594 2224 utar,
610 2146 706 2201 caro
720 2118 811 2200 viva
824 2114 1045 2230 apparebat.
1061 2113 1171 2200 Tum
1183 2118 1280 2202 verb
1295 2120 1390 2207 duas
1407 2127 1625 2239 peculiares

190 2238 334 2352 pariter
349 2233 548 2338 admittit,
571 2229 731 2316 alteram
746 2229 968 2314 ulcerosam
981 2230 1144 2342 pariter,
1165 2229 1232 2316 sed
1249 2258 1333 2342 quae
1346 2238 1449 2321 hanc
1464 2239 1624 2334 illamve
1730 2301 1733 2308 ι

217 2375 342 2436 artem
355 2344 498 2430 intabls
511 2341 661 2454 reliqui
676 2369 768 2427 cute
780 2361 1022 2456 occuparet;
1039 2339 1200 2426 alteram
1215 2342 1472 2435 solummodo
1485 2385 1623 2441 macu-
1696 2351 1701 2358 ’

188 2381 316 2548 iosam
338 2491 422 2572 qua
441 2458 652 2542 adhereret
669 2458 763 2540 huic
785 2453 895 2542 illive
914 2458 1035 2570 parri,
1060 2452 1174 2539 nullo
1194 2455 1329 2544 ulcere
1346 2462 1372 2543 s
1391 2466 1621 2580 edlandam,

188 2575 257 2662 sed
277 2571 523 2688 depressione
543 2573 644 2656 cutis
663 2576 706 2653 dt
725 2571 945 2654 mutatione
962 2566 1136 2682 pilorum
1153 2566 1315 2656 foedam.
1378 2605 1403 2656 x
1422 2577 1482 2662 his
1499 2587 1622 2693 porri)

189 2689 350 2774 evidens
372 2680 632 2784 est·morbum
653 2683 761 2767 hunc
785 2680 915 2764 sormi
934 2679 1094 2791 quidem
1119 2679 1314 2765 diversum
1336 2692 1527 2798 omniub,
1555 2695 1622 2782 sed
1776 2685 1785 2692 ⁵

189 2799 347 2888 essentiis
366 2806 408 2883 bt
427 2793 564 2881 naturai
581 2795 734 2908 semper
753 2793 939 2882 eumdem
957 2793 1081 2878 fuisse.
1107 2792 1226 2906 Apud
1245 2800 1446 2884 sudorem
1468 2803 1621 2892 sacrum

188 2915 239 3002 de
253 2909 501 3000 immunditia
520 2915 673 2997 tantum
686 2909 838 2992 mentio
853 2908 920 3011 fit,
939 2905 1007 2992 sed
1024 2933 1099 2990 nec
1114 2905 1164 3006 de
1182 2912 1355 3019 pruritu,
1378 2935 1453 3015 nec
1470 2916 1520 3001 de
1533 2919 1621 3008 aliis

187 3025 386 3140 quibusvis
398 3020 802 3129 accidentibus,imb,
815 3018 911 3105 licet
920 3016 1048 3133 longo
1063 3045 1244 3132 tempore
1254 3019 1363 3108 labes
1376 3023 1444 3109 illa
1455 3031 1617 3140 vixerit,

187 3149 231 3226 dt
247 3140 433 3225 diuturno
451 3136 693 3222 damnaverit
706 3135 866 3220 affeuos
880 3130 1027 3237 exilio,
1049 3157 1183 3216 tamen
1194 3134 1326 3249 saepiits
1341 3136 1439 3222 sacri
1455 3145 1619 3232 codices

134 3357 137 3362 Ι
186 3253 238 3339 de
255 3251 364 3367 lepti
382 3279 567 3362 tanquam
582 3246 768 3334 mundati
787 3272 905 3357 atque
922 3243 1051 3329 sanati
1070 3242 1310 3359 loquuntur,
1333 3251 1411 3334 slve
1428 3253 1478 3338 de
1494 3261 1618 3344 medi-

185 3364 276 3452 cinit
291 3362 530 3451 observanda
550 3361 744 3447 silentium
760 3362 981 3465 tenuerint,
1002 3384 1188 3468 tanquam
1209 3359 1259 3444 de
1278 3363 1385 3446 read
1404 3365 1617 3481 religiones

183 3509 268 3564 non
281 3482 499 3592 pertinente
519 3511 531 3579 ;
553 3479 631 3562 srve
645 3473 764 3558 solius
778 3499 921 3558 naturae
932 3469 1081 3556 viribus
1096 3471 1306 3558 commissa
1317 3473 1615 3590 depurationem

183 3591 382 3678 admiserit
397 3591 485 3699 illa,
503 3588 615 3702 quod
628 3587 735 3672 certe
750 3586 830 3672 dici
848 3613 932 3667 non
979 3586 1076 3668 otest
1093 3583 1143 3668 de
1156 3585 1318 3668 vestium
1338 3615 1454 3700 atque
1468 3593 1614 3680 domo-

182 3733 274 3789 rum
289 3701 395 3818 leprfi
409 3706 471 3808 (b)
491 3697 646 3814 qububi
662 3701 934 3784 contanuatae
992 3701 1093 3782 erint
1101 3757 1117 3804 ,
1136 3694 1212 3782 illae
1234 3698 1533 3813 comburenda,
1554 3711 1613 3792 hs

181 3817 379 3904 diruenda
397 3843 520 3902 erant.
1064 3895 1071 3907 .

236 3927 359 4014 Certe
375 3932 402 4014 st
412 3995 425 4037 ,
444 3958 489 4016 ut
503 3926 568 4013 Cl.
584 3925 681 4010 Ric.
698 3921 821 4008 Mead
836 3928 883 4029 (c)
894 3919 1025 4010 voluit
1035 3986 1049 4031 ,
1069 3925 1163 4010 huic
1182 3923 1205 4010 ὲ
1223 3922 1386 4011 levitico
1404 3928 1621 4046 desumpta,

180 4041 436 4158 descriptioni
463 4070 510 4130 ea
537 4037 840 4148 addideris·quae
863 4035 915 4124 C.
940 4036 1152 4124 Cornelius
1181 4037 1320 4122 Celsus
1347 4037 1398 4122 de
1420 4040 1614 4158 vitiligine

178 4156 349 4271 scripsrt,
363 4155 479 4242 facile
492 4151 644 4242 videbis
655 4157 842 4262 quantiam
859 4153 960 4236 inter
969 4152 1009 4236 se
1023 4153 1236 4236 conveniat
1246 4175 1410 4262 uterque
1425 4153 1610 4266 morbus,

177 4271 233 4356 ita
246 4295 292 4354 ut
304 4267 415 4384 lepra
426 4267 710 4369 Hebraeorum,
723 4264 958 4348 Graecorum
969 4283 1100 4367 anuos,
1118 4262 1184 4344 seu
1195 4259 1351 4376 vitiligo
1364 4264 1475 4352 fuisse
1484 4267 1610 4356 videa.

178 4371 1610 4493 tur‚nis1quodcaroapparens,&sanguisexvitiliginosimaculiexient

178 4499 376 4609 optimum
397 4497 444 4580 stt
459 4496 613 4610 signum
629 4493 676 4616 ¹in
695 4485 816 4600 alpho
825 4548 841 4595 ,
860 4485 1010 4572 malum
1030 4487 1126 4576 verb
1141 4489 1183 4572 in
1195 4485 1458 4578 Hebraeorum
1478 4493 1611 4611 lepr2i5

209 4661 279 4764 (a)
306 4685 380 4746 Med.
405 4683 501 4746 Sacra.

74 4782 82 4802 ·
216 4764 275 4840 (b)
300 4765 369 4848 Cap.
390 4785 439 4837 14.

125 4876 133 4895 ·
215 4851 274 4926 (c)
295 4847 405 4912 Medica
420 4847 522 4920 Sacra,
541 4865 605 4928 cap.
621 4844 655 4906 de
674 4841 770 4926 Lepti.
