4186 5908
647 377 1134 469 curnusrs
1536 423 1613 500 „2

170 541 378 664 depingit,
402 567 450 629 ea
472 563 605 630 tamen
629 569 705 630 nec
733 543 918 634 Meadius
940 553 1007 654 (n)
1026 545 1130 664 ipse,
1149 549 1228 634 'n'ec
1253 545 1320 633 alii
1342 545 1616 642 observatores

171 654 304 776 posted
328 655 369 744 se
388 653 525 742 vidisse
544 655 722 743 asserunt.

223 776 436 878 Attamen,
464 767 563 854 licet
581 801 664 858 non
687 770 768 859 visa
787 795 933 886 negare
953 770 1133 883 injustum
1154 773 1224 879 stt,
1249 771 1503 890 pluribusque
1529 775 1615 864 sca·

172 881 252 970 biei
277 882 426 972 cafibus
456 885 539 968 haec
565 887 619 996 hy
648 885 791 970 othesrs
819 885 1149 998 correspondeat,
1173 886 1377 973 fatendum
1400 915 1533 976 tamen
1561 895 1615 976 est

173 1028 255 1082 non
269 1025 410 1083 omnes
423 993 568 1082 scabiei
579 915 740 1090 assessus
754 1026 872 1110 atque
883 1003 1153 1114 phoenomena
1166 998 1254 1085 satis
1268 998 1480 1114 explanari,
1478 1003 1614 1154 posui

174 1107 368 1224 epidemist
385 1107 621 1202 verminosis.
644 1111 804 1197 Etenim
818 1116 861 1196 in
879 1111 1059 1198 confesso
1080 1116 1133 1196 est
1151 1113 1255 1229 apud
1271 1141 1431 1222 omues,
1456 1147 1470 1198 ι
1499 1177 1509 1202 .
1531 1115 1616 1232 plu·

176 1253 235 1310 tes
255 1223 420 1310 morbos
440 1218 600 1313 febriles
622 1253 691 1341 per
713 1223 887 1312 scabiem
905 1224 1065 1311 tandem
1085 1252 1195 1310 extra
1212 1253 1484 1340 erumpentem
1503 1229 1616 1318 fuiffe

176 1339 344 1422 omnini>
353 1335 591 1532 personatos
603 1400 618 1444 ‚
643 1337 770 1449 eique
796 1343 993 1424 emicante
1017 1338 1281 1454 symptomata
1304 1344 1439 1425 omnia
1464 1345 1615 1428 interna

174 1455 333 1566 prorsus
370 1476 481 1536 anata
501 1449 626 1534 suisse.
652 1451 781 1562 Quod
795 1454 881 1537 sieri
895 1482 979 1537 non
1001 1451 1212 1569 potuisset,
1236 1453 1265 1536 fi
1287 1451 1329 1535 in
1353 1451 1616 1542 soli‘externi

176 1589 268 1649 cute
299 1561 449 1648 scabies
483 1563 652 1649 haesrlset.
697 1564 826 1674 Quod
862 1591 995 1652 autem
1031 1563 1180 1651 scabies
1214 1562 1311 1680 saepe
1346 1565 1616 1681 depuratorius

176 1673 338 1762 morbus
356 1678 401 1760 stt
419 1678 487 1787 qui
504 1677 773 1763 morositatem
794 1676 867 1762 lou
897 1709 923 1765 o
939 1706 1121 1794 tempore
1139 1703 1349 1764 vexantem
1371 1678 1513 1788 tollat,
1531 1711 1619 1766 oms

175 1819 244 1876 nes
264 1789 420 1902 Medici
437 1790 642 1898 viderunt,
663 1819 740 1875 nec
754 1819 820 1876 me
835 1709 964 1875 solum
986 1796 1121 1878 testem
1136 1792 1356 1899 adducam,
1382 1790 1451 1879 sed
1474 1822 1616 1880 omnes

176 1903 258 1991 sere
275 1906 457 1988 omnium
476 1927 633 1988 aratum
653 1901 924 1990 observatores
944 1905 1189 1991 Schenkium
1200 1968 1214 2014 ,
1234 1901 1480 2013 Hildanum,
1497 1905 1617 1992 Rive·

135 2065 138 2074 ·
176 2021 290 2101 rium.
314 2015 372 2098 2⁰.
399 2015 509 2102 Vero
528 2014 673 2102 scabiei
691 2017 960 2132 imprudenter
979 2015 1204 2133 retropulsae
1221 2019 1263 2099 in
1282 2015 1521 2133 pulmones,
1542 2021 1617 2104 vis·

176 2157 348 2240 ceraque
376 2129 537 2214 effeiius
563 2129 750 2214 notissimi
774 2129 888 2238 sunt,
918 2131 1089 2246 &apud
1115 2130 1280 2217 eosdem
1302 2133 1480 2216 audiores
1507 2130 1615 2224 cele-

176 2243 376 2330 bratiffimi
399 2274 411 2343 3
441 2243 649 2350 asthmata,
679 2245 1039 2352 inflammationes,
1067 2242 1197 2329 febres
1223 2240 1319 2325 mali
1347 2247 1468 2329 moris
1495 2274 1617 2361 appo-

176 2361 250 2443 sito
279 2356 433 2444 indusio
460 2353 643 2440 scabioso
677 2357 827 2440 sanatas
851 2355 1045 2442 videmus.
1087 2355 1216 2467 Quod
1244 2354 1404 2465 quidem
1435 2358 1616 2468 quotidie
1748 2383 1752 2389 ’

177 2473 217 2554 in
236 2496 385 2580 magno
401 2465 600 2554 Parifienst
615 2469 856 2553 nosocomio
877 2465 1105 2554 observatur
1122 2471 1163 2552 in
1180 2497 1263 2580 quo
1281 2493 1491 2581 perpetuus
1506 2495 1616 2585 repe·

178 2586 273 2669 ritur
298 2578 444 2666 scabiei
476 2587 705 2694 proventus.
751 2577 806 2687 3⁰.
838 2581 949 2666 Veri>
978 2579 1027 2665 ab
1059 2581 1200 2667 inserti
1233 2607 1303 2694 per
1334 2577 1618 2668 inoculationis

177 2697 200 2782 s
219 2699 349 2784 eciem
374 2695 648 2804 novamintra
668 2692 758 2778 vasa
782 2692 994 2806 sanguinea
1014 2693 1145 2780 scabie
1169 2689 1301 2776 morbi
1325 2695 1468 2776 interni
1490 2694 1616 2778 saevis-

177 2727 285 2917 sm,
314 2805 440 2920 qualis
457 2809 510 2890 esi
527 2808 656 2890 mania
677 2803 996 2914 melancholica,
1016 2806 1136 2891 sanati
1154 2805 1263 2912 sunt,
1286 2805 1379 2888 reste
1397 2803 1615 2894 MerklinO.

180 2922 282 3034 Quae
309 2923 444 3006 omnia
469 2915 492 3004 ‘a
516 2916 662 3040 morbo
688 2946 808 3041 quem
834 2918 1029 3116 inducupt
1055 2919 1197 3005 insessa
1218 2913 1393 3033 pendere
1422 2948 1503 3002 non
1527 2919 1617 3035 pos⁴

181 3035 270 3120 sunt
282 3099 295 3143 ,
316 3034 383 3120 sed
398 3033 421 3117 *a
435 3034 578 3118 fomite
592 3035 680 3143 qui,
704 3034 799 3120 ditm
816 3035 918 3116 intra
931 3062 982 3117 va
999 3034 1203 3118 acircuitu
1249 3032 1383 3116 erenni
1402 3029 1614 3146 abripitur,
1674 3115 1676 3122 .

180 3149 403 3234 sundiones
419 3145 552 3252 ledit,
576 3145 726 3232 viscera
747 3145 888 3258 crispat
907 3151 946 3228 br
965 3148 1006 3228 in
1021 3145 1192 3262 spasmos
1211 3061 1431 3227 sevissimos
1448 3141 1614 3260 abripit,

181 3259 368 3349 morbum
400 3262 577 3372 quemvis
603 3263 872 3359 mentientes3
903 3255 972 3340 ubi
995 3263 1122 3344 rursus
1153 3257 1203 3342 ad
1239 3283 1373 3340 cutem
1404 3245 1615 3389 dep'onitut

180 3377 331 3494 'pruritu
349 3375 505 3461 enormi
522 3373 631 3486 angit
643 3433 658 3480 ,
684 3396 874 3486 torquet,
896 3376 1120 3479 excruciat,
1148 3365 1290 3454 intasii
1314 3367 1491 3481 alioquin
1514 3369 1615 3454 sani·

180 3517 260 3578 tate
285 3515 476 3572 intertorr.

227 3604 271 3688 si
284 3630 382 3716 ergo
398 3597 513 3684 aliam
524 3595 670 3682 scabiei
681 3594 836 3682 causam
847 3595 1089 3682 efficientem
1099 3619 1269 3709 quarere
1279 3595 1332 3678 esi
1344 3597 1510 3700 animus,
1526 3619 1614 3678 eam
1750 3660 1754 3669 .

184 3716 292 3804 certe
303 3718 344 3798 in
358 3708 578 3798 acrimoniis
590 3707 735 3794 scabiei
744 3705 929 3823 specisci
942 3709 1181 3822 reperiemus
1192 3709 1400 3817 quae,dirm
1414 3707 1500 3792 sero
1515 3704 1614 3790 salso

186 3839 226 3918 br
242 3833 323 3915 acri
341 3826 480 3913 insrdet
490 3887 504 3933 ,
521 3824 770 3908 muiatieum
787 3820 883 3934 quid
902 3820 952 3904 ad
965 3822 1116 3936 gustum
1134 3819 1290 3906 viderur
1308 3818 1508 3925 obtinere,
1532 3848 1616 3912 non

186 3943 345 4058 quidem
361 3936 551 4045 volatile,
571 3935 638 4022 sed
651 3962 786 4022 tamen
799 3931 927 4020 odore
947 3932 1145 4021 imbutum
1165 3933 1377 4050 specifico,
1397 3931 1616 4062 penetranti

186 4066 225 4144 br
247 4054 498 4170 contagioso.
521 4050 609 4167 Ipsa
628 4051 728 4136 cutis
751 4047 930 4165 asperitas
951 4049 1041 4136 satis
1060 4049 1234 4163 designat
1252 4071 1379 4158 partes
1399 4041 1484 4126 illas
1504 4072 1612 4131 acres

186 4169 388 4260 vellicanti
406 4168 544 4255 donari
565 4163 645 4250 sale
666 4191 786 4275 quem
804 4193 944 4250 mucus
964 4162 1155 4253 inviscare
1170 4184 1288 4351 attppe
1306 4155 1454 4241 irretire
1476 4161 1613 4270 potest.

187 4285 267 4372 Sed
281 4281 379 4368 licet
392 4285 461 4366 has
478 4277 682 4392 qualitates
702 4273 903 4363 evidenter
921 4281 962 4360 in
980 4301 1138 4361 veneno
1159 4269 1222 4354 sca
1251 4268 1337 4353 ioso
1355 4272 1613 4383 reperiamus,

187 4428 268 4486 non
295 4425 388 4483 eum
413 4421 545 4482 tamen
572 4393 627 4476 ita
654 4393 861 4504 cognitum
886 4387 1098 4472 fatebimur
1120 4409 1164 4468 ut
1189 4383 1307 4498 possit
1327 4386 1420 4468 huic
1441 4384 1615 4468 acredini

188 4515 211 4600 s
255 4510 372 4598 cilice
400 4507 558 4593 adversa
591 4509 633 4598 br
669 4502 846 4617 opposita
878 4498 1077 4584 medicina
1110 4498 1163 4581 stc
1195 4497 1328 4584 offerri
1360 4521 1404 4580 ut
1438 4499 1615 4608 protinirs

216 4621 421 4713 ebelletur.
459 4621 560 4704 Satis
593 4617 647 4702 est
676 4642 720 4701 ut
750 4612 867 4729 possit
895 4639 967 4730 per
998 4605 1228 4700 universalia
1255 4609 1446 4696 acredinis
1474 4607 1615 4694 delini·

189 4763 319 4826 menta
344 4732 524 4821 obtundi.

228 4881 293 4959 (a)
316 4875 427 4940 silonita
444 4879 472 4934 ει
489 4885 620 4954 precepta
638 4862 718 4929 Med.
738 4879 799 4944 cap.
821 4880 865 4942 ¹3·
