4292 5904
509 368 591 446 612
956 347 1066 436 DE
1132 347 1498 437 MORBIS

515 518 659 634 gressus
671 517 800 622 idem,
821 541 895 598 nec
914 511 997 598 sors
1010 512 1148 598 eadem
1160 545 1173 615 3
1187 513 1351 630 quippe,
1367 512 1465 599 licdt
1480 510 1693 624 aliquandi)
1708 508 1941 619 retardetur,

510 630 747 748 plerumque
773 655 934 712 acutum
960 630 1001 709 in
1024 655 1177 710 morem
1204 627 1354 740 incedit
1403 627 1505 732 lic'a,
1536 623 1807 734 torfionesque
1831 629 1944 710 vehe-

514 745 781 850 mentiffimae,
805 743 885 824 sme
908 737 988 824 ullis
1009 736 1084 824 alib
1104 740 1350 823 fundionum
1370 658 1544 824 liedentis
1572 737 1693 822 causae
1722 737 1942 850 presentis,

517 856 702 943 morbum
731 856 837 936 hunc
863 854 1129 968 pronuntiant.
1162 852 1304 962 Quid,
1331 854 1360 935 st
1385 877 1536 966 ungues
1557 857 1597 936 dt
1620 849 1880 956 indurentur,
1906 859 1942 934 bt

517 974 559 1055 in
582 997 708 1054 cornu
727 964 868 1050 abeant
890 974 933 1050 bt
948 963 1184 1078 elongentur
1205 971 1219 1049 l
1240 961 1417 1050 Adde&
1438 966 1617 1048 omnium
1638 965 1847 1048 communi
1867 990 1943 1047 me·

510 1081 648 1167 ·thodo
666 1075 933 1164 adhibitorum
955 1078 1336 1163 medicamentorum
1358 1073 1594 1163 vanitatem.¹

511 1221 515 1264 1
570 1194 720 1278 Verum
746 1189 1014 1276 dubitantibus
1038 1189 1087 1275 de
1102 1187 1230 1306 lplicae
1258 1189 1457 1276 existentiis
1477 1187 1624 1273 Poloni
1655 1187 1771 1273 aliam
1795 1187 1946 1300 dignos-

519 1305 637 1391 cendi
659 1305 893 1388 methodum
912 1303 1153 1413 obtrudunt,
1171 1333 1311 1388 vanam
1325 1304 1485 1414 quidem
1504 1302 1692 1387 forsan&
1712 1303 1945 1416 superstitio·

518 1419 627 1523 sam,
649 1417 715 1502 sed
730 1416 972 1502 referendam
986 1445 1130 1504 tamen.
1159 1417 1305 1502 Ceram
1323 1420 1564 1530 virgineam,
1580 1414 1648 1500 seu
1669 1413 1800 1498 albam
1821 1412 1947 1498 oculis

512 1530 749 1646 applicant,
775 1561 868 1613 curn
895 1528 963 1613 tali
992 1533 1275 1644 prognostico,
1306 1528 1416 1640 qubd
1439 1531 1467 1612 sr
1487 1531 1571 1643 post
1591 1528 1744 1639 aliquot
1770 1530 1888 1610 horas
1908 1530 1949 1612 in

521 1641 612 1728 cerd
643 1645 770 1727 crines
803 1648 1049 1758 apparuerint
1062 1705 1076 1750 ‚
1111 1640 1212 1727 illud
1242 1643 1494 1728 certissimum
1526 1644 1677 1754 signum
1710 1637 1823 1754 plicat
1855 1669 1947 1722 mox

519 1782 710 1871 eruptura
722 1757 836 1857 fore3'
854 1759 992 1841 sivero
1005 1783 1095 1840 cera
1109 1751 1280 1840 crinibus
1299 1758 1487 1861 caruerit,
1501 1751 1576 1836 alia
1590 1756 1642 1837 esi
1657 1750 1788 1836 morbi
1805 1781 1948 1836 natura.

508 1867 621 1956 uraec
647 1870 806 1977 quidem
834 1872 967 1953 omnia
988 1867 1075 1953 susle
1097 1871 1274 1952 audores
1296 1865 1472 1973 Poloni,
1498 1875 1541 1950 dt
1561 1867 1677 1950 fusrbs
1696 1865 1826 1948 adhuc
1850 1864 1949 1948 Her·

521 1979 632 2062 cules
666 1981 839 2063 Saxonia
862 1985 930 2088 qui
955 2011 1049 2063 cum
1073 1978 1249 2094 pluribus
1272 1980 1446 2065 Medicis
1460 1980 1663 2063 'Patavinis
1681 1977 1847 2060 summat
1869 1980 1948 2086 qui·

521 2091 613 2176 dem
638 2090 749 2174 samae
771 2100 814 2176 bt
834 2091 956 2203 usque
971 2091 1099 2174 adhuc
1114 2095 1288 2196 vivacis,
1315 2091 1478 2206 longam
1503 2089 1856 2192 consultationem,
1882 2091 1946 2174 seu

517 2205 652 2316 potius
678 2200 822 2286 librum
849 2207 1046 2316 integrum
1069 2205 1119 2288 de
1141 2202 1245 2318 plica
1267 2205 1341 2287 scn'
1371 2207 1441 2310 stt,
1471 2204 1688 2316 diagnosrm
1702 2201 1726 2308 ,’
1746 2201 1874 2286 causas
1900 2209 1941 2284 bt

511 2311 655 2418 morbi
680 2322 722 2399 dt
753 2315 1086 2432 symptomatum,
1114 2319 1199 2399 imb
1226 2324 1267 2400 dt
1289 2235 1409 2431 ipsbm
1437 2321 1684 2400 curationem
1714 2315 1945 2428 persecutus.

517 2429 733 2512 Venenum
767 2428 919 2514 scilicet
957 2455 1139 2543 reputans
1172 2427 1371 2544 peculiare
1403 2434 1445 2514 in
1479 2427 1645 2544 capillos
1673 2428 1850 2513 defluens
1878 2457 1949 2540 pro

523 2537 640 2623 causa
665 2539 795 2623 morbi
822 2542 1070 2652 quarendum
1097 2544 1187 2627 elle.

513 2715 517 2722 .
581 2650 681 2735 Haec
715 2654 876 2762 quidem
909 2659 1042 2738 omnia
1076 2654 1124 2737 ab
1159 2656 1344 2741 omnibus
1385 2657 1493 2767 aqud
1534 2653 1757 2740 custoribus
1795 2651 1952 2738 admissa

520 2765 702 2873 fuerant,
718 2763 926 2878 nullusque
945 2765 1076 2850 morbi
1089 2771 1328 2853 existentiam
1342 2797 1484 2882 negare
1499 2769 1609 2853 ausus
1621 2794 1728 2873 erat,
1748 2793 1952 2876 quantum·

515 2879 581 2960 uis
601 2879 701 2961 inter
722 2877 762 2962 se
779 2878 839 2962 illi
855 2883 898 2962 in
918 2879 1223 2995 symptomatum
1237 2886 1483 2967 enarratione
1498 2881 1698 2966 differrent
1714 2879 1952 2985 admodum,

515 2996 566 3071 ·&
593 2995 818 3100 omnesqui
841 2992 1027 3076 morbum
1054 2992 1286 3078 observandi
1307 2996 1559 3078 occasionem
1585 2997 1686 3078 naui
1704 3022 1791 3076 non
1818 3021 1952 3098 erant,

520 3098 859 3188 subodorabamur
877 3105 973 3214 quid
992 3107 1235 3220 superstitiosi
1255 3137 1348 3192 cum
1365 3111 1468 3193 veris
1490 3105 1833 3192 observationibus
1853 3110 1954 3191 mirt-

521 3237 608 3294 rum
623 3213 700 3297 elle
709 3274 725 3319 ,
748 3219 839 3296 clrm
859 3221 918 3299 vir
936 3222 1124 3301 emunda
1141 3223 1247 3304 naris
1259 3219 1499 3306 Guill'elmus
1517 3219 1711 3304 Davilson
1727 3225 1791 3325 (o)
1810 3217 1955 3304 nobilis

519 3324 671 3407 Scotus
681 3386 695 3431 ‚
716 3326 1024 3411 Christianiffimi
1043 3331 1169 3443 Regis
1184 3333 1394 3437 Medicus,
1413 3342 1454 3417 ὅ(
1469 3335 1577 3420 horti
1591 3334 1714 3447 Regii
1733 3330 1953 3448 plantarum

521 3435 736 3522 Parisrensra
758 3437 858 3523 olim
879 3445 1035 3551 custos,
1059 3443 1189 3556 postea
1208 3471 1339 3529 autem
1361 3448 1486 3560 Regis
1506 3443 1766 3530 Poloniamm
1790 3447 1954 3530 Archia-

444 3579 449 3586 ·
520 3574 607 3655 ter,
629 3549 739 3664 plicae
763 3556 1004 3639 existentiam
1023 3560 1182 3670 negavit
1202 3562 1389 3665 omnino,
1411 3561 1567 3670 risitque
1587 3561 1693 3669 quast
1712 3557 1819 3644 anile
1840 3588 1953 3642 corn-

522 3687 701 3746 mentum
728 3665 838 3773 quod
862 3669 1027 3751 nimium
1050 3673 1241 3784 patienter
1267 3669 1289 3754 al
1320 3670 1437 3786 plebe
1465 3672 1621 3756 Medici
1652 3673 1769 3758 nimis
1800 3671 1954 3758 creduli

521 3799 771 3886 exceperant.
798 3777 845 3861 Id
870 3779 939 3862 sub
966 3785 1130 3866 nomine
1147 3783 1409 3896 Theophrasti
1422 3786 1588 3869 veridici
1608 3785 1725 3870 Scoti
1747 3788 1791 3868 in
1811 3783 1956 3868 libello

522 3913 641 3994 quem
668 3885 924 4000 plicomastyx
949 3897 1087 3977 vocari
1115 3893 1273 4002 voluit,
1304 3900 1412 3980 &in
1440 3899 1746 3985 commentariis.
1762 3895 1813 3982 ad
1847 3897 1954 3982 Petri

520 3999 699 4082 Severini
723 3999 831 4084 Dani
853 4002 990 4089 idaeam
1014 4006 1226 4090 Medicinae
1252 4006 1540 4125 Philosophicae
1571 4010 1656 4116 (b),
1689 4013 1775 4124 post
1804 4008 1956 4124 septem

520 4137 715 4196 annorum
737 4114 778 4194 in
802 4113 971 4200 Polonid
992 4124 1375 4228 commorationem,
1396 4123 1591 4207 adstruxit.
1612 4122 1811 4208 Adversus
1837 4121 1955 4206 illum

520 4225 663 4414 pqriter
685 4247 825 4310 omnes
847 4258 930 4311 uno
951 4258 1021 4342 ore
1043 4230 1189 4316 Poloni
1209 4229 1519 4341 insurrexerunt,
1540 4232 1720 4341 nobiles,
1743 4233 1956 4340 mulieres,

572 4334 674 4418 edici
689 4395 703 4440 ,
717 4335 784 4420 sed
799 4343 991 4454 pracipud
1010 4344 1291 4430 Skummovius
1309 4355 1366 4452 (c)
1376 4409 1390 4452 ,
1417 4348 1564 4462 Episco
1591 4379 1637 4430 us
1651 4347 1956 4464 Gratianopoli-

520 4466 632 4528 tanus
669 4453 810 4563 &per
840 4449 969 4536 albam
1004 4455 1181 4540 Ruffiam
1209 4459 1336 4541 Suffra
1366 4489 1498 4546 ancus.
1582 4489 1646 4544 am
1672 4461 1764 4543 clun
1798 4459 1957 4542 dixisset

519 4552 711 4640 Davilson
726 4559 870 4673 plicam
886 4565 965 4650 else
977 4566 1243 4652 voluntarium
1256 4491 1466 4680 morbum,
1487 4603 1568 4684 quo
1584 4597 1692 4657 caret
1707 4573 1955 4682 quicumque

554 4687 572 4842 (s
576 4691 616 4841 213
636 4683 823 4851 {afflixisti
838 4695 963 4761 Veridici
978 4699 1056 4764 Scoti
1071 4703 1268 4790 plicomastyx‚
1282 4705 1401 4790 primdm
1412 4707 1583 4782 albredam,
1595 4701 1688 4792 posted
1704 4701 1847 4780 nauto,
1865 4709 1954 4766 1668.

477 4867 481 4876 ’
555 4855 571 4930 ζ
578 4853 611 4924 c)
633 4845 717 4936 Apud
735 4853 895 4940 Plempiuru.
