4226 5916
515 415 601 512 ψ
956 395 1062 488 DE
1122 393 1174 488 M
1203 393 1246 488 0
1274 401 1318 490 R
1343 397 1377 488 B
1406 399 1485 488 is

520 591 570 650 eir
587 553 796 676 equalibus
810 559 982 680 partibus
998 551 1225 696 praecipitati
1240 563 1345 650 rubri
1364 592 1404 652 at
1431 593 1482 652 ue
1497 559 1678 650 aluminis
1692 545 1787 673 usti',
1811 547 1855 651 &¹
1873 591 1944 683 pro

521 677 710 792 digestivo
745 676 911 791 superim
942 699 1028 759 oriit
1061 671 1307 792 unguentum
1339 677 1414 762 bas
1435 681 1541 763 ’cum
1571 671 1682 785 cujus
1715 682 1784 763 uni
1812 683 1942 764 ‘unciae

519 792 746 904 praecipitati
769 787 875 871 rubri
900 703 1126 872 <hiensium
1152 789 1271 874 addit.
1301 791 1437 900 Quam
1456 790 1617 900 quidem
1636 793 1875 877 methodum
1885 796 1942 875 vir

520 903 709 1005 sincerus,
726 928 800 983 nec
814 898 948 1012 gloria
963 927 1168 1016 appetens,
1186 905 1385 1014 niinquam
1399 897 1572 986 successu
1584 929 1717 986 carere
1731 905 1880 1010 asserit,
1901 911 1941 986 bt

520 1009 859 1098 observationibus
880 1011 1127 1128 comprobat.

575 1127 840 1236 Quantumvis
870 1127 966 1208 verb
999 1126 1185 1238 ipsissimis
1216 1124 1345 1211 verbis
1376 1130 1450 1208 viri
1483 1121 1677 1209 clarissimi
1710 1125 1942 1211 methodum

520 1237 796 1341 retulerimus,
825 1239 926 1321 hanc
955 1251 1086 1320 tamen
1114 1236 1297 1322 omnibus
1321 1243 1449 1322 omnis
1470 1241 1588 1320 atatis
1605 1263 1722 1348 atque
1744 1237 1943 1322 conditio-

519 1354 580 1433 nis
610 1347 836 1432 hominibus
864 1347 1065 1460 aequaliter
1087 1377 1316 1464 competere
1341 1379 1423 1433 nori
1445 1350 1707 1457 crediderim,
1737 1348 1804 1432 sed
1836 1352 1942 1434 certe

520 1465 786 1577 praeparationi
804 1491 928 1572 ¹quam
957 1460 1118 1545 adhibet
1140 1490 1190 1546 ex
1217 1461 1430 1546 aromatici
1451 1469 1493 1544 bc
1520 1461 1645 1546 calidal
1696 1465 1943 1575 imparatione

520 1576 673 1681 sapius,
688 1601 733 1657 ut
747 1578 862 1658 nostri
881 1573 920 1658 se
936 1573 1082 1658 habent
1095 1577 1296 1680 homines,
1315 1577 1625 1689 repugnaverim.
1644 1493 1802 1684 pequid
1816 1579 1943 1659 enimi

522 1685 659 1770 Subest
686 1688 792 1771 certe
815 1687 930 1770 ardor
949 1691 1087 1799 ingens
1104 1696 1145 1770 ὅ(
1166 1691 1266 1770 cutis
1290 1688 1448 1770 durities
1471 1716 1587 1797 quam
1603 1685 1752 1771 balneis
1774 1685 1938 1799 tepidis,

518 1802 757 1913 seinicupiis,
774 1809 815 1883 bt
827 1796 1117 1883 diaetldiluente
1130 1800 1248 1882 velim
1262 1804 1364 1914 priiis
1377 1799 1536 1906 adoriri,
1546 1797 1664 1909 quim
1674 1796 1940 1884 salivationem

460 1913 463 1920 ’
519 1912 742 2026 promiscue
764 1910 959 2026 usurpare.
985 1913 1076 1995 Nec
1100 1913 1187 1995 satis
1210 1917 1328 1996 etiam
1352 1911 1554 1995 fidendum
1572 1911 1727 1996 videtur
1743 1907 1802 1994 illi
1826 1939 1944 2021 quam·

519 2055 594 2136 prae
618 2027 764 2106 ceteris
789 2021 912 2136 elegit
933 2027 1116 2108 mercurii
1141 2022 1266 2136 dulcis
1294 2027 1573 2138 praeparationi.
1599 2024 1755 2108 Certilis
1778 2022 1885 2107 certe
1902 2032 1940 2109 ὅ(

519 2139 638 2220 rutilis
655 2134 875 2220 adhibenda
887 2135 1062 2240 videtur,
1077 2140 1233 2245 quoties
1253 2139 1365 2220 status
1380 2135 1539 2250 prasens
1557 2137 1664 2243 sinit,
1684 2137 1940 2220 Swieteniana

520 2247 732 2332 methodus
767 2252 951 2332 mercurii
984 2245 1179 2332 sublimati
1214 2249 1434 2354 corrosivi,
1470 2248 1684 2332 Suietenio
1713 2246 1873 2358 quidem
1901 2251 1938 2331 in

395 2437 398 2448 .
519 2358 705 2464 similibus
721 2360 869 2445 morbis
887 2359 1016 2444 multb
1036 2365 1255 2470 antiquior,
1276 2360 1342 2444 sed
1361 2358 1410 2442 ab
1423 2360 1508 2474 ipso
1525 2357 1750 2460 celebrata3
1768 2361 1938 2470 quando-

507 2473 679 2581 »quidem
707 2474 832 2588 ipsum
866 2476 968 2556 curis
1004 2475 1145 2556 vitium
1176 2476 1422 2556 inuncllones
1455 2469 1477 2556 h
1511 2469 1690 2587 periculo
1727 2501 1811 2556 non
1849 2471 1940 2555 facit

518 2587 684 2668 omnino
703 2589 908 2670 immunes.
927 2585 1019 2669 Nec
1039 2611 1118 2697 ego
1142 2588 1359 2699 putaverim
1380 2615 1474 2668 cum
1495 2581 1678 2668 omnibus
1701 2584 1783 2668 ferd
1805 2611 1939 2668 recen-

516 2695 683 2781 tioribus
718 2698 891 2782 Medicis
929 2696 1200 2781 salivationem
1237 2699 1302 2781 hic
1338 2727 1412 2812 pro
1447 2696 1655 2781 necessarii
1691 2693 1910 2779 habendam
1923 2755 1939 2801 ,

516 2809 837 2919 quandoquidem
865 2809 945 2923 ipsa
966 2807 1200 2925 pustularum
1227 2813 1380 2895 curatio
1404 2811 1556 2924 signum
1584 2809 1649 2894 hle
1675 2808 1818 2891 sufficit
1837 2807 1940 2892 sana-

515 2925 635 3004 tionis
660 2921 731 3004 ritb
755 2921 1005 3035 procedentis
1025 2922 1289 3006 certissimum.

571 3033 750 3116 Demiim
769 3037 811 3115 iii
834 3031 946 3116 tertii
964 3034 1132 3148 periodo
1160 3033 1273 3117 doses
1293 3032 1525 3148 pratulerim
1550 3031 1730 3117 refraslas
1758 3033 1939 3118 mercurii

516 3142 643 3227 dulcis
667 3173 815 3256 magna
836 3145 1013 3261 aethiopis
1034 3143 1229 3230 niiiieralis
1245 3145 1342 3230 dosi.
1363 3145 1701 3256 Quandoquidem
1722 3145 1937 3229 remedium

514 3253 615 3339 illud
633 3260 717 3338 tiim
732 3259 876 3339 virtute
888 3316 902 3361 ,
927 3261 1011 3340 tiim
1032 3260 1322 3372 compositione
1345 3261 1536 3341 incertum
1565 3260 1640 3364 est,
1666 3284 1742 3340 nec
1768 3283 1939 3370 penetra·

514 3365 606 3451 bile.
638 3365 775 3452 Multo
807 3367 1012 3482 sapientius
1045 3372 1257 3482 nuperrimi
1294 3363 1457 3483 Anglici
1492 3369 1645 3454 Medici
1678 3373 1719 3453 in
1755 3367 1937 3453 similibus

515 3478 665 3565 morbis
694 3476 827 3592 largos
858 3483 1009 3565 haustus
1042 3479 1199 3565 decosli
1232 3480 1425 3565 fortissimi
1462 3480 1484 3564 ὲ
1519 3479 1754 3594 sarslparillli
1773 3485 1937 3596 'aegrotis

513 3596 738 3706 imperitant
744 3653 762 3696 ,„
773 3592 878 3676 unde
892 3623 1035 3707 corpus
1053 3619 1225 3677 mutetur
1240 3593 1392 3698 sensim,
1409 3603 1451 3678 bt
1464 3597 1531 3676 vix
1547 3596 1626 3677 sine
1638 3591 1937 3678 ullaeffetmuin

513 3702 715 3789 violentis.
729 3703 854 3787 Addit
868 3706 933 3788 hic
946 3707 1081 3789 austor'
1094 3709 1221 3790 noster
1235 3706 1312 3790 elle
1320 3770 1332 3811 ,
1348 3708 1374 3788 si
1389 3706 1584 3820 denegent
1597 3703 1757 3790 facilem
1767 3709 1936 3809 exitum,

512 3815 674 3900 sudores
690 3816 970 3930 provocandos
984 3879 999 3922 ‚
1014 3819 1108 3902 diim
1123 3847 1223 3931 ager
1238 3820 1389 3902 accensi
1406 3818 1556 3932 spiririis
1571 3821 1655 3902 vini
1667 3821 1806 3931 vapori
1821 3845 1937 3932 expo·

513 3934 645 4029 nitur3
665 3927 776 4039 quod
797 3925 920 4039 vulgo
939 3931 1110 4041 prestant
1127 3927 1295 4035 balnea,
1321 3929 1449 4043 polles
1467 3936 1508 4014 bt
1532 3933 1701 4045 praestare
1725 3957 1937 4014 concame-

515 4067 595 4124 rata
609 4040 760 4126 sudatio
775 4043 817 4122 in
834 4041 941 4149 aquis
957 4038 1209 4126 thermalibus
1222 4040 1438 4155 sulphureis
1451 4057 1544 4152 quas
1560 4045 1797 4157 praecaeteris
1816 4045 1938 4126 omni·

515 4151 586 4236 bus
606 4153 788 4238 remediis
811 4155 851 4234 in
878 4149 991 4236 tertiis
1014 4154 1226 4235 curationis
1250 4152 1418 4264 periodo
1433 4153 1810 4238 commendaverim.
1838 4154 1872 4238 F
1874 4183 1938 4236 or·

514 4261 578 4345 san
603 4269 643 4346 bt
664 4262 768 4347 taiiral
793 4263 1057 4352 medicatione
1084 4263 1252 4376 fatigatis
1279 4265 1512 4379 corporibus
1541 4269 1680 4379 ingens
1708 4269 1938 4460 reperiretur

512 4373 727 4487 praesidium
747 4377 788 4456 in
808 4371 916 4459 laslis
932 4376 1000 4459 usu
1010 4439 1025 4483 ,
1041 4405 1122 4486 quo
1138 4377 1316 4462 remedio
1326 4438 1341 4483 ,
1360 4375 1430 4460 ubi
1447 4375 1623 4462 adhiberi
1672 4403 1740 4462 ote
1778 4377 1939 4484 ,nullus

514 4483 763 4570 estbmorbis
775 4491 949 4571 cutaneis
963 4493 1029 4594 qui
1043 4517 1125 4571 noii
1137 4487 1305 4572 feliciter
1315 4493 1579 4595 liniatur,nec
1592 4490 1631 4573 di
1689 4492 1940 4573 rtcuratione

513 4594 562 4680 ab
586 4623 787 4706 anonymo
808 4625 945 4682 autore
961 4598 1027 4683 Cl.
1049 4598 1205 4711 Hillary
1227 4608 1292 4706 (a)
1315 4605 1382 4711 qui
1408 4628 1529 4716 nuper
1554 4600 1605 4685 de
1629 4603 1709 4688 hoc
1731 4599 1883 4688 morbo
1897 4627 1940 4688 ut

517 4719 560 4796 bt
581 4708 632 4792 de
653 4706 900 4821 elephantiasi
921 4711 1024 4824 apud
1043 4715 1301 4798 Americanos
1322 4713 1468 4827 scripsit
1487 4712 1656 4804 uberius.

556 4869 615 4942 (a)
633 4861 758 4926 Williani
778 4861 892 4956 Hillary
908 4863 1034 4932 Distasts
1052 4867 1091 4932 of.
1111 4869 1198 4932 Weu.
1214 4867 1297 4928 indies
1312 4887 1376 4954 pig·
1391 4887 1460 4948 ⁴²3·
1612 4949 1942 5040 ARTICULUS
