<?xml version="1.0" encoding="UTF-8"?>
<!DOCTYPE html PUBLIC "-//W3C//DTD XHTML 1.0 Transitional//EN"
    "http://www.w3.org/TR/xhtml1/DTD/xhtml1-transitional.dtd">
<html xmlns="http://www.w3.org/1999/xhtml" xml:lang="en" lang="en">
 <head>
  <title>
</title>
<meta http-equiv="Content-Type" content="text/html;charset=utf-8" />
  <meta name='ocr-system' content='tesseract 3.04.00' />
  <meta name='ocr-capabilities' content='ocr_page ocr_carea ocr_par ocr_line ocrx_word'/>
</head>
<body>
  <div class='ocr_page' id='page_1' title='image "./tractatusdemorb00cavegoog_0442.png"; bbox 0 0 4226 5916; ppageno 0'>
   <div class='ocr_carea' id='block_1_1' title="bbox 667 397 1744 563">
    <p class='ocr_par' dir='ltr' id='par_1_1' title="bbox 667 392 1744 563">
     <span class='ocr_line' id='line_1_1' title="bbox 667 397 1744 563; baseline 0.005 -25"><span class='ocrx_word' id='word_1_1' title='bbox 667 447 1140 542; x_wconf 70' lang='lat' dir='ltr'>curtante.</span> <span class='ocrx_word' id='word_1_2' title='bbox 1343 397 1347 408; x_wconf 80' lang='grc'>’</span> <span class='ocrx_word' id='word_1_3' title='bbox 1538 477 1622 563; x_wconf 64' lang='lat' dir='ltr'>an</span> <span class='ocrx_word' id='word_1_4' title='bbox 1740 431 1744 440; x_wconf 90' lang='grc'><strong>’</strong></span> 
     </span>
    </p>
   </div>
   <div class='ocr_carea' id='block_1_2' title="bbox 144 602 1686 5017">
    <p class='ocr_par' dir='ltr' id='par_1_2' title="bbox 184 602 1620 1180">
     <span class='ocr_line' id='line_1_2' title="bbox 184 602 1620 733; baseline 0.007 -41"><span class='ocrx_word' id='word_1_5' title='bbox 184 602 434 725; x_wconf 76' lang='lat' dir='ltr'>syftropbica.</span> <span class='ocrx_word' id='word_1_6' title='bbox 461 609 610 698; x_wconf 88' lang='lat' dir='ltr'>Mucus</span> <span class='ocrx_word' id='word_1_7' title='bbox 635 642 735 728; x_wconf 82' lang='lat' dir='ltr'>crgo</span> <span class='ocrx_word' id='word_1_8' title='bbox 761 617 912 733; x_wconf 77' lang='lat' dir='ltr'>spissior</span> <span class='ocrx_word' id='word_1_9' title='bbox 940 641 1151 702; x_wconf 86' lang='lat' dir='ltr'>concretus</span> <span class='ocrx_word' id='word_1_10' title='bbox 1172 620 1213 698; x_wconf 73' lang='grc' dir='ltr'>ὅ(</span> <span class='ocrx_word' id='word_1_11' title='bbox 1232 611 1380 701; x_wconf 69' lang='lat' dir='ltr'>herens</span> <span class='ocrx_word' id='word_1_12' title='bbox 1405 645 1478 730; x_wconf 90' lang='lat' dir='ltr'>pro</span> <span class='ocrx_word' id='word_1_13' title='bbox 1502 615 1620 702; x_wconf 70' lang='lat' dir='ltr'>causi</span> 
     </span>
     <span class='ocr_line' id='line_1_3' title="bbox 185 719 1618 847; baseline 0.006 -42"><span class='ocrx_word' id='word_1_14' title='bbox 185 719 383 847; x_wconf 78' lang='lat' dir='ltr'>malorum</span> <span class='ocrx_word' id='word_1_15' title='bbox 414 727 608 811; x_wconf 89' lang='lat' dir='ltr'>horumce</span> <span class='ocrx_word' id='word_1_16' title='bbox 634 731 824 816; x_wconf 88' lang='lat' dir='ltr'>efficienti</span> <span class='ocrx_word' id='word_1_17' title='bbox 849 728 983 816; x_wconf 89' lang='lat' dir='ltr'>haberi</span> <span class='ocrx_word' id='word_1_18' title='bbox 1012 726 1152 832; x_wconf 91' lang='lat' dir='ltr'>debet,</span> <span class='ocrx_word' id='word_1_19' title='bbox 1186 727 1386 844; x_wconf 83' lang='lat' dir='ltr'>srspiffior</span> <span class='ocrx_word' id='word_1_20' title='bbox 1410 730 1478 814; x_wconf 90' lang='lat' dir='ltr'>illa</span> <span class='ocrx_word' id='word_1_21' title='bbox 1505 729 1618 816; x_wconf 75' lang='lat' dir='ltr'>erasis</span> 
     </span>
     <span class='ocr_line' id='line_1_4' title="bbox 185 839 1618 956; baseline 0.007 -38"><span class='ocrx_word' id='word_1_22' title='bbox 185 839 314 940; x_wconf 67' lang='lat' dir='ltr'>punita</span> <span class='ocrx_word' id='word_1_23' title='bbox 333 839 382 921; x_wconf 81' lang='lat' dir='ltr'>stt</span> <span class='ocrx_word' id='word_1_24' title='bbox 411 841 633 926; x_wconf 76' lang='lat' dir='ltr'><strong>acrimoniae</strong></span> <span class='ocrx_word' id='word_1_25' title='bbox 646 841 720 925; x_wconf 74' lang='lat' dir='ltr'>:ad</span> <span class='ocrx_word' id='word_1_26' title='bbox 734 843 929 956; x_wconf 82' lang='lat' dir='ltr'>putridam</span> <span class='ocrx_word' id='word_1_27' title='bbox 956 841 1133 926; x_wconf 81' lang='lat' dir='ltr'>indolem</span> <span class='ocrx_word' id='word_1_28' title='bbox 1157 839 1361 926; x_wconf 79' lang='lat' dir='ltr'>inclinanti</span> <span class='ocrx_word' id='word_1_29' title='bbox 1380 869 1466 954; x_wconf 80' lang='lat' dir='ltr'>quae</span> <span class='ocrx_word' id='word_1_30' title='bbox 1488 844 1618 928; x_wconf 83' lang='lat' dir='ltr'>valeat</span> 
     </span>
     <span class='ocr_line' id='line_1_5' title="bbox 187 947 1618 1072; baseline 0.004 -36"><span class='ocrx_word' id='word_1_31' title='bbox 187 951 441 1036; x_wconf 83' lang='lat' dir='ltr'>erethismum</span> <span class='ocrx_word' id='word_1_32' title='bbox 456 956 659 1038; x_wconf 85' lang='lat' dir='ltr'>concitare</span> <span class='ocrx_word' id='word_1_33' title='bbox 672 964 714 1042; x_wconf 71' lang='lat' dir='ltr'>dt</span> <span class='ocrx_word' id='word_1_34' title='bbox 727 957 834 1066; x_wconf 79' lang='lat' dir='ltr'>quast</span> <span class='ocrx_word' id='word_1_35' title='bbox 844 959 981 1069; x_wconf 82' lang='lat' dir='ltr'>ignem</span> <span class='ocrx_word' id='word_1_36' title='bbox 1000 958 1225 1070; x_wconf 81' lang='lat' dir='ltr'>concipere.</span> <span class='ocrx_word' id='word_1_37' title='bbox 1242 947 1397 1040; x_wconf 66' lang='lat' dir='ltr'>Atinae</span> <span class='ocrx_word' id='word_1_38' title='bbox 1413 959 1481 1072; x_wconf 76' lang='lat' dir='ltr'>ipsi</span> <span class='ocrx_word' id='word_1_39' title='bbox 1498 961 1618 1042; x_wconf 81' lang='lat' dir='ltr'>inusta</span> 
     </span>
     <span class='ocr_line' id='line_1_6' title="bbox 185 1057 1336 1180; baseline 0.005 -35"><span class='ocrx_word' id='word_1_40' title='bbox 185 1057 295 1148; x_wconf 82' lang='lat' dir='ltr'>labes</span> <span class='ocrx_word' id='word_1_41' title='bbox 317 1063 339 1148; x_wconf 78' lang='lat' dir='ltr'>it</span> <span class='ocrx_word' id='word_1_42' title='bbox 360 1063 536 1180; x_wconf 82' lang='lat' dir='ltr'>pluribus</span> <span class='ocrx_word' id='word_1_43' title='bbox 561 1070 682 1152; x_wconf 79' lang='lat' dir='ltr'>causis</span> <span class='ocrx_word' id='word_1_44' title='bbox 705 1066 1015 1152; x_wconf 76' lang='lat' dir='ltr'>occasionalibus</span> <span class='ocrx_word' id='word_1_45' title='bbox 1039 1067 1172 1152; x_wconf 84' lang='lat' dir='ltr'>inserti</span> <span class='ocrx_word' id='word_1_46' title='bbox 1195 1071 1336 1180; x_wconf 91' lang='lat' dir='ltr'>potuit.</span> 
     </span>
    </p>

    <p class='ocr_par' dir='ltr' id='par_1_3' title="bbox 189 1175 1623 1972">
     <span class='ocr_line' id='line_1_7' title="bbox 241 1175 1620 1296; baseline 0.007 -37"><span class='ocrx_word' id='word_1_47' title='bbox 241 1175 375 1262; x_wconf 90' lang='lat' dir='ltr'>Prima</span> <span class='ocrx_word' id='word_1_48' title='bbox 386 1183 484 1264; x_wconf 90' lang='lat' dir='ltr'>verb</span> <span class='ocrx_word' id='word_1_49' title='bbox 496 1184 548 1264; x_wconf 90' lang='lat' dir='ltr'>est</span> <span class='ocrx_word' id='word_1_50' title='bbox 559 1182 845 1296; x_wconf 87' lang='lat' dir='ltr'>perspirati&#39;onis</span> <span class='ocrx_word' id='word_1_51' title='bbox 861 1180 1071 1266; x_wconf 76' lang='lat' dir='ltr'>obstrutlio</span> <span class='ocrx_word' id='word_1_52' title='bbox 1086 1179 1235 1285; x_wconf 86' lang='lat' dir='ltr'>subita,</span> <span class='ocrx_word' id='word_1_53' title='bbox 1254 1177 1458 1265; x_wconf 87' lang='lat' dir='ltr'>srvitiosus</span> <span class='ocrx_word' id='word_1_54' title='bbox 1474 1182 1620 1268; x_wconf 89' lang='lat' dir='ltr'>humor</span> 
     </span>
     <span class='ocr_line' id='line_1_8' title="bbox 189 1291 1620 1486; baseline 0.005 -114"><span class='ocrx_word' id='word_1_55' title='bbox 189 1291 483 1486; x_wconf 61' lang='lat' dir='ltr'>perspiratorius</span> <span class='ocrx_word' id='word_1_56' title='bbox 512 1292 590 1399; x_wconf 85' lang='lat' dir='ltr'>jam</span> <span class='ocrx_word' id='word_1_57' title='bbox 614 1293 973 1408; x_wconf 60' lang='lat' dir='ltr'>suerit,sschylique</span> <span class='ocrx_word' id='word_1_58' title='bbox 999 1293 1111 1376; x_wconf 88' lang='lat' dir='ltr'>erudi</span> <span class='ocrx_word' id='word_1_59' title='bbox 1135 1319 1253 1402; x_wconf 87' lang='lat' dir='ltr'>atque</span> <span class='ocrx_word' id='word_1_60' title='bbox 1279 1295 1419 1390; x_wconf 83' lang='lat' dir='ltr'>viscosi</span> <span class='ocrx_word' id='word_1_61' title='bbox 1440 1300 1481 1375; x_wconf 72' lang='grc' dir='ltr'>δε</span> <span class='ocrx_word' id='word_1_62' title='bbox 1511 1297 1620 1379; x_wconf 88' lang='lat' dir='ltr'>cralll</span> 
     </span>
     <span class='ocr_line' id='line_1_9' title="bbox 190 1405 1620 1498; baseline 0.003 -10"><span class='ocrx_word' id='word_1_63' title='bbox 190 1433 259 1488; x_wconf 90' lang='lat' dir='ltr'>cru</span> <span class='ocrx_word' id='word_1_64' title='bbox 287 1433 356 1489; x_wconf 90' lang='lat' dir='ltr'>um</span> <span class='ocrx_word' id='word_1_65' title='bbox 373 1414 413 1488; x_wconf 73' lang='lat' dir='ltr'>bc</span> <span class='ocrx_word' id='word_1_66' title='bbox 430 1409 594 1490; x_wconf 76' lang='lat' dir='ltr'>crassum</span> <span class='ocrx_word' id='word_1_67' title='bbox 609 1433 920 1493; x_wconf 73' lang='lat' dir='ltr'>excrementum.</span> <span class='ocrx_word' id='word_1_68' title='bbox 941 1407 1056 1490; x_wconf 72' lang='lat' dir='ltr'>Unde</span> <span class='ocrx_word' id='word_1_69' title='bbox 1073 1410 1114 1488; x_wconf 92' lang='lat' dir='ltr'>in</span> <span class='ocrx_word' id='word_1_70' title='bbox 1133 1406 1240 1490; x_wconf 86' lang='lat' dir='ltr'>hisce</span> <span class='ocrx_word' id='word_1_71' title='bbox 1259 1405 1492 1498; x_wconf 73' lang='lat' dir='ltr'>inducendis</span> <span class='ocrx_word' id='word_1_72' title='bbox 1507 1406 1620 1493; x_wconf 74' lang='lat' dir='ltr'>malie</span> 
     </span>
     <span class='ocr_line' id='line_1_10' title="bbox 190 1518 1619 1635; baseline 0.006 -37"><span class='ocrx_word' id='word_1_73' title='bbox 190 1518 321 1630; x_wconf 85' lang='lat' dir='ltr'>primae</span> <span class='ocrx_word' id='word_1_74' title='bbox 337 1525 611 1606; x_wconf 74' lang='lat' dir='ltr'>concoctionis</span> <span class='ocrx_word' id='word_1_75' title='bbox 627 1524 760 1606; x_wconf 84' lang='lat' dir='ltr'>inertis</span> <span class='ocrx_word' id='word_1_76' title='bbox 775 1547 892 1633; x_wconf 86' lang='lat' dir='ltr'>atque</span> <span class='ocrx_word' id='word_1_77' title='bbox 911 1518 1114 1635; x_wconf 76' lang='lat' dir='ltr'>glutinosa</span> <span class='ocrx_word' id='word_1_78' title='bbox 1131 1521 1357 1634; x_wconf 84' lang='lat' dir='ltr'>primarium</span> <span class='ocrx_word' id='word_1_79' title='bbox 1373 1523 1425 1604; x_wconf 80' lang='lat' dir='ltr'>est</span> <span class='ocrx_word' id='word_1_80' title='bbox 1443 1539 1619 1606; x_wconf 77' lang='lat' dir='ltr'>montem</span> 
     </span>
     <span class='ocr_line' id='line_1_11' title="bbox 190 1621 1623 1772; baseline 0.003 -58"><span class='ocrx_word' id='word_1_81' title='bbox 190 1656 288 1714; x_wconf 91' lang='lat' dir='ltr'>tum.</span> <span class='ocrx_word' id='word_1_82' title='bbox 314 1634 406 1716; x_wconf 85' lang='lat' dir='ltr'>Nec</span> <span class='ocrx_word' id='word_1_83' title='bbox 427 1633 672 1745; x_wconf 86' lang='lat' dir='ltr'>frequentior</span> <span class='ocrx_word' id='word_1_84' title='bbox 685 1635 766 1718; x_wconf 86' lang='lat' dir='ltr'>ulla</span> <span class='ocrx_word' id='word_1_85' title='bbox 780 1639 833 1719; x_wconf 88' lang='lat' dir='ltr'>est</span> <span class='ocrx_word' id='word_1_86' title='bbox 846 1639 886 1717; x_wconf 91' lang='lat' dir='ltr'>in</span> <span class='ocrx_word' id='word_1_87' title='bbox 902 1631 1474 1772; x_wconf 79' lang='lat' dir='ltr'>hominibusquivitiumillud</span> <span class='ocrx_word' id='word_1_88' title='bbox 1489 1621 1623 1726; x_wconf 62' lang='lat' dir='ltr'>sumni</span> 
     </span>
     <span class='ocr_line' id='line_1_12' title="bbox 193 1741 1623 1862; baseline 0.001 -34"><span class='ocrx_word' id='word_1_89' title='bbox 193 1741 373 1830; x_wconf 85' lang='lat' dir='ltr'>culusum</span> <span class='ocrx_word' id='word_1_90' title='bbox 387 1745 517 1830; x_wconf 88' lang='lat' dir='ltr'>ferunt</span> <span class='ocrx_word' id='word_1_91' title='bbox 535 1747 648 1831; x_wconf 89' lang='lat' dir='ltr'>causa</span> <span class='ocrx_word' id='word_1_92' title='bbox 662 1771 745 1858; x_wconf 85' lang='lat' dir='ltr'>quat</span> <span class='ocrx_word' id='word_1_93' title='bbox 764 1747 856 1831; x_wconf 90' lang='lat' dir='ltr'>illos</span> <span class='ocrx_word' id='word_1_94' title='bbox 871 1752 1076 1862; x_wconf 88' lang='lat' dir='ltr'>importet,</span> <span class='ocrx_word' id='word_1_95' title='bbox 1098 1771 1214 1855; x_wconf 91' lang='lat' dir='ltr'>quam</span> <span class='ocrx_word' id='word_1_96' title='bbox 1230 1748 1323 1828; x_wconf 85' lang='lat' dir='ltr'>binc</span> <span class='ocrx_word' id='word_1_97' title='bbox 1337 1741 1489 1860; x_wconf 80' lang='lat' dir='ltr'>sanguis</span> <span class='ocrx_word' id='word_1_98' title='bbox 1501 1747 1623 1830; x_wconf 69' lang='lat' dir='ltr'>densa</span> 
     </span>
     <span class='ocr_line' id='line_1_13' title="bbox 191 1858 1622 1972; baseline 0.003 -32"><span class='ocrx_word' id='word_1_99' title='bbox 191 1881 271 1940; x_wconf 89' lang='lat' dir='ltr'>tate</span> <span class='ocrx_word' id='word_1_100' title='bbox 318 1885 460 1942; x_wconf 86' lang='lat' dir='ltr'>eccam</span> <span class='ocrx_word' id='word_1_101' title='bbox 480 1859 807 1966; x_wconf 61' lang='lat' dir='ltr'>inflammatoris,</span> <span class='ocrx_word' id='word_1_102' title='bbox 835 1860 945 1945; x_wconf 90' lang='lat' dir='ltr'>illinc</span> <span class='ocrx_word' id='word_1_103' title='bbox 966 1859 1074 1972; x_wconf 90' lang='lat' dir='ltr'>chyli</span> <span class='ocrx_word' id='word_1_104' title='bbox 1095 1858 1286 1942; x_wconf 83' lang='lat' dir='ltr'>erudiaris</span> <span class='ocrx_word' id='word_1_105' title='bbox 1304 1863 1419 1972; x_wconf 84' lang='lat' dir='ltr'>copia</span> <span class='ocrx_word' id='word_1_106' title='bbox 1437 1861 1622 1944; x_wconf 75' lang='lat' dir='ltr'>maxima.</span> 
     </span>
    </p>

    <p class='ocr_par' dir='ltr' id='par_1_4' title="bbox 190 1887 1624 2422">
     <span class='ocr_line' id='line_1_14' title="bbox 248 1887 1624 2088; baseline 0.003 -36"><span class='ocrx_word' id='word_1_107' title='bbox 248 1887 384 2056; x_wconf 77' lang='lat' dir='ltr'>Alista</span> <span class='ocrx_word' id='word_1_108' title='bbox 415 1973 528 2056; x_wconf 89' lang='lat' dir='ltr'>causa</span> <span class='ocrx_word' id='word_1_109' title='bbox 557 1976 611 2057; x_wconf 86' lang='lat' dir='ltr'>est</span> <span class='ocrx_word' id='word_1_110' title='bbox 638 1977 746 2056; x_wconf 92' lang='lat' dir='ltr'>muci</span> <span class='ocrx_word' id='word_1_111' title='bbox 774 1973 878 2058; x_wconf 83' lang='lat' dir='ltr'>illibs</span> <span class='ocrx_word' id='word_1_112' title='bbox 909 1971 1137 2088; x_wconf 82' lang='lat' dir='ltr'>coagulatio</span> <span class='ocrx_word' id='word_1_113' title='bbox 1165 1977 1206 2054; x_wconf 81' lang='lat' dir='ltr'>bt</span> <span class='ocrx_word' id='word_1_114' title='bbox 1230 1975 1526 2083; x_wconf 64' lang='lat' dir='ltr'>coagmentatio</span> <span class='ocrx_word' id='word_1_115' title='bbox 1550 1991 1624 2086; x_wconf 82' lang='lat' dir='ltr'>pet</span> 
     </span>
     <span class='ocr_line' id='line_1_15' title="bbox 190 2081 1624 2195; baseline 0.001 -29"><span class='ocrx_word' id='word_1_116' title='bbox 190 2081 509 2195; x_wconf 83' lang='lat' dir='ltr'>frigussubitum</span> <span class='ocrx_word' id='word_1_117' title='bbox 538 2094 579 2170; x_wconf 68' lang='grc' dir='ltr'>ἃ</span> <span class='ocrx_word' id='word_1_118' title='bbox 608 2089 821 2171; x_wconf 86' lang='lat' dir='ltr'>vehemens</span> <span class='ocrx_word' id='word_1_119' title='bbox 853 2119 865 2186; x_wconf 90' lang='lat'>;</span> <span class='ocrx_word' id='word_1_120' title='bbox 899 2113 1010 2170; x_wconf 90' lang='lat' dir='ltr'>motu</span> <span class='ocrx_word' id='word_1_121' title='bbox 1043 2085 1174 2168; x_wconf 89' lang='lat' dir='ltr'>cordis</span> <span class='ocrx_word' id='word_1_122' title='bbox 1198 2083 1346 2167; x_wconf 73' lang='lat' dir='ltr'>interea</span> <span class='ocrx_word' id='word_1_123' title='bbox 1371 2083 1505 2168; x_wconf 89' lang='lat' dir='ltr'>valido</span> <span class='ocrx_word' id='word_1_124' title='bbox 1531 2091 1572 2167; x_wconf 73' lang='lat' dir='ltr'>dr</span> <span class='ocrx_word' id='word_1_125' title='bbox 1597 2093 1624 2168; x_wconf 74' lang='lat' dir='ltr'>&#39;a</span> 
     </span>
     <span class='ocr_line' id='line_1_16' title="bbox 192 2195 1623 2312; baseline 0.003 -36"><span class='ocrx_word' id='word_1_126' title='bbox 192 2221 306 2308; x_wconf 86' lang='lat' dir='ltr'>tergo</span> <span class='ocrx_word' id='word_1_127' title='bbox 322 2227 499 2312; x_wconf 83' lang='lat' dir='ltr'>urgente.</span> <span class='ocrx_word' id='word_1_128' title='bbox 528 2199 603 2283; x_wconf 89' lang='lat' dir='ltr'>His</span> <span class='ocrx_word' id='word_1_129' title='bbox 625 2202 729 2285; x_wconf 89' lang='lat' dir='ltr'>enim</span> <span class='ocrx_word' id='word_1_130' title='bbox 747 2202 867 2283; x_wconf 80' lang='lat' dir='ltr'>causis</span> <span class='ocrx_word' id='word_1_131' title='bbox 884 2196 1088 2312; x_wconf 84' lang='lat' dir='ltr'>agentibus</span> <span class='ocrx_word' id='word_1_132' title='bbox 1104 2195 1353 2308; x_wconf 83' lang='lat' dir='ltr'>supprimitur</span> <span class='ocrx_word' id='word_1_133' title='bbox 1371 2197 1598 2312; x_wconf 86' lang='lat' dir='ltr'>perspiratio</span> <span class='ocrx_word' id='word_1_134' title='bbox 1607 2247 1623 2306; x_wconf 80' lang='lat'>,</span> 
     </span>
     <span class='ocr_line' id='line_1_17' title="bbox 191 2307 1405 2422; baseline 0.008 -33"><span class='ocrx_word' id='word_1_135' title='bbox 191 2307 354 2422; x_wconf 83' lang='lat' dir='ltr'>lympha</span> <span class='ocrx_word' id='word_1_136' title='bbox 373 2313 618 2418; x_wconf 83' lang='lat' dir='ltr'>concrescit,</span> <span class='ocrx_word' id='word_1_137' title='bbox 642 2313 870 2396; x_wconf 86' lang='lat' dir='ltr'>erethismus</span> <span class='ocrx_word' id='word_1_138' title='bbox 892 2309 1074 2394; x_wconf 88' lang='lat' dir='ltr'>nascitur.</span> <span class='ocrx_word' id='word_1_139' title='bbox 1155 2345 1159 2363; x_wconf 69' lang='lat'>.</span> <span class='ocrx_word' id='word_1_140' title='bbox 1283 2353 1285 2361; x_wconf 92' lang='grc'><strong><em>·</em></strong></span> <span class='ocrx_word' id='word_1_141' title='bbox 1341 2331 1344 2338; x_wconf 87' lang='grc'><strong><em>’</em></strong></span> <span class='ocrx_word' id='word_1_142' title='bbox 1403 2395 1405 2399; x_wconf 77' lang='grc'>,</span> 
     </span>
    </p>

    <p class='ocr_par' dir='ltr' id='par_1_5' title="bbox 144 2417 1682 4564">
     <span class='ocr_line' id='line_1_18' title="bbox 246 2417 1625 2530; baseline 0.001 -27"><span class='ocrx_word' id='word_1_143' title='bbox 246 2422 428 2504; x_wconf 87' lang='lat' dir='ltr'>Tertiam</span> <span class='ocrx_word' id='word_1_144' title='bbox 457 2424 657 2506; x_wconf 88' lang='lat' dir='ltr'>causarum</span> <span class='ocrx_word' id='word_1_145' title='bbox 687 2423 842 2507; x_wconf 77' lang='lat' dir='ltr'>classem</span> <span class='ocrx_word' id='word_1_146' title='bbox 871 2426 1110 2506; x_wconf 88' lang='lat' dir='ltr'>constituunt</span> <span class='ocrx_word' id='word_1_147' title='bbox 1135 2447 1288 2506; x_wconf 86' lang='lat' dir='ltr'>venena</span> <span class='ocrx_word' id='word_1_148' title='bbox 1315 2417 1497 2530; x_wconf 82' lang='lat' dir='ltr'>quaelibet</span> <span class='ocrx_word' id='word_1_149' title='bbox 1521 2423 1625 2505; x_wconf 79' lang='lat' dir='ltr'>intbs</span> 
     </span>
     <span class='ocr_line' id='line_1_19' title="bbox 192 2531 1626 2647; baseline 0 -30"><span class='ocrx_word' id='word_1_150' title='bbox 192 2559 304 2623; x_wconf 88' lang='lat' dir='ltr'>nata,</span> <span class='ocrx_word' id='word_1_151' title='bbox 321 2561 387 2616; x_wconf 88' lang='lat' dir='ltr'>aut</span> <span class='ocrx_word' id='word_1_152' title='bbox 428 2538 567 2617; x_wconf 87' lang='lat' dir='ltr'>artium</span> <span class='ocrx_word' id='word_1_153' title='bbox 586 2534 865 2618; x_wconf 87' lang='lat' dir='ltr'>virulentarum</span> <span class='ocrx_word' id='word_1_154' title='bbox 882 2536 1057 2618; x_wconf 78' lang='lat' dir='ltr'>nondum</span> <span class='ocrx_word' id='word_1_155' title='bbox 1076 2537 1253 2617; x_wconf 66' lang='lat' dir='ltr'>extintiae</span> <span class='ocrx_word' id='word_1_156' title='bbox 1268 2531 1451 2641; x_wconf 78' lang='lat' dir='ltr'>reliquia.</span> <span class='ocrx_word' id='word_1_157' title='bbox 1468 2534 1527 2616; x_wconf 93' lang='lat' dir='ltr'>Ita</span> <span class='ocrx_word' id='word_1_158' title='bbox 1541 2537 1626 2647; x_wconf 87' lang='lat' dir='ltr'>post</span> 
     </span>
     <span class='ocr_line' id='line_1_20' title="bbox 144 2563 1624 2764; baseline -0.003 -32"><span class='ocrx_word' id='word_1_159' title='bbox 144 2733 151 2744; x_wconf 79' lang='grc'>,</span> <span class='ocrx_word' id='word_1_160' title='bbox 190 2643 361 2732; x_wconf 86' lang='lat' dir='ltr'>variolas</span> <span class='ocrx_word' id='word_1_161' title='bbox 382 2563 544 2750; x_wconf 77' lang='lat' dir='ltr'>alicujus</span> <span class='ocrx_word' id='word_1_162' title='bbox 575 2653 833 2732; x_wconf 84' lang='lat' dir='ltr'>momenti&amp;</span> <span class='ocrx_word' id='word_1_163' title='bbox 863 2651 987 2764; x_wconf 80' lang='lat' dir='ltr'>copia</span> <span class='ocrx_word' id='word_1_164' title='bbox 1018 2649 1228 2730; x_wconf 81' lang='lat' dir='ltr'>exsiccatas</span> <span class='ocrx_word' id='word_1_165' title='bbox 1255 2669 1371 2752; x_wconf 89' lang='lat' dir='ltr'>atque</span> <span class='ocrx_word' id='word_1_166' title='bbox 1396 2643 1624 2758; x_wconf 69' lang='lat' dir='ltr'>deputatas,</span> 
     </span>
     <span class='ocr_line' id='line_1_21' title="bbox 194 2756 1682 2876; baseline 0 -32"><span class='ocrx_word' id='word_1_167' title='bbox 194 2763 287 2844; x_wconf 81' lang='lat' dir='ltr'>clim</span> <span class='ocrx_word' id='word_1_168' title='bbox 302 2763 437 2841; x_wconf 82' lang='lat' dir='ltr'>omnia</span> <span class='ocrx_word' id='word_1_169' title='bbox 448 2757 531 2865; x_wconf 80' lang='lat' dir='ltr'>‘jam</span> <span class='ocrx_word' id='word_1_170' title='bbox 552 2763 591 2840; x_wconf 92' lang='lat' dir='ltr'>in</span> <span class='ocrx_word' id='word_1_171' title='bbox 605 2761 708 2844; x_wconf 89' lang='lat' dir='ltr'>vado</span> <span class='ocrx_word' id='word_1_172' title='bbox 727 2763 851 2876; x_wconf 78' lang='lat' dir='ltr'>posita</span> <span class='ocrx_word' id='word_1_173' title='bbox 870 2761 976 2866; x_wconf 90' lang='lat' dir='ltr'>sunt,</span> <span class='ocrx_word' id='word_1_174' title='bbox 993 2763 1060 2870; x_wconf 92' lang='lat' dir='ltr'>qui</span> <span class='ocrx_word' id='word_1_175' title='bbox 1079 2760 1397 2872; x_wconf 86' lang='lat' dir='ltr'>suppurationem</span> <span class='ocrx_word' id='word_1_176' title='bbox 1412 2758 1453 2838; x_wconf 90' lang='lat' dir='ltr'>in</span> <span class='ocrx_word' id='word_1_177' title='bbox 1466 2756 1627 2871; x_wconf 85' lang='lat' dir='ltr'>pustulis</span> <span class='ocrx_word' id='word_1_178' title='bbox 1678 2835 1682 2844; x_wconf 90' lang='lat'>.</span> 
     </span>
     <span class='ocr_line' id='line_1_22' title="bbox 195 2869 1628 2985; baseline -0.002 -30"><span class='ocrx_word' id='word_1_179' title='bbox 195 2869 425 2955; x_wconf 84' lang='lat' dir='ltr'>concitabat</span> <span class='ocrx_word' id='word_1_180' title='bbox 449 2876 594 2955; x_wconf 88' lang='lat' dir='ltr'>humor</span> <span class='ocrx_word' id='word_1_181' title='bbox 621 2900 773 2958; x_wconf 89' lang='lat' dir='ltr'>textum</span> <span class='ocrx_word' id='word_1_182' title='bbox 800 2870 1029 2956; x_wconf 88' lang='lat' dir='ltr'>cellularem</span> <span class='ocrx_word' id='word_1_183' title='bbox 1053 2871 1203 2956; x_wconf 85' lang='lat' dir='ltr'>invadit</span> <span class='ocrx_word' id='word_1_184' title='bbox 1218 2879 1269 2954; x_wconf 63' lang='grc' dir='ltr'>ὃ(</span> <span class='ocrx_word' id='word_1_185' title='bbox 1296 2873 1505 2983; x_wconf 84' lang='lat' dir='ltr'>phymata,</span> <span class='ocrx_word' id='word_1_186' title='bbox 1532 2874 1628 2985; x_wconf 77' lang='lat' dir='ltr'>phy2</span> 
     </span>
     <span class='ocr_line' id='line_1_23' title="bbox 194 2983 1628 3097; baseline -0.001 -30"><span class='ocrx_word' id='word_1_187' title='bbox 194 2983 351 3097; x_wconf 86' lang='lat' dir='ltr'>gethla,</span> <span class='ocrx_word' id='word_1_188' title='bbox 372 2984 604 3068; x_wconf 89' lang='lat' dir='ltr'>furunculos</span> <span class='ocrx_word' id='word_1_189' title='bbox 627 2991 803 3069; x_wconf 91' lang='lat' dir='ltr'>concitat</span> <span class='ocrx_word' id='word_1_190' title='bbox 823 2986 1087 3090; x_wconf 83' lang='lat' dir='ltr'>renascentia,</span> <span class='ocrx_word' id='word_1_191' title='bbox 1108 2993 1149 3068; x_wconf 76' lang='grc' dir='ltr'>δι</span> <span class='ocrx_word' id='word_1_192' title='bbox 1168 2984 1247 3067; x_wconf 90' lang='lat' dir='ltr'>sese</span> <span class='ocrx_word' id='word_1_193' title='bbox 1263 2985 1403 3066; x_wconf 86' lang='lat' dir='ltr'>mutub</span> <span class='ocrx_word' id='word_1_194' title='bbox 1424 2986 1628 3097; x_wconf 57' lang='lat' dir='ltr'>excipienss</span> 
     </span>
     <span class='ocr_line' id='line_1_24' title="bbox 194 3096 1629 3214; baseline -0.001 -32"><span class='ocrx_word' id='word_1_195' title='bbox 194 3101 269 3203; x_wconf 87' lang='lat' dir='ltr'>tia,</span> <span class='ocrx_word' id='word_1_196' title='bbox 294 3099 378 3180; x_wconf 86' lang='lat' dir='ltr'>imb</span> <span class='ocrx_word' id='word_1_197' title='bbox 400 3101 443 3182; x_wconf 79' lang='lat' dir='ltr'>bt</span> <span class='ocrx_word' id='word_1_198' title='bbox 466 3099 545 3190; x_wconf 83' lang='lat' dir='ltr'>stne</span> <span class='ocrx_word' id='word_1_199' title='bbox 562 3097 800 3182; x_wconf 86' lang='lat' dir='ltr'>variolarum</span> <span class='ocrx_word' id='word_1_200' title='bbox 825 3102 1032 3214; x_wconf 85' lang='lat' dir='ltr'>eruptione</span> <span class='ocrx_word' id='word_1_201' title='bbox 1055 3097 1152 3212; x_wconf 73' lang='lat' dir='ltr'>saeps</span> <span class='ocrx_word' id='word_1_202' title='bbox 1179 3100 1246 3208; x_wconf 92' lang='lat' dir='ltr'>qui</span> <span class='ocrx_word' id='word_1_203' title='bbox 1271 3099 1379 3208; x_wconf 86' lang='lat' dir='ltr'>aegris</span> <span class='ocrx_word' id='word_1_204' title='bbox 1405 3096 1629 3180; x_wconf 86' lang='lat' dir='ltr'>adstiterunt</span> 
     </span>
     <span class='ocr_line' id='line_1_25' title="bbox 197 3205 1628 3326; baseline 0.001 -32"><span class='ocrx_word' id='word_1_205' title='bbox 197 3237 416 3322; x_wconf 73' lang='lat' dir='ltr'>cursimque</span> <span class='ocrx_word' id='word_1_206' title='bbox 437 3238 572 3295; x_wconf 89' lang='lat' dir='ltr'>cutem</span> <span class='ocrx_word' id='word_1_207' title='bbox 597 3211 780 3296; x_wconf 71' lang='lat' dir='ltr'>infectam</span> <span class='ocrx_word' id='word_1_208' title='bbox 809 3213 972 3326; x_wconf 71' lang='lat' dir='ltr'>attigere</span> <span class='ocrx_word' id='word_1_209' title='bbox 998 3209 1184 3294; x_wconf 81' lang='lat' dir='ltr'>similibus</span> <span class='ocrx_word' id='word_1_210' title='bbox 1207 3205 1355 3292; x_wconf 89' lang='lat' dir='ltr'>morbis</span> <span class='ocrx_word' id='word_1_211' title='bbox 1383 3209 1628 3296; x_wconf 64' lang='lat' dir='ltr'>afflitiaritu&#39;ri</span> 
     </span>
     <span class='ocr_line' id='line_1_26' title="bbox 197 3319 1630 3438; baseline 0.001 -34"><span class='ocrx_word' id='word_1_212' title='bbox 197 3319 359 3406; x_wconf 86' lang='lat' dir='ltr'>Nobilis</span> <span class='ocrx_word' id='word_1_213' title='bbox 372 3323 512 3406; x_wconf 89' lang='lat' dir='ltr'>mulier</span> <span class='ocrx_word' id='word_1_214' title='bbox 528 3325 672 3438; x_wconf 88' lang='lat' dir='ltr'>persex</span> <span class='ocrx_word' id='word_1_215' title='bbox 688 3329 862 3438; x_wconf 82' lang='lat' dir='ltr'>integros</span> <span class='ocrx_word' id='word_1_216' title='bbox 881 3325 1032 3408; x_wconf 87' lang='lat' dir='ltr'>menses</span> <span class='ocrx_word' id='word_1_217' title='bbox 1053 3322 1270 3406; x_wconf 88' lang='lat' dir='ltr'>furunculis</span> <span class='ocrx_word' id='word_1_218' title='bbox 1285 3351 1390 3404; x_wconf 88' lang='lat' dir='ltr'>nuuc</span> <span class='ocrx_word' id='word_1_219' title='bbox 1409 3324 1474 3406; x_wconf 87' lang='lat' dir='ltr'>hic</span> <span class='ocrx_word' id='word_1_220' title='bbox 1485 3383 1498 3426; x_wconf 97' lang='lat'>,</span> <span class='ocrx_word' id='word_1_221' title='bbox 1521 3343 1630 3406; x_wconf 86' lang='lat' dir='ltr'>nunc</span> 
     </span>
     <span class='ocr_line' id='line_1_27' title="bbox 195 3432 1627 3550; baseline 0.001 -34"><span class='ocrx_word' id='word_1_222' title='bbox 195 3433 588 3550; x_wconf 82' lang='lat' dir='ltr'>illicerumpemibus</span> <span class='ocrx_word' id='word_1_223' title='bbox 600 3489 613 3543; x_wconf 88' lang='lat'>,</span> <span class='ocrx_word' id='word_1_224' title='bbox 637 3439 798 3522; x_wconf 87' lang='lat' dir='ltr'>sanitate</span> <span class='ocrx_word' id='word_1_225' title='bbox 818 3437 995 3548; x_wconf 83' lang='lat' dir='ltr'>alioquin</span> <span class='ocrx_word' id='word_1_226' title='bbox 1012 3434 1182 3542; x_wconf 79' lang='lat' dir='ltr'>illibata,</span> <span class='ocrx_word' id='word_1_227' title='bbox 1200 3432 1426 3518; x_wconf 86' lang='lat' dir='ltr'>vexabatur.</span> <span class='ocrx_word' id='word_1_228' title='bbox 1457 3436 1627 3520; x_wconf 86' lang='lat' dir='ltr'>Causam</span> 
     </span>
     <span class='ocr_line' id='line_1_28' title="bbox 198 3545 1629 3666; baseline 0.001 -36"><span class='ocrx_word' id='word_1_229' title='bbox 198 3547 323 3632; x_wconf 88' lang='lat' dir='ltr'>deteri</span> <span class='ocrx_word' id='word_1_230' title='bbox 345 3548 573 3632; x_wconf 88' lang='lat' dir='ltr'>&amp;remedia</span> <span class='ocrx_word' id='word_1_231' title='bbox 593 3549 751 3635; x_wconf 90' lang='lat' dir='ltr'>obtrudi</span> <span class='ocrx_word' id='word_1_232' title='bbox 767 3549 983 3666; x_wconf 84' lang='lat' dir='ltr'>postulabat</span> <span class='ocrx_word' id='word_1_233' title='bbox 1002 3548 1190 3662; x_wconf 71' lang='lat' dir='ltr'>impense.</span> <span class='ocrx_word' id='word_1_234' title='bbox 1214 3545 1355 3652; x_wconf 88' lang='lat' dir='ltr'>illicb,</span> <span class='ocrx_word' id='word_1_235' title='bbox 1380 3549 1459 3632; x_wconf 87' lang='lat' dir='ltr'>sme</span> <span class='ocrx_word' id='word_1_236' title='bbox 1478 3546 1558 3658; x_wconf 73' lang='lat' dir='ltr'>pila</span> <span class='ocrx_word' id='word_1_237' title='bbox 1573 3549 1629 3632; x_wconf 86' lang='lat' dir='ltr'>fe-&#39;</span> 
     </span>
     <span class='ocr_line' id='line_1_29' title="bbox 195 3652 1627 3776; baseline 0.001 -35"><span class='ocrx_word' id='word_1_238' title='bbox 195 3658 268 3744; x_wconf 87' lang='lat' dir='ltr'>bre</span> <span class='ocrx_word' id='word_1_239' title='bbox 282 3659 420 3774; x_wconf 77' lang='lat' dir='ltr'>pravitl</span> <span class='ocrx_word' id='word_1_240' title='bbox 429 3723 444 3768; x_wconf 90' lang='lat'>,</span> <span class='ocrx_word' id='word_1_241' title='bbox 463 3661 621 3744; x_wconf 81' lang='lat' dir='ltr'>variola</span> <span class='ocrx_word' id='word_1_242' title='bbox 633 3667 882 3747; x_wconf 85' lang='lat' dir='ltr'>confluentes</span> <span class='ocrx_word' id='word_1_243' title='bbox 898 3687 1118 3775; x_wconf 88' lang='lat' dir='ltr'>erumpunt.</span> <span class='ocrx_word' id='word_1_244' title='bbox 1137 3652 1286 3742; x_wconf 90' lang='lat' dir='ltr'>Omnia</span> <span class='ocrx_word' id='word_1_245' title='bbox 1294 3722 1307 3766; x_wconf 93' lang='lat'>,</span> <span class='ocrx_word' id='word_1_246' title='bbox 1323 3659 1487 3776; x_wconf 74' lang='lat' dir='ltr'>excepti</span> <span class='ocrx_word' id='word_1_247' title='bbox 1501 3659 1627 3768; x_wconf 71' lang='lat' dir='ltr'>febre,</span> 
     </span>
     <span class='ocr_line' id='line_1_30' title="bbox 196 3772 1629 3887; baseline 0.003 -33"><span class='ocrx_word' id='word_1_248' title='bbox 196 3773 359 3858; x_wconf 79' lang='lat' dir='ltr'>adfuere</span> <span class='ocrx_word' id='word_1_249' title='bbox 374 3777 658 3858; x_wconf 87' lang='lat' dir='ltr'>confluentium</span> <span class='ocrx_word' id='word_1_250' title='bbox 672 3774 909 3858; x_wconf 88' lang='lat' dir='ltr'>variolarum</span> <span class='ocrx_word' id='word_1_251' title='bbox 924 3775 1205 3887; x_wconf 87' lang='lat' dir='ltr'>symptomata,</span> <span class='ocrx_word' id='word_1_252' title='bbox 1230 3772 1480 3887; x_wconf 88' lang='lat' dir='ltr'>ptyalismus,</span> <span class='ocrx_word' id='word_1_253' title='bbox 1498 3772 1629 3858; x_wconf 75' lang='lat' dir='ltr'>vultus</span> 
     </span>
     <span class='ocr_line' id='line_1_31' title="bbox 197 3867 1630 4000; baseline 0 -30"><span class='ocrx_word' id='word_1_254' title='bbox 197 3893 242 3970; x_wconf 75' lang='lat' dir='ltr'>bt</span> <span class='ocrx_word' id='word_1_255' title='bbox 262 3867 449 3970; x_wconf 70' lang='lat' dir='ltr'>manlium</span> <span class='ocrx_word' id='word_1_256' title='bbox 471 3911 625 3993; x_wconf 92' lang='lat' dir='ltr'>tumor,</span> <span class='ocrx_word' id='word_1_257' title='bbox 648 3887 872 3993; x_wconf 91' lang='lat' dir='ltr'>convaluit,</span> <span class='ocrx_word' id='word_1_258' title='bbox 898 3885 1011 3970; x_wconf 77' lang='lat' dir='ltr'>simul</span> <span class='ocrx_word' id='word_1_259' title='bbox 1027 3884 1074 3968; x_wconf 90' lang='lat' dir='ltr'>ab</span> <span class='ocrx_word' id='word_1_260' title='bbox 1100 3891 1306 4000; x_wconf 88' lang='lat' dir='ltr'>eruptione</span> <span class='ocrx_word' id='word_1_261' title='bbox 1328 3884 1630 3969; x_wconf 84' lang='lat' dir='ltr'>furunculorum</span> 
     </span>
     <span class='ocr_line' id='line_1_32' title="bbox 198 3991 1629 4114; baseline 0.001 -32"><span class='ocrx_word' id='word_1_262' title='bbox 198 3996 330 4110; x_wconf 64' lang='lat' dir='ltr'>postes</span> <span class='ocrx_word' id='word_1_263' title='bbox 345 3991 540 4082; x_wconf 84' lang='lat' dir='ltr'>immunis.</span> <span class='ocrx_word' id='word_1_264' title='bbox 559 3999 655 4084; x_wconf 85' lang='lat' dir='ltr'>Vidi</span> <span class='ocrx_word' id='word_1_265' title='bbox 675 4029 757 4084; x_wconf 91' lang='lat' dir='ltr'>non</span> <span class='ocrx_word' id='word_1_266' title='bbox 773 3999 895 4084; x_wconf 89' lang='lat' dir='ltr'>semel</span> <span class='ocrx_word' id='word_1_267' title='bbox 909 3998 1135 4114; x_wconf 87' lang='lat' dir='ltr'>herpctibus</span> <span class='ocrx_word' id='word_1_268' title='bbox 1150 3999 1231 4082; x_wconf 74' lang='lat' dir='ltr'>sere</span> <span class='ocrx_word' id='word_1_269' title='bbox 1246 4000 1383 4080; x_wconf 84' lang='lat' dir='ltr'>sanatis</span> <span class='ocrx_word' id='word_1_270' title='bbox 1396 3997 1629 4084; x_wconf 70' lang='lat' dir='ltr'>furunculos</span> 
     </span>
     <span class='ocr_line' id='line_1_33' title="bbox 199 4103 1630 4220; baseline 0.001 -26"><span class='ocrx_word' id='word_1_271' title='bbox 199 4111 437 4218; x_wconf 87' lang='lat' dir='ltr'>succedere,</span> <span class='ocrx_word' id='word_1_272' title='bbox 460 4140 535 4196; x_wconf 89' lang='lat' dir='ltr'>nec</span> <span class='ocrx_word' id='word_1_273' title='bbox 551 4117 678 4198; x_wconf 85' lang='lat' dir='ltr'>minbs</span> <span class='ocrx_word' id='word_1_274' title='bbox 694 4115 812 4197; x_wconf 91' lang='lat' dir='ltr'>etiam</span> <span class='ocrx_word' id='word_1_275' title='bbox 830 4112 913 4196; x_wconf 88' lang='lat' dir='ltr'>aliis</span> <span class='ocrx_word' id='word_1_276' title='bbox 933 4116 1108 4198; x_wconf 86' lang='lat' dir='ltr'>cutaneis</span> <span class='ocrx_word' id='word_1_277' title='bbox 1127 4111 1437 4220; x_wconf 90' lang='lat' dir='ltr'>quibuscumque</span> <span class='ocrx_word' id='word_1_278' title='bbox 1456 4103 1630 4220; x_wconf 67' lang='lat' dir='ltr'>morbis,</span> 
     </span>
     <span class='ocr_line' id='line_1_34' title="bbox 199 4220 1632 4354; baseline 0.001 -47"><span class='ocrx_word' id='word_1_279' title='bbox 199 4231 291 4308; x_wconf 80' lang='lat' dir='ltr'>clun</span> <span class='ocrx_word' id='word_1_280' title='bbox 312 4220 389 4329; x_wconf 83' lang='lat' dir='ltr'>jam</span> <span class='ocrx_word' id='word_1_281' title='bbox 408 4221 611 4340; x_wconf 88' lang='lat' dir='ltr'>depulsum</span> <span class='ocrx_word' id='word_1_282' title='bbox 627 4230 732 4311; x_wconf 85' lang='lat' dir='ltr'>virus</span> <span class='ocrx_word' id='word_1_283' title='bbox 751 4231 895 4341; x_wconf 84' lang='lat' dir='ltr'>stagnat</span> <span class='ocrx_word' id='word_1_284' title='bbox 911 4227 960 4309; x_wconf 86' lang='lat' dir='ltr'>ad</span> <span class='ocrx_word' id='word_1_285' title='bbox 974 4221 1155 4334; x_wconf 83' lang='lat' dir='ltr'>vasorum</span> <span class='ocrx_word' id='word_1_286' title='bbox 1172 4226 1287 4325; x_wconf 87' lang='lat' dir='ltr'>ostia,</span> <span class='ocrx_word' id='word_1_287' title='bbox 1313 4250 1387 4305; x_wconf 87' lang='lat' dir='ltr'>nec</span> <span class='ocrx_word' id='word_1_288' title='bbox 1403 4221 1486 4354; x_wconf 77' lang='lat' dir='ltr'>jam</span> <span class='ocrx_word' id='word_1_289' title='bbox 1506 4228 1632 4339; x_wconf 85' lang='lat' dir='ltr'>potest</span> 
     </span>
     <span class='ocr_line' id='line_1_35' title="bbox 198 4333 1632 4452; baseline 0 -30"><span class='ocrx_word' id='word_1_290' title='bbox 198 4341 367 4451; x_wconf 87' lang='lat' dir='ltr'>experiri</span> <span class='ocrx_word' id='word_1_291' title='bbox 386 4339 563 4422; x_wconf 76' lang='lat' dir='ltr'>infratias</span> <span class='ocrx_word' id='word_1_292' title='bbox 584 4365 727 4422; x_wconf 86' lang='lat' dir='ltr'>naturae</span> <span class='ocrx_word' id='word_1_293' title='bbox 743 4345 858 4424; x_wconf 89' lang='lat' dir='ltr'>vires.</span> <span class='ocrx_word' id='word_1_294' title='bbox 883 4340 1003 4422; x_wconf 88' lang='lat' dir='ltr'>Tunc</span> <span class='ocrx_word' id='word_1_295' title='bbox 1022 4339 1125 4419; x_wconf 89' lang='lat' dir='ltr'>enim</span> <span class='ocrx_word' id='word_1_296' title='bbox 1147 4338 1237 4416; x_wconf 86' lang='lat' dir='ltr'>artis</span> <span class='ocrx_word' id='word_1_297' title='bbox 1259 4333 1508 4421; x_wconf 86' lang='lat' dir='ltr'>auxiliatricis</span> <span class='ocrx_word' id='word_1_298' title='bbox 1528 4367 1632 4452; x_wconf 84' lang='lat' dir='ltr'>ope,</span> 
     </span>
     <span class='ocr_line' id='line_1_36' title="bbox 198 4444 1633 4564; baseline -0.001 -27"><span class='ocrx_word' id='word_1_299' title='bbox 198 4450 312 4537; x_wconf 88' lang='lat' dir='ltr'>bono</span> <span class='ocrx_word' id='word_1_300' title='bbox 331 4454 465 4534; x_wconf 90' lang='lat' dir='ltr'>omine</span> <span class='ocrx_word' id='word_1_301' title='bbox 486 4455 525 4534; x_wconf 90' lang='lat' dir='ltr'>in</span> <span class='ocrx_word' id='word_1_302' title='bbox 548 4456 651 4534; x_wconf 89' lang='lat' dir='ltr'>hanc</span> <span class='ocrx_word' id='word_1_303' title='bbox 676 4449 836 4536; x_wconf 90' lang='lat' dir='ltr'>illamve</span> <span class='ocrx_word' id='word_1_304' title='bbox 887 4471 1007 4533; x_wconf 90' lang='lat' dir='ltr'>artem</span> <span class='ocrx_word' id='word_1_305' title='bbox 1034 4445 1137 4530; x_wconf 72' lang='lat' dir='ltr'>novi</span> <span class='ocrx_word' id='word_1_306' title='bbox 1162 4444 1229 4530; x_wconf 89' lang='lat' dir='ltr'>sub</span> <span class='ocrx_word' id='word_1_307' title='bbox 1247 4446 1384 4530; x_wconf 69' lang='lat' dir='ltr'>&#39;fdrmi</span> <span class='ocrx_word' id='word_1_308' title='bbox 1409 4448 1633 4564; x_wconf 68' lang='lat' dir='ltr'>deponiturs</span> 
     </span>
    </p>

    <p class='ocr_par' dir='ltr' id='par_1_6' title="bbox 200 4481 1686 5017">
     <span class='ocr_line' id='line_1_37' title="bbox 257 4481 1686 4676; baseline -0.002 -28"><span class='ocrx_word' id='word_1_309' title='bbox 257 4565 440 4676; x_wconf 67' lang='lat' dir='ltr'>Demlmq</span> <span class='ocrx_word' id='word_1_310' title='bbox 454 4563 594 4649; x_wconf 90' lang='lat' dir='ltr'>ultima</span> <span class='ocrx_word' id='word_1_311' title='bbox 614 4565 813 4649; x_wconf 85' lang='lat' dir='ltr'>causarum</span> <span class='ocrx_word' id='word_1_312' title='bbox 833 4481 957 4646; x_wconf 81' lang='lat' dir='ltr'>claffis</span> <span class='ocrx_word' id='word_1_313' title='bbox 974 4559 1452 4670; x_wconf 86' lang='lat' dir='ltr'>continet-quodcumque</span> <span class='ocrx_word' id='word_1_314' title='bbox 1470 4585 1634 4647; x_wconf 83' lang='lat' dir='ltr'>mutum</span> <span class='ocrx_word' id='word_1_315' title='bbox 1683 4596 1686 4603; x_wconf 75' lang='grc'>’</span> 
     </span>
     <span class='ocr_line' id='line_1_38' title="bbox 200 4675 1635 4790; baseline -0.001 -30"><span class='ocrx_word' id='word_1_316' title='bbox 200 4675 398 4790; x_wconf 86' lang='lat' dir='ltr'>sanguinis</span> <span class='ocrx_word' id='word_1_317' title='bbox 424 4678 465 4759; x_wconf 92' lang='lat' dir='ltr'>in</span> <span class='ocrx_word' id='word_1_318' title='bbox 490 4677 726 4790; x_wconf 79' lang='lat' dir='ltr'>corporibus</span> <span class='ocrx_word' id='word_1_319' title='bbox 747 4677 886 4762; x_wconf 87' lang='lat' dir='ltr'>validis</span> <span class='ocrx_word' id='word_1_320' title='bbox 912 4683 953 4759; x_wconf 76' lang='grc' dir='ltr'>ὃ(</span> <span class='ocrx_word' id='word_1_321' title='bbox 978 4675 1329 4757; x_wconf 85' lang='lat' dir='ltr'>inflammationem</span> <span class='ocrx_word' id='word_1_322' title='bbox 1360 4703 1441 4786; x_wconf 86' lang='lat' dir='ltr'>non</span> <span class='ocrx_word' id='word_1_323' title='bbox 1466 4701 1635 4760; x_wconf 54' lang='lat' dir='ltr'>tanuen*</span> 
     </span>
     <span class='ocr_line' id='line_1_39' title="bbox 201 4783 1636 4904; baseline -0.003 -34"><span class='ocrx_word' id='word_1_324' title='bbox 201 4788 306 4872; x_wconf 89' lang='lat' dir='ltr'>tibus</span> <span class='ocrx_word' id='word_1_325' title='bbox 333 4792 471 4874; x_wconf 85' lang='lat' dir='ltr'>vitiare</span> <span class='ocrx_word' id='word_1_326' title='bbox 494 4793 632 4904; x_wconf 84' lang='lat' dir='ltr'>potest.</span> <span class='ocrx_word' id='word_1_327' title='bbox 671 4783 802 4876; x_wconf 77' lang='lat' dir='ltr'>Latus</span> <span class='ocrx_word' id='word_1_328' title='bbox 825 4787 996 4899; x_wconf 76' lang='lat' dir='ltr'>reliquia</span> <span class='ocrx_word' id='word_1_329' title='bbox 1021 4789 1061 4870; x_wconf 91' lang='lat' dir='ltr'>in</span> <span class='ocrx_word' id='word_1_330' title='bbox 1087 4785 1281 4890; x_wconf 82' lang='lat' dir='ltr'>faminis,</span> <span class='ocrx_word' id='word_1_331' title='bbox 1306 4785 1463 4870; x_wconf 69' lang='lat' dir='ltr'>assedus</span> <span class='ocrx_word' id='word_1_332' title='bbox 1487 4791 1636 4871; x_wconf 85' lang='lat' dir='ltr'>carbar·</span> 
     </span>
     <span class='ocr_line' id='line_1_40' title="bbox 200 4895 1636 5017; baseline -0.002 -30"><span class='ocrx_word' id='word_1_333' title='bbox 200 4901 340 5010; x_wconf 83' lang='lat' dir='ltr'>rodei,</span> <span class='ocrx_word' id='word_1_334' title='bbox 356 4904 440 4986; x_wconf 74' lang='lat' dir='ltr'>ime</span> <span class='ocrx_word' id='word_1_335' title='bbox 457 4911 500 4988; x_wconf 78' lang='lat' dir='ltr'>bt</span> <span class='ocrx_word' id='word_1_336' title='bbox 517 4901 615 5016; x_wconf 77' lang='lat' dir='ltr'>saept</span> <span class='ocrx_word' id='word_1_337' title='bbox 630 4901 931 5017; x_wconf 85' lang='lat' dir='ltr'>pleuriticomm</span> <span class='ocrx_word' id='word_1_338' title='bbox 950 4902 1104 5016; x_wconf 83' lang='lat' dir='ltr'>sanguis</span> <span class='ocrx_word' id='word_1_339' title='bbox 1117 4895 1456 4984; x_wconf 72' lang='lat' dir='ltr'>resolviabfolutb</span> <span class='ocrx_word' id='word_1_340' title='bbox 1470 4920 1636 4984; x_wconf 84' lang='lat' dir='ltr'>renuent</span> 
     </span>
    </p>
   </div>
   <div class='ocr_carea' id='block_1_3' title="bbox 1253 5010 1410 5124">
    <p class='ocr_par' dir='ltr' id='par_1_7' title="bbox 1253 5010 1410 5124">
     <span class='ocr_line' id='line_1_41' title="bbox 1253 5010 1410 5124; baseline -0.032 1"><span class='ocrx_word' id='word_1_341' title='bbox 1253 5010 1410 5124; x_wconf 81' lang='lat' dir='ltr'>Gscii</span> 
     </span>
    </p>
   </div>
   <div class='ocr_carea' id='block_1_4' title="bbox 0 0 2139 5908">
    <p class='ocr_par' dir='ltr' id='par_1_8' title="bbox 0 0 2139 5908">
     <span class='ocr_line' id='line_1_42' title="bbox 0 0 2139 5908; baseline 0 0"><span class='ocrx_word' id='word_1_342' title='bbox 0 0 2139 5908; x_wconf 95' lang='lat' dir='ltr'> </span> 
     </span>
    </p>
   </div>
  </div>
 </body>
</html>
