4188 5916
463 359 551 448 3,
909 326 1017 415 on
1088 261 1452 420 Monnrs

468 511 509 590 in
524 498 750 620 herpetibus
764 493 962 600 sanandis,
987 499 1029 578 &
1048 494 1130 578 hoc
1149 494 1310 606 quidem
1331 494 1544 579 decoslum
1563 491 1605 574 in
1626 489 1736 578 libris
1752 489 1903 579 duabus

467 649 576 730 aquae
602 645 678 703 tres
698 615 833 698 uncias
856 606 997 692 radicis
1022 608 1236 720 coquendo
1261 640 1354 693 cum
1376 604 1495 693 uncii
1518 606 1614 694 semi
1635 604 1830 718 liquiritiae
1856 607 1904 694 ad

466 733 582 817 usum
604 731 769 815 servant.
801 723 971 806 Unciam
998 751 1116 806 unam
1141 731 1184 808 δι
1209 723 1304 808 serni
1317 784 1332 831 ,
1360 721 1439 807 unai
1464 720 1598 834 quarti
1625 720 1782 834 quique
1806 721 1905 807 hori

468 877 498 930 ae
529 872 574 930 ro
589 845 760 929 offerunt
775 845 816 923 dr
830 837 1021 952 patienter
1033 835 1197 920 remedii
1209 837 1429 922 efficaciam
1443 840 1661 952 expesiant.
1677 835 1903 948 Aliquando

468 879 599 1046 soium
617 961 698 1040 hoc
716 949 936 1038 remedium
948 948 1181 1052 adhibetur;
1200 947 1372 1065 jungitur
1387 947 1599 1062 aliquandi>
1614 981 1708 1034 cum
1721 947 1903 1065 legitimo

471 1073 542 1156 usu
569 1068 752 1156 mercurii
778 1063 975 1148 sublimati
999 1066 1202 1149 corrosrvi.
1239 1063 1462 1176 Quousque
1486 1061 1600 1172 hujus
1626 1063 1904 1149 medicamenti

463 1185 652 1271 efficacia
667 1178 899 1266 extendatur
911 1204 1093 1293 expertus
1110 1208 1195 1262 non
1208 1181 1331 1278 novi;
1353 1176 1519 1262 atcerte
1540 1176 1673 1261 multis
1693 1181 1734 1260 in
1755 1177 1902 1262 cafibus

471 1323 644 1412 corpore
664 1293 766 1380 beni:
788 1317 999 1406 praeparato
1019 1321 1090 1375 cur
1106 1320 1189 1375 non
1207 1294 1250 1375 in
1269 1290 1382 1375 usum
1402 1317 1657 1398 revocaretur
1675 1292 1724 1375 ad
1741 1290 1904 1408 diapho-

470 1412 585 1496 resim
606 1404 922 1525 promovendam
944 1412 986 1490 ὃ(
1010 1407 1197 1490 humores
1217 1408 1443 1518 herpeticos
1460 1404 1751 1516 'attenuandosi

526 1522 672 1636 Longe
690 1516 814 1626 major
830 1521 882 1604 est
900 1515 1002 1602 fami
1012 1581 1027 1624 ,
1047 1515 1116 1601 lon
1147 1518 1169 1602 ὲ
1184 1521 1309 1632 magis
1328 1523 1381 1603 est
1395 1517 1576 1605 extensus
1591 1515 1904 1602 antimonialium

472 1636 740 1721 remediorum
755 1633 842 1716 usus
855 1631 904 1716 ad
914 1630 1099 1716 eumdem
1111 1551 1277 1747 scopum
1289 1629 1563 1716 obtinendum.
1577 1630 1904 1744 praeparationum

472 1746 789 1833 antimonialium
811 1742 893 1828 aliae
915 1744 1117 1829 evidenter
1137 1748 1312 1830 emeticae
1329 1743 1438 1852 sunt,
1459 1746 1578 1828 etiam
1596 1746 1639 1826 in
1658 1743 1741 1828 dost
1764 1744 1903 1828 refrac-

472 1858 633 1966 tlssrmi,
650 1859 731 1943 aliae
747 1856 992 1942 mitescendo
1036 1884 1218 1972 urgantes
1232 1859 1429 1964 evadunt,
1455 1855 1538 1941 aliae
1553 1857 1734 1962 demum,
1753 1859 1781 1940 s1
1797 1858 1904 1968 quod

471 1976 519 2060 stt
545 1973 880 2058 medicamentum
905 1999 987 2082 quo
1043 1973 1150 2055 hunc
1176 1969 1246 2054 srbi
1272 1970 1431 2055 titulum
1455 1972 1796 2085 arrogatepolsrt,
1820 1971 1904 2054 sunt

472 2085 752 2202 diaphoreticte
772 2117 785 2185 3
812 2083 930 2198 quod·
941 2086 983 2168 in
998 2087 1109 2195 equis
1127 2082 1266 2194 quibus
1286 2083 1383 2198 saepe
1406 2113 1550 2168 crocus
1569 2081 1823 2168 metallorum
1843 2091 1901 2188 (a)

472 2201 556 2283 hoc
576 2198 645 2283 sub
670 2201 834 2282 nornine
861 2197 1025 2280 offertur
1045 2195 1194 2310 optime
1212 2224 1359 2281 norunt
1377 2197 1599 2307 equisones.
1626 2198 1728 2308 Qute
1748 2197 1822 2279 lint
1838 2197 1903 2280 illa

470 2337 680 2428 praeparata
712 2319 754 2396 &
788 2309 930 2422 quibus
963 2310 1079 2422 signis
1106 2309 1250 2423 poffint
1279 2309 1480 2394 evidenter
1511 2308 1754 2424 deprehendi
1784 2310 1904 2394 docet

473 2426 643 2509 Chemia
657 2424 717 2530 (b)
736 2453 856 2535 quam
870 2426 937 2506 hic
951 2451 1003 2506 co
1033 2426 1153 2504 nitam
1167 2422 1446 2538 supponemus.
1466 2423 1566 2506 Non
1577 2424 1632 2508 ita
1648 2451 1772 2537 nuper
1785 2429 1903 2508 virtus

470 2535 541 2622 illa
554 2540 753 2643 innotuit,
780 2538 865 2620 imi>
886 2537 915 2620 s1
933 2453 1095 2620 credere
1108 2535 1165 2618 sas
1185 2539 1258 2643 est,
1278 2533 1465 2620 dmorbis
1486 2540 1661 2620 cutaneis
1679 2536 1904 2622 animalium

470 2652 521 2736 ad
541 2655 737 2736 humanos
756 2650 845 2734 usus
864 2651 1126 2734 antimonium
1145 2647 1334 2734 transtulit
1353 2647 1514 2732 Balilius
1527 2646 1768 2734 Valentinus.
1791 2649 1906 2734 Hinc

470 2767 735 2850 antimonium
764 2763 930 2848 crudum
955 2765 1086 2875 primi)
1113 2770 1156 2847 ὃ(
1178 2762 1269 2846 ants
1295 2760 1370 2848 alia
1397 2761 1658 2848 medicamina
1683 2759 1908 2846 exhibitum

471 2880 549 2982 est,
572 2885 615 2960 ὅ(
634 2877 758 2960 hodie
777 2876 906 2960 adhuc
924 2872 1046 2957 basrm
1093 2871 1212 2958 raebet
1229 2875 1386 2959 famosis
1408 2873 1601 2959 Kunkelii
1617 2871 1754 2960 rotulis
1772 2879 1843 2986 qui
1857 2873 1907 2960 ad

472 2990 655 3102 herpetes
673 2987 864 3071 sanandos
878 2985 1005 3100 longo
1026 2905 1096 3070 urii
1109 2987 1160 3070 ad
1174 3017 1293 3101 grana
1312 2987 1552 3096 duodecim,
1575 2991 1659 3072 imi>
1679 2998 1721 3074 ὅ(
1745 2987 1906 3102 scrupu-

471 3099 557 3185 lum
574 3131 697 3185 unum
717 3097 1015 3213 praescribuntur
1030 3107 1115 3206 (c),
1142 3107 1184 3183 &
1207 3131 1376 3212 quorum
1400 3104 1484 3215 post
1502 3105 1799 3216 praeparationes
1818 3101 1907 3216 plu·

472 3218 588 3298 rimas
603 3217 806 3327 ingentem
820 3210 1061 3319 successum,
1075 3214 1160 3296 imi>
1176 3209 1388 3326 plenariam
1406 3214 1649 3300 sanationem
1666 3213 1763 3300 vidi.
1786 3213 1906 3300 Certe

469 3325 569 3412 licet
588 3325 757 3442 plurima
778 3325 924 3410 fuerint
946 3322 1060 3432 hujus
1082 3323 1330 3412 semimetalli
1357 3353 1564 3442 preparata
1594 3330 1807 3435 chemica,
1832 3357 1906 3412 nec

470 3437 599 3526 ullum
628 3437 735 3524 aliud
766 3440 879 3525 adeb'
895 3438 1078 3525 torserint
1102 3435 1216 3544 hujus
1247 3443 1337 3524 artis
1366 3440 1631 3554 professores,
1659 3441 1780 3528 habet
1806 3440 1907 3526 illud

469 3552 542 3637 srbi
568 3555 772 3668 proprium
801 3555 1064 3638 antimonium
1093 3549 1210 3662 quale
1233 3579 1371 3637 natura
1393 3551 1466 3636 srbi
1490 3552 1764 3662 combinavit,
1797 3553 1908 3666 quod

469 3691 561 3780 agat
587 3669 727 3780 partlm
756 3664 969 3778 sulphure,
998 3669 1138 3781 partim
1167 3663 1307 3780 regulo
1330 3699 1343 3768 3
1369 3668 1491 3780 porri)
1521 3665 1744 3783 &sulphur
1770 3666 1908 3782 perse

471 3777 790 3894 diaphoreticum
804 3780 876 3884 est,
894 3786 934 3861 ὁ(
952 3777 1052 3862 intrir
1066 3777 1242 3889 liquores
1256 3783 1452 3864 humanos
1467 3777 1653 3887 solvitur,
1665 3788 1706 3864 ὅ(
1722 3809 1765 3866 re
1822 3779 1906 3884 lus,

469 3889 539 3974 ubi
551 3889 604 3976 ob
616 3889 778 4008 sulphur
787 3893 933 3976 virtute
945 3890 1356 4000 destituituremetici,
1373 3892 1684 4006 diaphoreticam
1699 3903 1741 3978 &
1774 3892 1909 3978 umme

469 4027 735 4090 attenuantem
747 4006 934 4090 virtutem
948 4001 1115 4089 obtinet.
1135 4006 1287 4092 Verirm
1298 4009 1345 4091 iis
1359 4006 1504 4091 diutius
1517 4007 1682 4092 insistere
1696 4033 1741 4092 ut
1755 4003 1911 4092 summe

471 4118 642 4306 copmtis
661 4116 796 4232 pudet.
1440 4195 1443 4202 .

559 4229 616 4309 ost
639 4255 737 4342 ergo
761 4232 1025 4316 antimonium
1042 4227 1210 4314 crudum
1233 4229 1343 4315 stabit
1362 4233 1526 4348 ethiops
1546 4231 1744 4316 mineralis
1765 4225 1913 4315 eisdem

467 4332 553 4418 serie
563 4337 751 4425 facultate
762 4345 954 4457 praeditus.
966 4345 1075 4427 Nam
1088 4344 1200 4454 quod
1213 4344 1263 4428 ad
1277 4341 1422 4429 bezoar
1430 4346 1633 4451 minerale,
1642 4345 1917 4430 antimonium

467 4446 786 4564 diaphoreticum
810 4464 852 4541 &
870 4458 1014 4542 inertes
1037 4455 1170 4544 calces
1191 4455 1346 4544 estibio
1371 4457 1571 4548 consessas
1598 4461 1766 4572 attinet,
1790 4453 1918 4542 multi

507 4657 567 4734 (α)
587 4657 722 4732 Defecit,
742 4661 847 4726 Masuri.
862 4663 897 4726 de
915 4663 1051 4731 Poitrioe·

510 4733 570 4816 (l)
590 4737 725 4802 Ermuller
742 4741 859 4806 Clitorio
875 4747 911 4808 de
927 4748 1090 4811 estimonio.

511 4825 569 4900 (t)
589 4815 631 4886 V·
645 4817 738 4898 nou,
755 4821 883 4890 eltutus
899 4827 933 4892 dc
949 4826 1079 4906 cums,
1096 4827 1281 4914 custumis,
1297 4823 1358 4890 lla
1375 4821 1425 4892 lio.
