4246 5900
555 473 1252 578 rurnoovc'r'r'o.
1348 469 1358 482 '
1592 513 1623 604 7

199 651 303 768 quast
319 651 523 753 tendinea;
536 651 701 736 interior
721 675 861 736 contra
877 648 1024 756 laxior,
1040 658 1081 736 bt
1097 651 1200 766 adipi
1215 653 1423 769 contigua;
1443 649 1510 740 sed
1525 687 1618 744 cum

198 797 251 854 eo
276 767 564 852 consentiemus
586 790 800 850 annotante
822 759 931 846 illam
953 763 975 847 ὲ
993 760 1136 848 laxiori
1155 791 1281 850 ortam
1296 771 1449 883 origine
1468 769 1620 887 semper

197 880 424 987 addensari,
440 878 536 963 diam
551 875 603 961 ad
614 879 808 962 exteriora
828 875 1089 990 progreditur.
1605 915 1609 922 -

266 992 532 1104 Quicumque
546 1017 677 1074 autem
693 993 734 1074 in
754 1015 863 1104 parte
879 993 1068 1104 reperitur
1083 991 1182 1075 cutis
1199 989 1286 1076 sana
1312 987 1435 1103 qualis
1455 992 1476 1076 i
1492 991 1618 1108 primi

199 1110 331 1191 extitit
354 1107 530 1190 hominis
555 1105 780 1208 nativitate,
797 1128 871 1184 nec
892 1101 1140 1186 cicatricibus
1163 1103 1389 1218 deturpata,
1409 1133 1485 1190 nec
1512 1111 1620 1194 adus-

197 1223 312 1303 tione
342 1215 443 1300 saedb
471 1213 676 1326 lavigata,
706 1215 782 1298 srve
813 1215 974 1297 fluduet
1003 1211 1094 1320 illa,
1128 1216 1205 1298 live
1232 1215 1350 1299 alicui
1384 1223 1620 1334 apprimatu'r

226 1335 304 1414 arti
327 1337 370 1412 bt
397 1330 490 1410 huic
518 1325 705 1410 adhaerere
729 1325 937 1432 videatur,
964 1323 1166 1409 substratus
1191 1328 1344 1440 semper
1365 1326 1467 1434 jacet
1491 1359 1620 1422 textus

195 1361 335 1525 saxior
358 1438 561 1524 cellularis.
578 1438 706 1521 ‘Hunc
720 1439 748 1521 fi
762 1439 852 1522 casu
873 1437 1119 1552 supposueris
1139 1437 1390 1547 destrufium,
1405 1441 1515 1527 illicb
1561 1479 1622 1530 ar⁴

196 1553 309 1638 tibus
338 1549 407 1634 sub
430 1576 521 1636 cute
549 1547 766 1656 jacentibus
793 1549 906 1634 firme
939 1551 1105 1634 adhaeret
1135 1557 1234 1636 cutis
1264 1547 1492 1639 immobilis.
1529 1478 1623 1646 blec

196 1663 418 1752 immobilis
441 1669 592 1747 tantiam
623 1665 783 1768 evadit,
809 1663 876 1746 sed
897 1660 1101 1776 laevigata,
1132 1671 1172 1746 ὃ(
1195 1667 1297 1774 quast
1319 1666 1492 1778 collapsa
1520 1699 1623 1754 nun-

202 1807 322 1890 quam
331 1775 542 1884 humescit,
558 1783 616 1883 δε,
626 1801 839 1861 annotante
853 1772 910 1860 ill.
921 1777 1023 1859 Kav
1038 1775 1300 1884 Boerrhaave‚
1311 1778 1624 1894 imperspirabilis

203 1889 344 1976 evadit.
582 1919 585 1926 ·

268 2003 380 2086 Hinc
399 2028 498 2114 ergo
527 1999 607 2084 srne
625 1995 699 2082 illo
729 2005 829 2084 cutis
859 1997 1019 2114 concipi
1047 2031 1129 2084 non
1153 2000 1301 2115 potest3
1331 2001 1520 2115 srquidem
1556 2007 1626 2093 illa

203 2141 342 2198 contra
364 2141 547 2198 naturam
573 2109 830 2197 immobilitas
849 2117 913 2198 est.
929 2113 976 2196 Id
991 2117 1160 2224 primum
1183 2117 1233 2200 de
1253 2119 1360 2216 cutis,
1370 2123 1625 2230 generatione

205 2225 484 2311 meditantibus
498 2289 512 2332 ‚
526 2226 675 2311 aditum
692 2224 837 2337 prabet
848 2227 896 2309 ad
911 2221 991 2332 ejus
1009 2229 1250 2311 intimiorem
1271 2229 1494 2312 struduram
1509 2261 1626 2346 pene-

206 2339 382 2424 trandam
404 2337 532 2424 altius.
552 2337 703 2422 Laxior
721 2343 828 2422 enim
849 2336 917 2421 illa
937 2336 1132 2422 cellularis
1154 2339 1254 2446 tela,
1277 2341 1414 2425 senfrm
1432 2340 1627 2430 breviori-

207 2449 282 2536 bus
300 2479 417 2564 atque
444 2449 690 2535 brevioribus
718 2449 871 2535 cellulis
892 2475 1045 2534 textum
1070 2453 1245 2536 suumin
1274 2453 1314 2536 se
1340 2453 1559 2564 adducens,
1581 2461 1626 2542 fit

211 2565 392 2672 strictior,
418 2562 608 2675 brevique
628 2565 851 2646 strifliffima
862 2625 876 2670 ,
900 2563 967 2647 sed
991 2565 1039 2672 ad
1064 2564 1186 2675 usque
1208 2591 1423 2650 extremam
1444 2572 1544 2652 cutis
1569 2569 1628 2654 su·

210 2679 433 2789 perficiem,
453 2703 631 2760 naturam
645 2677 752 2757 suam
765 2675 1027 2758 servatunda
1048 2701 1133 2759 tota
1154 2681 1254 2761 cutis
1272 2677 1466 2782 cellularis
1486 2684 1537 2763 est
1547 2743 1562 2786 ,
1586 2691 1629 2764 bt

208 2789 391 2874 vasorum
423 2785 684 2902 multiplicata
715 2789 915 2890 tenuitas,
949 2784 1183 2869 multiformi
1218 2785 1503 2902 glomeramine
1535 2793 1629 2874 dum

209 2901 373 2987 cellulas
395 2900 481 2986 illas
500 2903 719 2986 exteriores
747 2899 850 3008 quali
873 2894 1048 3011 implet,
1074 2924 1215 2982 cavum
1244 2899 1480 3006 dissimulat,
1504 2903 1557 2985 ita
1586 2929 1630 2990 ut

209 3017 253 3098 in
277 3011 451 3100 extremi
474 3012 541 3096 illi
559 3034 678 3119 cute,
698 3027 818 3118 area,
837 3011 904 3094 seu
923 3013 1053 3205 pptiias
1068 3009 1206 3095 areola
1219 3017 1370 3096 tannim
1384 3011 1628 3126 judicentur,

209 3155 304 3238 quas
327 3126 490 3212 cellulas
513 3153 646 3210 natura
667 3125 900 3208 efformavit.
989 3125 1048 3207 his
1067 3129 1165 3208 verb
1188 3129 1336 3209 acutius
1357 3125 1627 3240 inspiciendis,

208 3266 327 3352 atque
345 3241 400 3326 ad·
416 3238 562 3323 limbos
590 3238 712 3348 usque
742 3239 841 3320 cutis
865 3235 1229 3348 deprehendendis,
1250 3267 1349 3352 opus
1377 3243 1451 3323 erit
1471 3241 1632 3324 micros-

211 3359 363 3468 copi0,
386 3351 496 3464 quod
526 3348 598 3436 tibi
629 3378 762 3434 cutem
793 3351 847 3431 ita
871 3349 1116 3432 ¹efformatam
1149 3349 1452 3458 demonstrabit,
1476 3374 1522 3431 ut
1549 3383 1632 3462 quae

210 3473 367 3551 corium
381 3467 561 3550 efficiunt
579 3461 730 3548 cellulae
751 3459 774 3545 ir
797 3487 908 3544 textu
927 3459 1104 3546 cellulari
1124 3460 1336 3568 substrat0,
1366 3464 1502 3546 sensim
1519 3469 1632 3548 vario

187 3575 352 3664 ‘ordine
379 3580 643 3662 ardentuflin
672 3575 930 3660 tenuissimam
957 3572 1180 3681 fabricam,
1213 3605 1300 3688 pars
1327 3577 1425 3658 verb
1456 3579 1631 3684 extima,

212 3695 307 3777 vasis
336 3689 521 3804 fibrisque
550 3692 702 3773 nerveis
715 3750 730 3796 ,
768 3694 812 3769 ὅτ
841 3686 1035 3800 praecipue
1064 3713 1276 3770 nervorum
1305 3691 1448 3770 tunicis
1478 3713 1634 3772 textum

214 3804 420 3888 mucosum
439 3799 701 3888 efficientibus
725 3799 946 3898 formetur;
973 3799 1041 3882 sed
1068 3822 1210 3892 tamen,
1224 3800 1405 3884 vasorum
1436 3799 1505 3884 ille
1531 3800 1635 3884 ordo

214 3915 397 4024 ultimus,
416 3914 497 4002 &d
517 3911 714 4000 cellulosrs
730 3908 966 3995 membranis
987 3914 1135 4018 oritur,
1154 3920 1195 3996 ὃ(
1217 3909 1265 3994 ab
1291 3911 1367 3996 illis
1393 3913 1632 4000 sustentatur.

213 4031 332 4115 Hanc
362 4059 524 4114 omnem
558 4025 746 4110 fabricam
778 4022 980 4166 perspicue
1014 4023 1228 4108 admodiam
1256 4026 1306 4109 de
1334 4023 1556 4133 rehendes,
1591 4031 1645 4132 in⁸

216 4171 306 4228 cute
327 4145 477 4228 recenti
495 4137 634 4256 puerili
656 4165 774 4250 quam
792 4165 890 4249 aqua
910 4138 1041 4252 tepidi
1067 4142 1172 4252 prius
1190 4136 1292 4220 bene
1307 4057 1436 4218 lotam
1459 4135 1634 4251 aliquam

217 4257 332 4370 risper
359 4257 627 4340 maceraveris.

266 4369 360 4452 Nec
382 4366 468 4452 illas
488 4364 650 4450 cellulas
671 4365 712 4445 in
732 4367 828 4446 statu
846 4361 939 4445 sano
967 4363 1078 4444 omni
1101 4365 1269 4444 humore
1287 4389 1431 4448 vacuas
1452 4363 1634 4448 credide-

218 4483 314 4582 rim,
341 4509 388 4566 ut
409 4483 515 4565 enim
537 4477 747 4593 ampliores
768 4472 918 4558 cellulae
944 4473 1058 4585 adipe
1080 4471 1291 4590 implentur
1312 4475 1523 4585 aliquando
1535 4538 1549 4582 ,
1580 4478 1639 4560 fre

219 4595 382 4676 minima
401 4591 475 4676 illa
493 4594 663 4677 humore
682 4586 849 4671 mucoso
867 4585 1140 4671 concrescibili
1156 4585 1307 4702 semper
1318 4613 1487 4702 turgent.
1510 4587 1636 4672 Hunc
1702 4625 1714 4632 ·

220 4703 369 4791 faciles
390 4733 483 4790 cute
499 4705 654 4788 infantis
668 4727 805 4787 recens
824 4703 985 4804 mortui,
999 4697 1078 4784 levi
1095 4705 1193 4785 cutis
1212 4701 1404 4816 pressione
1418 4705 1639 4816 exprimas,

221 4825 265 4900 bc
292 4817 426 4904 melibs
455 4820 583 4911 adhuc
608 4845 657 4902 ex
680 4842 773 4900 cute
795 4843 931 4899 recens
956 4843 1150 4929 puerpera
1176 4817 1218 4894 in
1248 4813 1323 4948 qui
1338 4813 1459 4898 'mers
1488 4813 1633 4896 lasleus

220 4927 545 5050 subturbidusque
566 4945 734 5050 apparet.
751 4925 826 5016 Illa
839 4928 989 5037 mucoss
1009 4927 1117 5015 succi
1137 4929 1180 5016 in
1197 4925 1344 5016 ulimris
1361 4931 1461 5014 curis
1482 4919 1638 5014 cellulis
