4136 5892
497 441 554 542 76
747 429 841 524 Da
907 412 1210 522 Monens
1282 433 1682 527 connivere.

496 601 736 796 templum,
766 599 845 686 stne
871 595 953 682 ulla
980 599 1233 710 mutatione,
1268 598 1334 687 vel
1363 605 1404 686 in
1430 600 1617 710 sanitate,
1654 597 1722 688 vel
1746 600 1788 684 in
1807 595 1922 686 funcd

496 739 597 798 nom
627 745 684 798 us.

214 903 244 964 D
285 825 384 966 Ἤ·
422 905 440 968 1·
553 825 643 950 Post
669 823 900 941 srmplicium
926 820 1171 937 pustularum
1184 821 1344 909 facilem
1367 821 1584 940 diagnosrm
1613 823 1811 912 difficilitas
1837 825 1922 944 dig-

193 1002 230 1048 ,ο
247 923 472 1072 ζυζωξὲιξῃξζ
496 939 712 1023 noscuntur
738 947 778 1022 ὃ(
800 936 1070 1052 praesagiuntur
1088 967 1171 1048 quae
1194 935 1387 1054 simplices
1406 967 1526 1047 orta,
1548 937 1679 1055 postea
1695 963 1919 1044 mutantur,

495 1079 563 1137 aut
575 1055 744 1136 humore
762 1047 891 1134 alieno
910 1055 951 1132 ὃ(
971 1075 1079 1134 extra
1094 1049 1182 1134 vasa
1201 1053 1397 1164 stagnante
1417 1079 1459 1136 re
1487 1050 1637 1160 lentur,
1658 1081 1821 1163 quarum
1835 1082 1921 1162 quae

495 1157 906 1280 srmpliciffimaei'lpoa
923 1159 1031 1246 distat
1042 1189 1095 1270 ,a
1123 1191 1214 1244 uam
1232 1160 1300 1246 seu
1345 1083 1485 1248 otiitsl
1510 1167 1669 1280 mpham
1689 1167 1918 1270 continent,

494 1287 538 1364 δι
557 1277 763 1360 nascuntur
777 1274 907 1388 saepiirs
926 1189 1224 1470 emp-pesculo
1239 1195 1538 1391 erysipelatolb,
1560 1277 1773 1389 aliquandi)
1785 1304 1918 1361 tamen

492 1393 634 1478 &stne
663 1385 748 1470 ullo
773 1381 972 1501 pediculo.
1044 1417 1072 1467 ae
1096 1388 1137 1468 in
1167 1385 1321 1470 summo
1347 1386 1482 1472 calore
1512 1388 1718 1474 &sudore
1747 1388 1917 1473 febrium

349 1565 364 1578 ..
491 1506 573 1588 acri
599 1501 877 1606 innascuntur,
906 1496 989 1581 sere
1018 1521 1219 1608 nunquam
1241 1501 1408 1606 criticae,
1440 1529 1512 1614 pus
1541 1504 1660 1584 etiam
1686 1502 1918 1585 mitescente

489 1609 636 1698 morbo
662 1611 1129 1724 aliquandbconcipiunt
1152 1609 1366 1722 aquosum,
1389 1609 1434 1694 sae
1462 1617 1520 1696 iias
1540 1616 1581 1697 in
1603 1613 1766 1696 farinam
1784 1612 1916 1698 levem

391 1779 397 1800 ι
489 1741 716 1834 verttmtur,
739 1723 875 1811 abraso
899 1721 1168 1836 epidennide,
1194 1726 1278 1807 citit
1294 1641 1526 1810 tollentlam.
1552 1723 1634 1808 Illae
1653 1723 1750 1837 sapi:
1768 1722 1789 1807 ὲ
1809 1727 1919 1838 pers-

486 1841 684 1954 piratione
698 1833 869 1952 inpressi
890 1861 1009 1942 ortae,
1024 1832 1134 1920 brevi
1148 1837 1412 1942 evanescunt,
1437 1839 1506 1922 nist
1523 1839 1669 1922 intersit
1681 1836 1808 1921 serum
1823 1867 1914 1922 acre

487 1953 720 2066 &pruriens
737 1947 846 2062 quod
862 1945 948 2032 illas
970 1973 1136 2033 renovet
1149 1949 1295 2060 fiatque
1311 1946 1488 2050 Konta
1501 1946 1599 2034 illud
1620 1975 1819 2054 veterum,
1843 1954 1915 2031 mi-

483 2063 590 2150 liaria
615 2065 770 2180 eruptio
796 2061 1057 2165 Latinorum,
1078 2063 1243 2171 quamsi
1269 2059 1395 2146 calori
1411 2059 1539 2170 junsia
1557 2063 1659 2147 stt&
1677 2061 1825 2146 alicuil
1853 2093 1914 2144 m-

485 2179 572 2290 phae
595 2177 817 2280 tenacitati,
841 2173 1046 2258 vocaveris
1078 2201 1171 2256 cum
1196 2177 1363 2286 antiquis
1375 2171 1567 2294 ’χάλαζαι
1591 2173 1659 2258 seu
1691 2093 1914 2370 {mosim

487 2289 635 2374 clame
652 2283 872 2402 'pellucidis
906 2283 1122 2368 tuberculis
1145 2312 1349 2369 vertuntur
1376 2289 1417 2369 in
1451 2289 1677 2424 eruptiones
1732 2289 1913 2386 uriores;

485 2415 570 2510 quat
589 2427 721 2485 tamen
740 2398 952 2486 conversto'
968 2395 1199 2483 animalibus
1215 2424 1259 2483 ut
1276 2396 1406 2486 suibus
1424 2396 1552 2484 multo
1568 2403 1692 2514 magis
1713 2397 1913 2484 familiaris

485 2515 661 2710 estllsalsbi
685 2626 850 2742 pustulas
865 2620 978 2711 illicit
993 2653 1136 2712 cruore
1147 2621 1284 2744 plenas
1298 2655 1380 2710 non
1395 2624 1637 2731 inauditum,
1660 2623 1911 2735 quodfinon

483 2738 706 2936 pestiferum
726 2741 798 2848 stt,
819 2737 955 2824 saltem
974 2769 1049 2854 pro
1067 2741 1236 2934 inperitis
1254 2737 1347 2821 mali
1366 2736 1520 2822 latentis
1543 2737 1707 2822 indicio·
1720 2737 1821 2820 rens
1836 2739 1908 2820 ha-

513 2879 625 2959 etur,
648 2848 957 2964 scorbuticisque
973 2881 1019 2938 ac
1041 2879 1106 2936 me
1123 2849 1343 2936 ancholicis
1364 2847 1472 2935 malo
1490 2846 1568 2956 jam
1586 2849 1826 2964 consumptis
1846 2875 1909 2934 res

483 2963 696 3076 aliquandi)
711 2963 867 3049 accidit.
887 2963 1113 3048 Grandaevis
1128 2965 1270 3070 etiarn,
1285 2967 1377 3046 ciam
1396 2963 1524 3049 serum
1546 2991 1636 3048 acre
1659 2965 1846 3046 retinetur
1858 2962 1910 3045 ad

482 3081 625 3184 cutim,
645 3075 751 3160 idem
764 3079 895 3162 evenit
902 3139 917 3184 ,
933 3106 1015 3162 non
1031 3075 1132 3162 adeo
1144 3076 1251 3160 malo
1269 3079 1424 3182 omine,
1440 3081 1532 3160 clun
1546 3102 1628 3160 rem
1641 3103 1710 3208 per
1723 3072 1788 3207 sex
1804 3078 1909 3158 inte·

374 3404 377 3412 ,
480 3185 1908 3416 {ssiassinlisssnbmissalis?inissetis

480 3445 530 3500 re
548 3411 677 3498 sormi
689 3414 792 3499 foras
843 3411 928 3498 ellit
973 3423 1016 3500 δι
1030 3443 1108 3528 ope
1120 3417 1224 3527 puris
1239 3411 1336 3499 levis
1356 3412 1494 3497 locum
1508 3409 1589 3518 ejus
1612 3413 1844 3527 occupantis
1861 3411 1909 3494 sit

483 3525 591 3611 bona
608 3529 771 3611 cicatrix
787 3445 850 3632 (sl.
868 3479 1005 3642 Vulgo
1024 3523 1284 3612 *ascorbutica
1295 3524 1569 3640 protheiformi
1583 3523 1690 3632 labe,
1705 3521 1836 3637 lvagai
1847 3553 1909 3606 ar-

480 3639 642 3724 thritide
668 3669 785 3752 quam
807 3645 848 3722 ὅ(
872 3639 988 3724 done
1018 3640 1132 3723 &ad
1159 3666 1300 3723 naturae
1328 3637 1505 3723 tesseram
1529 3635 1726 3753 descripsrt
1752 3632 1909 3750 Anglus

481 3748 695 3864 Musgrave
744 3749 872 3835 ustulae
890 3751 965 3835 illae
984 3752 1185 3837 deducunt
1198 3753 1259 3834 ori
1288 3752 1406 3837 inem.

535 3863 686 3948 Verum
703 3783 915 3972 aliquando
940 3867 1073 3948 evenit
1093 3892 1140 3948 ut
1162 3781 1317 3979 pustulae
1341 3859 1416 3946 illae
1435 3862 1649 3980 sanguinea
1677 3857 1699 3943 ὲ
1727 3858 1906 3946 varicosl

480 4001 669 4060 venarum
684 3973 935 4086 dispositione
956 3977 998 4056 in
1014 3974 1190 4058 cruribus
1205 3975 1411 4088 pendeant.
1428 3975 1493 4058 Eae
1511 3981 1578 4060 vix
1604 3999 1812 4079 curantur,
1829 4001 1906 4058 nec

480 4089 550 4169 nist
565 4087 730 4202 longum
747 4113 816 4282 per
835 4112 987 4283 temp-us
1008 4087 1111 4196 quast
1122 4085 1260 4202 sponte
1283 4087 1433 4203 &steps
1448 4115 1600 4171 mutato
1615 4085 1788 4170 funditits
1800 4089 1906 4198 regi-

479 4201 588 4284 mine
601 4204 744 4284 vitato
762 4199 906 4285 luntur.
957 4197 1141 4284 aediosum
1155 4197 1253 4284 illud
1265 4197 1411 4282 malum
1423 4198 1630 4316 presertim
1646 4196 1846 4282 observavi
1860 4199 1905 4280 in

479 4309 710 4394 mulieribus
729 4311 991 4420 monialibus,
1005 4342 1087 4423 quae
1102 4319 1193 4397 cium
1209 4307 1377 4396 delicat&
1395 4313 1566 4398 educata
1584 4313 1755 4415 suerint,
1771 4307 1904 4426 postea

479 4447 580 4506 voto
602 4419 804 4534 religionis
828 4423 942 4508 eausa
975 4425 1177 4542 suscepto,
1202 4424 1306 4508 duris
1330 4424 1369 4510 se
1397 4422 1594 4511 laboribus
1616 4448 1826 4527 exercent,
1859 4431 1904 4506 &

477 4532 576 4619 stant
609 4537 740 4619 ereslo
774 4535 815 4617 in
850 4531 1064 4640 srtu,di1m
1095 4539 1240 4624 officiis
1261 4537 1450 4623 intersunt
1464 4540 1616 4623 divinis.
1633 4533 1780 4620 Forsan
1801 4531 1903 4617 illud

478 4645 628 4730 malum
643 4645 752 4756 quod
767 4649 808 4728 in
824 4643 1071 4736 lavatricibus
1087 4656 1205 4736 etiam
1219 4650 1301 4736 vidi
1320 4649 1400 4736 viti
1413 4649 1579 4736 meliore
1592 4644 1905 4762 conquiesceret.

516 4811 579 4882 (a)
602 4805 677 4868 Vide
693 4805 870 4870 Aristotelem
891 4809 927 4871 de
948 4809 1050 4872 morbis
1068 4815 1242 4875 animalium.

516 4885 574 4968 [6)
592 4889 623 4952 st
634 4889 738 4950 malum
751 4889 785 4949 ab
796 4890 894 4952 altiore
906 4899 934 4954 et
944 4889 1127 4960 reconditiere
1139 4897 1220 4958 causi
1233 4907 1288 4960 uon
1299 4891 1424 4978 pendeat.
