4246 5900
585 356 1324 504 rnrao'oucrro
1623 447 1683 536 'rr

308 604 311 613 ’
425 601 1039 736 nnrrounus
1130 646 1500 738 Parmos,

663 895 731 982 De
757 893 869 980 rebus
896 925 973 982 non
999 895 1249 982 naturalibus.

292 1143 477 1234 Primum
500 1149 572 1234 srbi
593 1151 635 1236 in
656 1146 839 1234 omnibus
867 1145 984 1231 rebus
1008 1146 1192 1232 humanis
1219 1145 1359 1234 locum
1383 1149 1561 1240 vindicat
1589 1163 1653 1244 abr
1664 1219 1682 1268 ,
1715 1139 1871 1290 „babes

237 1264 328 1347 live·
346 1263 594 1348 endemicam
615 1267 695 1366 cuti
716 1261 1012 1375 disposrtionem
1031 1260 1193 1366 afferat,
1218 1263 1298 1347 srve
1319 1266 1556 1378 epidemicas
1579 1298 1684 1359 con·
1748 1247 1765 1290 ⁶
1844 1239 1871 1296 ⁶

202 1405 210 1414 ·
238 1379 348 1462 citet
373 1373 491 1460 labes.
520 1375 666 1462 Verium
693 1376 744 1461 de
766 1375 851 1490 ipso
875 1377 930 1458 ita
956 1377 1118 1458 trasiare
1145 1399 1190 1457 ut
1212 1375 1407 1490 possrbilia
1426 1389 1577 1468 tantiam
1599 1384 1685 1474 sec·

241 1513 375 1572 temur
399 1518 542 1574 vanum
568 1491 621 1574 est
649 1497 692 1574 &
719 1493 930 1602 ingratum.
964 1487 1016 1570 Ei
1044 1491 1197 1570 tantiam
1223 1491 1392 1576 infistere
1425 1491 1614 1584 debemus
1640 1525 1686 1588 ut

242 1600 369 1685 causa
399 1604 568 1714 cognitae
596 1612 639 1687 ὅ(
660 1602 846 1706 efficaci,
872 1603 914 1684 in
930 1630 1012 1711 quo
1027 1597 1118 1715 plut
1140 1603 1391 1714 experientiae
1413 1604 1588 1694 dandum
1604 1615 1687 1727 est,

241 1723 362 1826 quarn
388 1712 636 1828 supervacua
662 1717 839 1801 theoria.
1320 1737 1322 1742 ·
1685 1723 1688 1732 “

301 1825 548 1914 Mutationes
574 1834 616 1913 in
644 1856 802 1944 genere·
819 1827 1121 1942 tempestatum,
1142 1856 1277 1941 eatque
1295 1831 1452 1939 subita,
1484 1838 1577 1922 clnn
1594 1837 1688 1954 plu·

243 1941 341 2024 rima
364 1939 441 2025 alia
463 1939 566 2026 mala
590 1944 725 2028 secum
746 1943 960 2045 invehant,
983 1946 1068 2024 tbrn
1090 1944 1209 2026 etiam
1230 1949 1313 2029 cuti
1334 1972 1506 2038 nocent»
1525 1951 1688 2038 Etenim

242 2058 336 2137 ciam
355 2058 396 2137 in
421 2054 557 2140 calore
579 2055 780 2141 exhalatio
805 2056 976 2138 maxima
999 2055 1068 2163 stt,
1093 2057 1137 2140 in
1156 2055 1308 2170 frigore
1330 2063 1490 2166 minor,
1509 2063 1539 2145 fi
1556 2063 1689 2150 subiti)

130 2160 133 2169 ’
242 2169 285 2250 in
316 2171 488 2253 minimis
521 2171 618 2254 vasrs
649 2172 791 2254 haereat
825 2170 1036 2274 materies,
1069 2196 1146 2252 nec
1206 2171 1322 2277 offit,
1355 2199 1423 2256 aut
1451 2202 1527 2290 prae
1557 2174 1689 2264 subito

241 2277 428 2365 uasorum
449 2282 662 2368 eretbismo
688 2278 892 2397 retropelli
905 2341 922 2387 ‚
948 2306 1015 2364 aut
1041 2279 1089 2364 ab
1116 2281 1201 2393 ipsa
1227 2281 1294 2367 sual
1318 2285 1502 2372 acredine
1526 2286 1691 2376 vellicet

243 2391 331 2480 illas
358 2397 400 2476 in
424 2425 533 2506 quas·
549 2395 761 2509 deponitur
787 2421 942 2510 partes,
963 2395 1075 2478 fiunt·
1090 2418 1269 2480 tumores
1295 2396 1556 2512 eryfipelatosr
1568 2463 1584 2509 ,
1605 2407 1691 2488 imo

248 2513 296 2590 dt
319 2507 513 2592 oedemata
539 2510 636 2625 sape
663 2505 921 2607 universalia,
945 2508 1026 2590 srne
1052 2503 1140 2590 ullo
1170 2511 1250 2590 alio
1279 2507 1328 2592 ab
1355 2515 1548 2597 intimiori
1576 2511 1691 2602 fonte

247 2620 465 2734 repetendo
484 2624 600 2707 vitio.
629 2622 731 2705 Haec
753 2621 849 2733 sape
868 2616 935 2704 vel
955 2648 1033 2700 una
1054 2622 1140 2730 post
1160 2617 1314 2706 calores
1332 2623 1475 2735 frigida
1490 2654 1573 2708 nox
1589 2630 1692 2712 intu-

243 2730 293 2817 lit
317 2737 484 2820 incautis
518 2741 561 2818 ὃ(
591 2729 936 2847 imprudentibus,
964 2754 1031 2810 aut
1060 2733 1107 2813 iis
1134 2759 1236 2837 quos
1264 2732 1335 2814 sub
1363 2736 1432 2818 dio
1488 2741 1692 2828 ernottare

248 2851 388 2962 coegit
406 2847 640 2953 necessrtas,
661 2846 756 2928 teste
773 2845 814 2927 in
832 2837 1022 2927 Armenii
1042 2839 1361 2950 Tourneforrio,
1388 2853 1430 2930 δι
1450 2765 1579 2962 lbngo
1602 2879 1693 2940 ante

244 2959 584 3048 rTournefortium
608 2985 790 3073 tempore
814 2955 856 3039 id
879 2977 1094 3036 annotante
1115 2955 1158 3034 in
1180 2955 1415 3040 Graecorum
1438 2988 1510 3073 per
1533 2991 1693 3052 montet

248 3070 445 3160 'Armeniae
459 3073 587 3158 reditu
603 3071 880 3184 Xenophonte
903 3067 1144 3150 Atheniensr.
1167 3066 1216 3148 In
1235 3071 1283 3152 iis
1298 3071 1522 3156 universum
1545 3106 1693 3193 corpus

241 3187 405 3284 ,videtur
436 3186 542 3298 quast
574 3211 666 3271 toto
701 3181 909 3268 volumine
938 3179 1122 3290 adaugeri
1154 3186 1208 3261 δι’
1226 3183 1452 3291 incrassati,
1484 3213 1578 3272 cute
1606 3221 1692 3288 non

248 3301 402 3385 tumidi
422 3298 576 3406 solum,
598 3297 665 3382 sed
684 3293 916 3404 durantque
935 3294 1128 3375 resistente
1148 3297 1190 3374 bt
1208 3291 1362 3410 elastici
1372 3357 1387 3402 ,
1411 3297 1694 3413 perspiratione

248 3412 400 3499 intereb
425 3410 628 3517 cohibita,
659 3412 744 3494 imb
768 3418 811 3493 ὅ(
833 3411 875 3491 in
900 3400 1111 3519 pulmones
1135 3403 1256 3491 reflua
1282 3414 1325 3490 dt
1354 3409 1531 3496 anhelitu
1555 3415 1695 3500 thora-

250 3555 343 3612 cem
358 3527 559 3642 fatigante.
583 3521 814 3634 Aliquando
822 3582 836 3627 ,
852 3515 1004 3602 mature
1019 3514 1228 3631 praesertim
1246 3519 1274 3600 fi
1291 3519 1351 3604 illi
1367 3527 1515 3608 tumori
1531 3524 1695 3614 obviam

245 3668 389 3746 eatur,
416 3640 526 3750 quod
556 3668 635 3721 una
665 3667 748 3721 nox
781 3631 916 3719 intulit
945 3629 1252 3716 incommodum
1279 3663 1357 3718 una
1388 3635 1472 3722 dier
1506 3637 1695 3743 discutit;

252 3755 321 3839 sed
349 3756 377 3835 sr
406 3749 527 3838 semel
554 3776 665 3834 natus
696 3746 927 3834 erethismus
957 3746 1204 3828 constrixerit
1230 3751 1366 3832 omnia
1395 3755 1438 3834 dt
1468 3753 1575 3861 quast
1605 3755 1695 3838 vin-

254 3871 379 3973 xerit,
401 3867 527 3981 potest
546 3889 681 3950 tumor
699 3860 769 3946 ille
787 3858 1027 3963 increscere,
1045 3859 1086 3940 in
1105 3854 1373 3970 phlybioenam
1391 3859 1523 3968 abire,
1547 3865 1632 3948 imi>
1650 3875 1694 3953 dc

253 3985 296 4066 in
326 4009 610 4094 gangrenam,
640 3978 670 4059 st
698 3973 801 4059 mala
825 3973 971 4056 suerint
998 3968 1156 4056 aliunde
1184 3972 1339 4058 aedificii
1365 3978 1408 4060 in
1436 3975 1548 4083 quod
1581 3980 1695 4068 irruit

254 4094 535 4198 fundamenta,
560 4088 845 4201 liquorumque
873 4087 1007 4192 crasrs,
1033 4109 1099 4170 aut
1123 4111 1260 4197 prater
1283 4086 1450 4170 modum
1474 4094 1601 4200 acris,
1624 4119 1692 4182 aut

255 4206 414 4292 aliunde
430 4204 585 4320 putrida
598 4229 717 4314 atque
727 4198 868 4286 vitiosa
882 4231 894 4300 ;
910 4227 1003 4282 nam
1020 4201 1122 4284 cutis
1130 4259 1144 4302 ‚
1163 4225 1208 4280 ut
1227 4196 1396 4285 aliorum
1410 4198 1496 4286 fere
1509 4210 1692 4295 omnium

258 4319 497 4406 morborum
529 4316 644 4403 causa
673 4316 936 4402 determinans
971 4311 1069 4425 saepe
1104 4307 1417 4424 srmplicillima,
1452 4317 1499 4400 fit
1528 4345 1644 4408 atrox
1670 4321 1693 4407 ὲ

253 4433 573 4549 ,complicatione
590 4425 927 4515 'concursantium
963 4421 1078 4510 srmul
1107 4425 1296 4512 vitiorum
1335 4457 1419 4540 quae
1451 4433 1692 4548 srgnodato

263 4548 439 4632 exiliunt.
1508 4631 1511 4642 ,
1614 4617 1616 4622 .
1817 4639 1821 4646 ,

315 4663 465 4746 Verbm
491 4661 559 4745 etsr
585 4656 683 4772 sape
710 4633 881 4740 maxima
906 4655 1007 4740 cutis
1034 4683 1120 4770 pars
1145 4655 1285 4740 ressstat
1305 4653 1472 4773 impetui
1497 4657 1664 4774 liquoris
1677 4715 1696 4774 ‚v

262 4771 435 4889 plutimae
451 4773 540 4858 sunt
555 4802 605 4858 ex
622 4775 669 4856 iis
687 4800 769 4885 quae
787 4773 866 4855 aeri
883 4797 1133 4885 exponuntur
1148 4767 1345 4884 partibus,
1364 4802 1447 4882 quae
1461 4804 1578 4862 varos
1595 4808 1697 4866 con-

262 4891 415 5002 crpiunt
429 4896 471 4974 δε
481 4883 710 4995 tubercula,
720 4883 788 4973 vel
801 4882 1055 5002 resolvenda,
1066 4882 1134 4978 vel
1146 4883 1390 4990 terninanda
1402 4886 1696 5054 suppuratione.
