<?xml version="1.0" encoding="UTF-8"?>
<!DOCTYPE html PUBLIC "-//W3C//DTD XHTML 1.0 Transitional//EN"
    "http://www.w3.org/TR/xhtml1/DTD/xhtml1-transitional.dtd">
<html xmlns="http://www.w3.org/1999/xhtml" xml:lang="en" lang="en">
 <head>
  <title>
</title>
<meta http-equiv="Content-Type" content="text/html;charset=utf-8" />
  <meta name='ocr-system' content='tesseract 3.04.00' />
  <meta name='ocr-capabilities' content='ocr_page ocr_carea ocr_par ocr_line ocrx_word'/>
</head>
<body>
  <div class='ocr_page' id='page_1' title='image "./tractatusdemorb00cavegoog_0670.png"; bbox 0 0 4292 5904; ppageno 0'>
   <div class='ocr_carea' id='block_1_1' title="bbox 507 411 1504 534">
    <p class='ocr_par' dir='ltr' id='par_1_1' title="bbox 507 411 1504 534">
     <span class='ocr_line' id='line_1_1' title="bbox 507 411 1504 534; baseline -0.013 -22"><span class='ocrx_word' id='word_1_1' title='bbox 507 417 599 534; x_wconf 70' lang='lat'>854</span> <span class='ocrx_word' id='word_1_2' title='bbox 958 413 1068 501; x_wconf 92' lang='lat' dir='ltr'>DE</span> <span class='ocrx_word' id='word_1_3' title='bbox 1137 411 1504 502; x_wconf 86' lang='lat' dir='ltr'>MORBIS</span> 
     </span>
    </p>
   </div>
   <div class='ocr_carea' id='block_1_2' title="bbox 502 565 2101 3641">
    <p class='ocr_par' dir='ltr' id='par_1_2' title="bbox 508 565 1966 811">
     <span class='ocr_line' id='line_1_2' title="bbox 508 565 1953 700; baseline 0.001 -32"><span class='ocrx_word' id='word_1_4' title='bbox 508 573 692 700; x_wconf 83' lang='lat' dir='ltr'>proprios</span> <span class='ocrx_word' id='word_1_5' title='bbox 711 577 783 665; x_wconf 87' lang='lat' dir='ltr'>srbi</span> <span class='ocrx_word' id='word_1_6' title='bbox 801 565 1210 694; x_wconf 81' lang='lat' dir='ltr'>patiunturmorbos,</span> <span class='ocrx_word' id='word_1_7' title='bbox 1235 581 1305 666; x_wconf 85' lang='lat' dir='ltr'>nist</span> <span class='ocrx_word' id='word_1_8' title='bbox 1328 607 1423 687; x_wconf 90' lang='lat' dir='ltr'>eos,</span> <span class='ocrx_word' id='word_1_9' title='bbox 1453 576 1557 664; x_wconf 72' lang='lat' dir='ltr'>auti</span> <span class='ocrx_word' id='word_1_10' title='bbox 1577 571 1752 686; x_wconf 80' lang='lat' dir='ltr'>subjeuis</span> <span class='ocrx_word' id='word_1_11' title='bbox 1773 575 1953 696; x_wconf 80' lang='lat' dir='ltr'>partibus</span> 
     </span>
     <span class='ocr_line' id='line_1_3' title="bbox 510 693 1966 811; baseline -0.008 -27"><span class='ocrx_word' id='word_1_12' title='bbox 510 723 761 799; x_wconf 91' lang='lat' dir='ltr'>mutuentur,</span> <span class='ocrx_word' id='word_1_13' title='bbox 783 719 850 776; x_wconf 92' lang='lat' dir='ltr'>aut</span> <span class='ocrx_word' id='word_1_14' title='bbox 868 693 1147 806; x_wconf 82' lang='lat' dir='ltr'>compreffioni</span> <span class='ocrx_word' id='word_1_15' title='bbox 1165 699 1332 811; x_wconf 88' lang='lat' dir='ltr'>partium</span> <span class='ocrx_word' id='word_1_16' title='bbox 1349 721 1597 780; x_wconf 87' lang='lat' dir='ltr'>externarum</span> <span class='ocrx_word' id='word_1_17' title='bbox 1615 719 1780 808; x_wconf 88' lang='lat' dir='ltr'>pateant.</span> <span class='ocrx_word' id='word_1_18' title='bbox 1804 695 1966 810; x_wconf 63' lang='lat' dir='ltr'>Singa..</span> 
     </span>
    </p>

    <p class='ocr_par' dir='ltr' id='par_1_3' title="bbox 504 756 2101 1262">
     <span class='ocr_line' id='line_1_4' title="bbox 504 805 1952 925; baseline -0.002 -27"><span class='ocrx_word' id='word_1_19' title='bbox 504 810 600 898; x_wconf 83' lang='lat' dir='ltr'>laris</span> <span class='ocrx_word' id='word_1_20' title='bbox 616 811 716 893; x_wconf 91' lang='lat' dir='ltr'>cutis</span> <span class='ocrx_word' id='word_1_21' title='bbox 733 805 851 888; x_wconf 89' lang='lat' dir='ltr'>alicui</span> <span class='ocrx_word' id='word_1_22' title='bbox 865 809 965 918; x_wconf 87' lang='lat' dir='ltr'>parti</span> <span class='ocrx_word' id='word_1_23' title='bbox 987 807 1146 894; x_wconf 78' lang='lat' dir='ltr'>addiuae</span> <span class='ocrx_word' id='word_1_24' title='bbox 1163 810 1403 925; x_wconf 89' lang='lat' dir='ltr'>proprietas,</span> <span class='ocrx_word' id='word_1_25' title='bbox 1420 833 1560 917; x_wconf 89' lang='lat' dir='ltr'>atque,</span> <span class='ocrx_word' id='word_1_26' title='bbox 1576 831 1621 890; x_wconf 92' lang='lat' dir='ltr'>ut</span> <span class='ocrx_word' id='word_1_27' title='bbox 1640 835 1735 892; x_wconf 91' lang='lat' dir='ltr'>cum</span> <span class='ocrx_word' id='word_1_28' title='bbox 1749 809 1952 896; x_wconf 79' lang='lat' dir='ltr'>ueteribus</span> 
     </span>
     <span class='ocr_line' id='line_1_5' title="bbox 507 917 2101 1036; baseline -0.002 -26"><span class='ocrx_word' id='word_1_29' title='bbox 507 927 651 1036; x_wconf 89' lang='lat' dir='ltr'>loquar</span> <span class='ocrx_word' id='word_1_30' title='bbox 657 985 672 1027; x_wconf 93' lang='lat'>,</span> <span class='ocrx_word' id='word_1_31' title='bbox 692 918 884 1024; x_wconf 87' lang='lat' dir='ltr'>facultas,</span> <span class='ocrx_word' id='word_1_32' title='bbox 905 920 960 1002; x_wconf 87' lang='lat' dir='ltr'>sm</span> <span class='ocrx_word' id='word_1_33' title='bbox 991 918 1112 1006; x_wconf 89' lang='lat' dir='ltr'>ularia</span> <span class='ocrx_word' id='word_1_34' title='bbox 1127 927 1279 1008; x_wconf 79' lang='lat' dir='ltr'>tantiam</span> <span class='ocrx_word' id='word_1_35' title='bbox 1299 919 1401 1006; x_wconf 85' lang='lat' dir='ltr'>mala</span> <span class='ocrx_word' id='word_1_36' title='bbox 1417 919 1598 1004; x_wconf 85' lang='lat' dir='ltr'>admittit.</span> <span class='ocrx_word' id='word_1_37' title='bbox 1620 918 1690 1004; x_wconf 88' lang='lat' dir='ltr'>Sic</span> <span class='ocrx_word' id='word_1_38' title='bbox 1710 917 1780 1002; x_wconf 88' lang='lat' dir='ltr'>sub</span> <span class='ocrx_word' id='word_1_39' title='bbox 1798 920 1952 1030; x_wconf 80' lang='lat' dir='ltr'>axillis,</span> <span class='ocrx_word' id='word_1_40' title='bbox 2100 947 2101 1032; x_wconf 64' lang='lat' dir='ltr'>l</span> 
     </span>
     <span class='ocr_line' id='line_1_6' title="bbox 509 951 2101 1150; baseline -0.004 -24"><span class='ocrx_word' id='word_1_41' title='bbox 509 1040 560 1126; x_wconf 90' lang='lat' dir='ltr'>ad</span> <span class='ocrx_word' id='word_1_42' title='bbox 571 1037 754 1150; x_wconf 82' lang='lat' dir='ltr'>inguina,</span> <span class='ocrx_word' id='word_1_43' title='bbox 768 1033 913 1118; x_wconf 89' lang='lat' dir='ltr'>invitis</span> <span class='ocrx_word' id='word_1_44' title='bbox 925 951 1132 1147; x_wconf 66' lang='lat' dir='ltr'>adpenem</span> <span class='ocrx_word' id='word_1_45' title='bbox 1147 1036 1377 1121; x_wconf 84' lang='lat' dir='ltr'>&amp;scrotum</span> <span class='ocrx_word' id='word_1_46' title='bbox 1385 1037 1453 1138; x_wconf 89' lang='lat' dir='ltr'>,in</span> <span class='ocrx_word' id='word_1_47' title='bbox 1466 1031 1692 1120; x_wconf 86' lang='lat' dir='ltr'>mulieribus</span> <span class='ocrx_word' id='word_1_48' title='bbox 1708 1033 1759 1117; x_wconf 92' lang='lat' dir='ltr'>ad</span> <span class='ocrx_word' id='word_1_49' title='bbox 1771 1033 1954 1147; x_wconf 88' lang='lat' dir='ltr'>pudenda</span> <span class='ocrx_word' id='word_1_50' title='bbox 2100 1049 2101 1052; x_wconf 67' lang='lat'>‘</span> 
     </span>
     <span class='ocr_line' id='line_1_7' title="bbox 508 1146 1951 1262; baseline -0.003 -24"><span class='ocrx_word' id='word_1_51' title='bbox 508 1154 648 1238; x_wconf 84' lang='lat' dir='ltr'>dantur</span> <span class='ocrx_word' id='word_1_52' title='bbox 670 1146 908 1234; x_wconf 79' lang='lat' dir='ltr'>secretiones</span> <span class='ocrx_word' id='word_1_53' title='bbox 929 1147 1169 1262; x_wconf 82' lang='lat' dir='ltr'>peculiares,</span> <span class='ocrx_word' id='word_1_54' title='bbox 1190 1149 1329 1236; x_wconf 90' lang='lat' dir='ltr'>dantur</span> <span class='ocrx_word' id='word_1_55' title='bbox 1352 1151 1470 1233; x_wconf 88' lang='lat' dir='ltr'>etiam</span> <span class='ocrx_word' id='word_1_56' title='bbox 1482 1149 1577 1235; x_wconf 91' lang='lat' dir='ltr'>vitia</span> <span class='ocrx_word' id='word_1_57' title='bbox 1598 1151 1682 1230; x_wconf 92' lang='lat' dir='ltr'>cuti</span> <span class='ocrx_word' id='word_1_58' title='bbox 1695 1151 1882 1260; x_wconf 89' lang='lat' dir='ltr'>propria,</span> <span class='ocrx_word' id='word_1_59' title='bbox 1902 1154 1951 1234; x_wconf 89' lang='lat' dir='ltr'>ita</span> 
     </span>
    </p>

    <p class='ocr_par' dir='ltr' id='par_1_4' title="bbox 502 1260 1950 1834">
     <span class='ocr_line' id='line_1_8' title="bbox 507 1260 1950 1377; baseline -0.003 -25"><span class='ocrx_word' id='word_1_60' title='bbox 507 1292 554 1352; x_wconf 89' lang='lat' dir='ltr'>ut</span> <span class='ocrx_word' id='word_1_61' title='bbox 577 1264 627 1348; x_wconf 90' lang='lat' dir='ltr'>de</span> <span class='ocrx_word' id='word_1_62' title='bbox 650 1264 755 1347; x_wconf 88' lang='lat' dir='ltr'>vitiis</span> <span class='ocrx_word' id='word_1_63' title='bbox 780 1263 855 1346; x_wconf 83' lang='lat' dir='ltr'>istis</span> <span class='ocrx_word' id='word_1_64' title='bbox 879 1260 1131 1348; x_wconf 72' lang='lat' dir='ltr'>tratrantibus</span> <span class='ocrx_word' id='word_1_65' title='bbox 1161 1261 1308 1377; x_wconf 83' lang='lat' dir='ltr'>duplex</span> <span class='ocrx_word' id='word_1_66' title='bbox 1335 1261 1601 1374; x_wconf 85' lang='lat' dir='ltr'>distinguenda</span> <span class='ocrx_word' id='word_1_67' title='bbox 1627 1261 1674 1344; x_wconf 88' lang='lat' dir='ltr'>stt</span> <span class='ocrx_word' id='word_1_68' title='bbox 1699 1261 1950 1348; x_wconf 75' lang='lat' dir='ltr'>affeeionum</span> 
     </span>
     <span class='ocr_line' id='line_1_9' title="bbox 508 1372 1949 1486; baseline -0.003 -22"><span class='ocrx_word' id='word_1_69' title='bbox 508 1404 766 1464; x_wconf 86' lang='lat' dir='ltr'>eutanearum</span> <span class='ocrx_word' id='word_1_70' title='bbox 780 1373 919 1481; x_wconf 91' lang='lat' dir='ltr'>causa,</span> <span class='ocrx_word' id='word_1_71' title='bbox 943 1405 1106 1485; x_wconf 91' lang='lat' dir='ltr'>quarum</span> <span class='ocrx_word' id='word_1_72' title='bbox 1122 1375 1243 1463; x_wconf 88' lang='lat' dir='ltr'>altera</span> <span class='ocrx_word' id='word_1_73' title='bbox 1257 1376 1305 1461; x_wconf 91' lang='lat' dir='ltr'>ab</span> <span class='ocrx_word' id='word_1_74' title='bbox 1321 1374 1556 1482; x_wconf 86' lang='lat' dir='ltr'>accidente,</span> <span class='ocrx_word' id='word_1_75' title='bbox 1579 1381 1622 1456; x_wconf 78' lang='grc' dir='ltr'>δι</span> <span class='ocrx_word' id='word_1_76' title='bbox 1642 1401 1713 1486; x_wconf 86' lang='lat' dir='ltr'>per</span> <span class='ocrx_word' id='word_1_77' title='bbox 1728 1372 1949 1460; x_wconf 89' lang='lat' dir='ltr'>violentum</span> 
     </span>
     <span class='ocr_line' id='line_1_10' title="bbox 507 1484 1950 1630; baseline -0.001 -52"><span class='ocrx_word' id='word_1_78' title='bbox 507 1517 758 1578; x_wconf 91' lang='lat' dir='ltr'>externarum</span> <span class='ocrx_word' id='word_1_79' title='bbox 790 1488 992 1574; x_wconf 89' lang='lat' dir='ltr'>causarum</span> <span class='ocrx_word' id='word_1_80' title='bbox 1026 1487 1212 1574; x_wconf 86' lang='lat' dir='ltr'>insultum</span> <span class='ocrx_word' id='word_1_81' title='bbox 1242 1491 1492 1630; x_wconf 84' lang='lat' dir='ltr'>progignitur</span> <span class='ocrx_word' id='word_1_82' title='bbox 1520 1520 1532 1589; x_wconf 83' lang='lat'>3</span> <span class='ocrx_word' id='word_1_83' title='bbox 1565 1485 1687 1572; x_wconf 88' lang='lat' dir='ltr'>altera</span> <span class='ocrx_word' id='word_1_84' title='bbox 1717 1484 1740 1570; x_wconf 76' lang='grc' dir='ltr'>ὲ</span> <span class='ocrx_word' id='word_1_85' title='bbox 1769 1490 1950 1576; x_wconf 66' lang='lat' dir='ltr'>struunt</span> 
     </span>
     <span class='ocr_line' id='line_1_11' title="bbox 507 1597 1948 1722; baseline -0.001 -32"><span class='ocrx_word' id='word_1_86' title='bbox 507 1601 668 1722; x_wconf 68' lang='lat' dir='ltr'>proprii</span> <span class='ocrx_word' id='word_1_87' title='bbox 686 1605 786 1687; x_wconf 91' lang='lat' dir='ltr'>cutis</span> <span class='ocrx_word' id='word_1_88' title='bbox 807 1602 965 1717; x_wconf 85' lang='lat' dir='ltr'>pendet.</span> <span class='ocrx_word' id='word_1_89' title='bbox 996 1601 1063 1688; x_wconf 88' lang='lat' dir='ltr'>De</span> <span class='ocrx_word' id='word_1_90' title='bbox 1089 1607 1136 1688; x_wconf 88' lang='lat' dir='ltr'>iis</span> <span class='ocrx_word' id='word_1_91' title='bbox 1157 1629 1309 1687; x_wconf 87' lang='lat' dir='ltr'>tantum</span> <span class='ocrx_word' id='word_1_92' title='bbox 1331 1631 1415 1712; x_wconf 79' lang='lat' dir='ltr'>qua</span> <span class='ocrx_word' id='word_1_93' title='bbox 1436 1599 1483 1685; x_wconf 92' lang='lat' dir='ltr'>ab</span> <span class='ocrx_word' id='word_1_94' title='bbox 1506 1598 1581 1685; x_wconf 72' lang='lat' dir='ltr'>hac</span> <span class='ocrx_word' id='word_1_95' title='bbox 1596 1597 1778 1684; x_wconf 71' lang='lat' dir='ltr'>strublurd</span> <span class='ocrx_word' id='word_1_96' title='bbox 1794 1603 1948 1716; x_wconf 68' lang='lat' dir='ltr'>proprii</span> 
     </span>
     <span class='ocr_line' id='line_1_12' title="bbox 502 1712 1946 1834; baseline -0.004 -28"><span class='ocrx_word' id='word_1_97' title='bbox 502 1718 683 1834; x_wconf 81' lang='lat' dir='ltr'>pendent</span> <span class='ocrx_word' id='word_1_98' title='bbox 697 1715 817 1802; x_wconf 85' lang='lat' dir='ltr'>liceat</span> <span class='ocrx_word' id='word_1_99' title='bbox 833 1716 993 1823; x_wconf 87' lang='lat' dir='ltr'>dicere,</span> <span class='ocrx_word' id='word_1_100' title='bbox 1013 1715 1335 1832; x_wconf 86' lang='lat' dir='ltr'>suggillationes,</span> <span class='ocrx_word' id='word_1_101' title='bbox 1357 1713 1549 1820; x_wconf 90' lang='lat' dir='ltr'>contusa,</span> <span class='ocrx_word' id='word_1_102' title='bbox 1566 1712 1742 1800; x_wconf 87' lang='lat' dir='ltr'>maculas</span> <span class='ocrx_word' id='word_1_103' title='bbox 1754 1713 1946 1800; x_wconf 84' lang='lat' dir='ltr'>scorbuti·</span> 
     </span>
    </p>

    <p class='ocr_par' dir='ltr' id='par_1_5' title="bbox 503 1826 1940 2035">
     <span class='ocr_line' id='line_1_13' title="bbox 503 1826 1940 1945; baseline -0.004 -25"><span class='ocrx_word' id='word_1_104' title='bbox 503 1864 575 1930; x_wconf 87' lang='lat' dir='ltr'>cas</span> <span class='ocrx_word' id='word_1_105' title='bbox 589 1835 636 1915; x_wconf 89' lang='lat' dir='ltr'>iis</span> <span class='ocrx_word' id='word_1_106' title='bbox 652 1829 917 1941; x_wconf 87' lang='lat' dir='ltr'>relinquentes</span> <span class='ocrx_word' id='word_1_107' title='bbox 934 1830 1064 1939; x_wconf 86' lang='lat' dir='ltr'>qui-de</span> <span class='ocrx_word' id='word_1_108' title='bbox 1080 1834 1313 1945; x_wconf 84' lang='lat' dir='ltr'>chirurgicis</span> <span class='ocrx_word' id='word_1_109' title='bbox 1320 1879 1337 1937; x_wconf 81' lang='lat'>,</span> <span class='ocrx_word' id='word_1_110' title='bbox 1356 1856 1423 1913; x_wconf 90' lang='lat' dir='ltr'>aut</span> <span class='ocrx_word' id='word_1_111' title='bbox 1436 1826 1629 1912; x_wconf 88' lang='lat' dir='ltr'>morbolis</span> <span class='ocrx_word' id='word_1_112' title='bbox 1645 1829 1940 1942; x_wconf 86' lang='lat' dir='ltr'>phoenomenon</span> 
     </span>
     <span class='ocr_line' id='line_1_14' title="bbox 505 1941 1159 2035; baseline -0.012 0"><span class='ocrx_word' id='word_1_113' title='bbox 505 1952 704 2035; x_wconf 79' lang='lat' dir='ltr'>horumce</span> <span class='ocrx_word' id='word_1_114' title='bbox 726 1945 848 2028; x_wconf 76' lang='lat' dir='ltr'>causis</span> <span class='ocrx_word' id='word_1_115' title='bbox 878 1941 1027 2027; x_wconf 68' lang='lat' dir='ltr'>dixere.</span> <span class='ocrx_word' id='word_1_116' title='bbox 1088 2015 1091 2023; x_wconf 94' lang='lat'>.</span> <span class='ocrx_word' id='word_1_117' title='bbox 1155 1955 1159 1960; x_wconf 83' lang='lat'>&#39;</span> 
     </span>
    </p>

    <p class='ocr_par' dir='ltr' id='par_1_6' title="bbox 505 2049 1939 2848">
     <span class='ocr_line' id='line_1_15' title="bbox 565 2049 1939 2160; baseline -0.005 -16"><span class='ocrx_word' id='word_1_118' title='bbox 565 2061 742 2144; x_wconf 90' lang='lat' dir='ltr'>Primum</span> <span class='ocrx_word' id='word_1_119' title='bbox 779 2062 822 2139; x_wconf 76' lang='lat' dir='ltr'>be</span> <span class='ocrx_word' id='word_1_120' title='bbox 858 2055 1115 2139; x_wconf 84' lang='lat' dir='ltr'>necellarium</span> <span class='ocrx_word' id='word_1_121' title='bbox 1152 2057 1338 2141; x_wconf 88' lang='lat' dir='ltr'>accidens</span> <span class='ocrx_word' id='word_1_122' title='bbox 1366 2058 1466 2140; x_wconf 90' lang='lat' dir='ltr'>cutis</span> <span class='ocrx_word' id='word_1_123' title='bbox 1495 2051 1756 2138; x_wconf 81' lang='lat' dir='ltr'>abdominalis</span> <span class='ocrx_word' id='word_1_124' title='bbox 1784 2049 1865 2160; x_wconf 75' lang='lat' dir='ltr'>ejus</span> <span class='ocrx_word' id='word_1_125' title='bbox 1892 2055 1939 2138; x_wconf 78' lang='lat' dir='ltr'>est</span> 
     </span>
     <span class='ocr_line' id='line_1_16' title="bbox 509 2165 1932 2276; baseline -0.006 -17"><span class='ocrx_word' id='word_1_126' title='bbox 509 2173 685 2260; x_wconf 88' lang='lat' dir='ltr'>enormis</span> <span class='ocrx_word' id='word_1_127' title='bbox 716 2165 893 2251; x_wconf 91' lang='lat' dir='ltr'>dilatatio</span> <span class='ocrx_word' id='word_1_128' title='bbox 927 2166 1085 2276; x_wconf 90' lang='lat' dir='ltr'>qualem</span> <span class='ocrx_word' id='word_1_129' title='bbox 1124 2171 1167 2252; x_wconf 92' lang='lat' dir='ltr'>in</span> <span class='ocrx_word' id='word_1_130' title='bbox 1199 2168 1414 2254; x_wconf 70' lang='lat' dir='ltr'>abdomine</span> <span class='ocrx_word' id='word_1_131' title='bbox 1452 2167 1665 2252; x_wconf 87' lang='lat' dir='ltr'>mulierum</span> <span class='ocrx_word' id='word_1_132' title='bbox 1766 2167 1932 2250; x_wconf 81' lang='lat' dir='ltr'>vidantm</span> 
     </span>
     <span class='ocr_line' id='line_1_17' title="bbox 509 2279 1929 2396; baseline -0.006 -23"><span class='ocrx_word' id='word_1_133' title='bbox 509 2287 692 2374; x_wconf 90' lang='lat' dir='ltr'>videmus</span> <span class='ocrx_word' id='word_1_134' title='bbox 708 2279 887 2390; x_wconf 91' lang='lat' dir='ltr'>quotidie</span> <span class='ocrx_word' id='word_1_135' title='bbox 897 2339 913 2384; x_wconf 92' lang='lat'>,</span> <span class='ocrx_word' id='word_1_136' title='bbox 930 2308 1013 2389; x_wconf 80' lang='lat' dir='ltr'>qua</span> <span class='ocrx_word' id='word_1_137' title='bbox 1030 2281 1232 2388; x_wconf 86' lang='lat' dir='ltr'>dilatatio,</span> <span class='ocrx_word' id='word_1_138' title='bbox 1258 2285 1299 2364; x_wconf 92' lang='lat' dir='ltr'>in</span> <span class='ocrx_word' id='word_1_139' title='bbox 1313 2305 1451 2366; x_wconf 86' lang='lat' dir='ltr'>tenero</span> <span class='ocrx_word' id='word_1_140' title='bbox 1465 2285 1656 2396; x_wconf 81' lang='lat' dir='ltr'>imprimis</span> <span class='ocrx_word' id='word_1_141' title='bbox 1665 2344 1680 2388; x_wconf 93' lang='lat'>,</span> <span class='ocrx_word' id='word_1_142' title='bbox 1742 2279 1929 2390; x_wconf 86' lang='lat' dir='ltr'>licatoque</span> 
     </span>
     <span class='ocr_line' id='line_1_18' title="bbox 505 2389 1932 2511; baseline -0.006 -27"><span class='ocrx_word' id='word_1_143' title='bbox 505 2393 804 2511; x_wconf 72' lang='lat' dir='ltr'>juvencularum</span> <span class='ocrx_word' id='word_1_144' title='bbox 827 2393 1076 2505; x_wconf 84' lang='lat' dir='ltr'>gravidarum</span> <span class='ocrx_word' id='word_1_145' title='bbox 1097 2391 1336 2508; x_wconf 88' lang='lat' dir='ltr'>corpusculo</span> <span class='ocrx_word' id='word_1_146' title='bbox 1359 2394 1544 2505; x_wconf 88' lang='lat' dir='ltr'>quasdam</span> <span class='ocrx_word' id='word_1_147' title='bbox 1577 2398 1678 2479; x_wconf 91' lang='lat' dir='ltr'>cutis</span> <span class='ocrx_word' id='word_1_148' title='bbox 1698 2389 1857 2478; x_wconf 84' lang='lat' dir='ltr'>cellulas</span> <span class='ocrx_word' id='word_1_149' title='bbox 1883 2397 1932 2476; x_wconf 88' lang='lat' dir='ltr'>ita</span> 
     </span>
     <span class='ocr_line' id='line_1_19' title="bbox 506 2504 1937 2630; baseline -0.003 -35"><span class='ocrx_word' id='word_1_150' title='bbox 506 2543 584 2630; x_wconf 85' lang='lat' dir='ltr'>prre</span> <span class='ocrx_word' id='word_1_151' title='bbox 597 2509 744 2593; x_wconf 84' lang='lat' dir='ltr'>caeteris</span> <span class='ocrx_word' id='word_1_152' title='bbox 762 2504 1152 2622; x_wconf 84' lang='lat' dir='ltr'>extendit,.rumpit,</span> <span class='ocrx_word' id='word_1_153' title='bbox 1173 2535 1291 2619; x_wconf 88' lang='lat' dir='ltr'>atque</span> <span class='ocrx_word' id='word_1_154' title='bbox 1304 2506 1514 2622; x_wconf 84' lang='lat' dir='ltr'>parietibus</span> <span class='ocrx_word' id='word_1_155' title='bbox 1529 2509 1719 2623; x_wconf 78' lang='lat' dir='ltr'>protensas</span> <span class='ocrx_word' id='word_1_156' title='bbox 1740 2511 1782 2590; x_wconf 88' lang='lat' dir='ltr'>in</span> <span class='ocrx_word' id='word_1_157' title='bbox 1795 2532 1937 2590; x_wconf 85' lang='lat' dir='ltr'>textum</span> 
     </span>
     <span class='ocr_line' id='line_1_20' title="bbox 508 2619 1936 2736; baseline -0.005 -25"><span class='ocrx_word' id='word_1_158' title='bbox 508 2622 739 2711; x_wconf 89' lang='lat' dir='ltr'>cellularem</span> <span class='ocrx_word' id='word_1_159' title='bbox 751 2620 954 2729; x_wconf 86' lang='lat' dir='ltr'>efformat,</span> <span class='ocrx_word' id='word_1_160' title='bbox 971 2646 1015 2706; x_wconf 94' lang='lat' dir='ltr'>ut</span> <span class='ocrx_word' id='word_1_161' title='bbox 1025 2625 1144 2705; x_wconf 84' lang='lat' dir='ltr'>etiam</span> <span class='ocrx_word' id='word_1_162' title='bbox 1156 2650 1265 2707; x_wconf 90' lang='lat' dir='ltr'>novo</span> <span class='ocrx_word' id='word_1_163' title='bbox 1283 2629 1324 2706; x_wconf 68' lang='grc' dir='ltr'>ὃ(</span> <span class='ocrx_word' id='word_1_164' title='bbox 1337 2619 1582 2736; x_wconf 85' lang='lat' dir='ltr'>lymphatico</span> <span class='ocrx_word' id='word_1_165' title='bbox 1595 2625 1766 2706; x_wconf 89' lang='lat' dir='ltr'>humore</span> <span class='ocrx_word' id='word_1_166' title='bbox 1782 2623 1936 2704; x_wconf 83' lang='lat' dir='ltr'>nitniltm</span> 
     </span>
     <span class='ocr_line' id='line_1_21' title="bbox 507 2733 1929 2848; baseline -0.003 -24"><span class='ocrx_word' id='word_1_167' title='bbox 507 2737 674 2824; x_wconf 83' lang='lat' dir='ltr'>dilatatae</span> <span class='ocrx_word' id='word_1_168' title='bbox 699 2733 933 2848; x_wconf 86' lang='lat' dir='ltr'>repleantur.</span> <span class='ocrx_word' id='word_1_169' title='bbox 1410 2781 1437 2796; x_wconf 68' lang='lat'>,.</span> <span class='ocrx_word' id='word_1_170' title='bbox 1927 2812 1929 2820; x_wconf 87' lang='grc'><em>,</em></span> 
     </span>
    </p>

    <p class='ocr_par' dir='ltr' id='par_1_7' title="bbox 504 2843 1942 3641">
     <span class='ocr_line' id='line_1_22' title="bbox 561 2843 1938 2957; baseline 0.001 -23"><span class='ocrx_word' id='word_1_171' title='bbox 561 2851 714 2934; x_wconf 79' lang='lat' dir='ltr'>Veritm</span> <span class='ocrx_word' id='word_1_172' title='bbox 740 2851 823 2930; x_wconf 82' lang='lat' dir='ltr'>hac</span> <span class='ocrx_word' id='word_1_173' title='bbox 849 2845 1027 2932; x_wconf 90' lang='lat' dir='ltr'>dilatatio</span> <span class='ocrx_word' id='word_1_174' title='bbox 1052 2877 1135 2932; x_wconf 92' lang='lat' dir='ltr'>non</span> <span class='ocrx_word' id='word_1_175' title='bbox 1159 2846 1237 2932; x_wconf 87' lang='lat' dir='ltr'>stne</span> <span class='ocrx_word' id='word_1_176' title='bbox 1262 2843 1405 2932; x_wconf 92' lang='lat' dir='ltr'>dolore</span> <span class='ocrx_word' id='word_1_177' title='bbox 1433 2849 1502 2957; x_wconf 86' lang='lat' dir='ltr'>fit,</span> <span class='ocrx_word' id='word_1_178' title='bbox 1534 2847 1618 2932; x_wconf 86' lang='lat' dir='ltr'>imb</span> <span class='ocrx_word' id='word_1_179' title='bbox 1640 2855 1682 2933; x_wconf 70' lang='grc' dir='ltr'>ὃ(</span> <span class='ocrx_word' id='word_1_180' title='bbox 1703 2845 1837 2934; x_wconf 76' lang='lat' dir='ltr'>multa</span> <span class='ocrx_word' id='word_1_181' title='bbox 1856 2848 1938 2936; x_wconf 88' lang='lat' dir='ltr'>sunt</span> 
     </span>
     <span class='ocr_line' id='line_1_23' title="bbox 505 2956 1940 3081; baseline 0.001 -33"><span class='ocrx_word' id='word_1_182' title='bbox 505 2967 720 3081; x_wconf 79' lang='lat' dir='ltr'>primipara</span> <span class='ocrx_word' id='word_1_183' title='bbox 734 2956 921 3066; x_wconf 84' lang='lat' dir='ltr'>juvenes,</span> <span class='ocrx_word' id='word_1_184' title='bbox 938 2991 1022 3072; x_wconf 86' lang='lat' dir='ltr'>quae</span> <span class='ocrx_word' id='word_1_185' title='bbox 1037 2960 1290 3045; x_wconf 85' lang='lat' dir='ltr'>remedialibi</span> <span class='ocrx_word' id='word_1_186' title='bbox 1300 2958 1496 3076; x_wconf 87' lang='lat' dir='ltr'>postulent</span> <span class='ocrx_word' id='word_1_187' title='bbox 1512 2961 1619 3048; x_wconf 73' lang='lat' dir='ltr'>unde</span> <span class='ocrx_word' id='word_1_188' title='bbox 1635 2960 1800 3048; x_wconf 89' lang='lat' dir='ltr'>dolores</span> <span class='ocrx_word' id='word_1_189' title='bbox 1821 2967 1940 3059; x_wconf 85' lang='lat' dir='ltr'>cutis,</span> 
     </span>
     <span class='ocr_line' id='line_1_24' title="bbox 504 3072 1940 3190; baseline -0.003 -24"><span class='ocrx_word' id='word_1_190' title='bbox 504 3081 535 3166; x_wconf 76' lang='lat' dir='ltr'>sa</span> <span class='ocrx_word' id='word_1_191' title='bbox 564 3079 649 3162; x_wconf 86' lang='lat' dir='ltr'>fieri</span> <span class='ocrx_word' id='word_1_192' title='bbox 678 3073 795 3187; x_wconf 84' lang='lat' dir='ltr'>poffit</span> <span class='ocrx_word' id='word_1_193' title='bbox 810 3135 825 3180; x_wconf 95' lang='lat'>,</span> <span class='ocrx_word' id='word_1_194' title='bbox 854 3072 1062 3159; x_wconf 85' lang='lat' dir='ltr'>leniantur.</span> <span class='ocrx_word' id='word_1_195' title='bbox 1093 3075 1141 3158; x_wconf 94' lang='lat' dir='ltr'>In</span> <span class='ocrx_word' id='word_1_196' title='bbox 1170 3077 1253 3157; x_wconf 92' lang='lat' dir='ltr'>hoc</span> <span class='ocrx_word' id='word_1_197' title='bbox 1279 3078 1401 3190; x_wconf 79' lang='lat' dir='ltr'>porro</span> <span class='ocrx_word' id='word_1_198' title='bbox 1427 3075 1641 3161; x_wconf 83' lang='lat' dir='ltr'>necellario</span> <span class='ocrx_word' id='word_1_199' title='bbox 1670 3077 1881 3164; x_wconf 87' lang='lat' dir='ltr'>accidente</span> <span class='ocrx_word' id='word_1_200' title='bbox 1903 3077 1940 3162; x_wconf 92' lang='lat' dir='ltr'>id</span> 
     </span>
     <span class='ocr_line' id='line_1_25' title="bbox 505 3187 1940 3302; baseline 0 -28"><span class='ocrx_word' id='word_1_201' title='bbox 505 3193 580 3274; x_wconf 84' lang='lat' dir='ltr'>arti</span> <span class='ocrx_word' id='word_1_202' title='bbox 599 3187 796 3302; x_wconf 85' lang='lat' dir='ltr'>agendum</span> <span class='ocrx_word' id='word_1_203' title='bbox 809 3188 998 3302; x_wconf 84' lang='lat' dir='ltr'>superest,</span> <span class='ocrx_word' id='word_1_204' title='bbox 1019 3214 1063 3272; x_wconf 92' lang='lat' dir='ltr'>ut</span> <span class='ocrx_word' id='word_1_205' title='bbox 1076 3190 1118 3270; x_wconf 92' lang='lat' dir='ltr'>in</span> <span class='ocrx_word' id='word_1_206' title='bbox 1133 3188 1174 3272; x_wconf 93' lang='lat' dir='ltr'>id</span> <span class='ocrx_word' id='word_1_207' title='bbox 1185 3191 1397 3294; x_wconf 77' lang='lat' dir='ltr'>innitamur</span> <span class='ocrx_word' id='word_1_208' title='bbox 1408 3215 1455 3272; x_wconf 88' lang='lat' dir='ltr'>ut</span> <span class='ocrx_word' id='word_1_209' title='bbox 1469 3192 1569 3279; x_wconf 88' lang='lat' dir='ltr'>cutis</span> <span class='ocrx_word' id='word_1_210' title='bbox 1581 3190 1720 3276; x_wconf 74' lang='lat' dir='ltr'>sensim</span> <span class='ocrx_word' id='word_1_211' title='bbox 1741 3193 1822 3274; x_wconf 80' lang='lat' dir='ltr'>fine</span> <span class='ocrx_word' id='word_1_212' title='bbox 1838 3191 1940 3280; x_wconf 82' lang='lat' dir='ltr'>sensu</span> 
     </span>
     <span class='ocr_line' id='line_1_26' title="bbox 506 3299 1941 3420; baseline 0.001 -32"><span class='ocrx_word' id='word_1_213' title='bbox 506 3311 550 3388; x_wconf 76' lang='lat' dir='ltr'>bt</span> <span class='ocrx_word' id='word_1_214' title='bbox 577 3299 774 3412; x_wconf 77' lang='lat' dir='ltr'>aqualiter</span> <span class='ocrx_word' id='word_1_215' title='bbox 786 3361 800 3408; x_wconf 96' lang='lat'>,</span> <span class='ocrx_word' id='word_1_216' title='bbox 828 3327 1018 3410; x_wconf 90' lang='lat' dir='ltr'>quantum</span> <span class='ocrx_word' id='word_1_217' title='bbox 1040 3302 1124 3384; x_wconf 87' lang='lat' dir='ltr'>fieri</span> <span class='ocrx_word' id='word_1_218' title='bbox 1143 3305 1313 3416; x_wconf 91' lang='lat' dir='ltr'>poterit,</span> <span class='ocrx_word' id='word_1_219' title='bbox 1341 3301 1524 3388; x_wconf 88' lang='lat' dir='ltr'>dilatetur</span> <span class='ocrx_word' id='word_1_220' title='bbox 1537 3365 1552 3410; x_wconf 95' lang='lat'>,</span> <span class='ocrx_word' id='word_1_221' title='bbox 1578 3331 1654 3388; x_wconf 88' lang='lat' dir='ltr'>nec</span> <span class='ocrx_word' id='word_1_222' title='bbox 1682 3303 1775 3420; x_wconf 88' lang='lat' dir='ltr'>plus</span> <span class='ocrx_word' id='word_1_223' title='bbox 1798 3307 1840 3388; x_wconf 90' lang='lat' dir='ltr'>in</span> <span class='ocrx_word' id='word_1_224' title='bbox 1862 3333 1941 3390; x_wconf 87' lang='lat' dir='ltr'>uuo</span> 
     </span>
     <span class='ocr_line' id='line_1_27' title="bbox 506 3412 1940 3527; baseline 0.002 -27"><span class='ocrx_word' id='word_1_225' title='bbox 506 3413 623 3526; x_wconf 74' lang='lat' dir='ltr'>quim</span> <span class='ocrx_word' id='word_1_226' title='bbox 652 3419 693 3498; x_wconf 92' lang='lat' dir='ltr'>in</span> <span class='ocrx_word' id='word_1_227' title='bbox 721 3412 800 3497; x_wconf 86' lang='lat' dir='ltr'>alio</span> <span class='ocrx_word' id='word_1_228' title='bbox 830 3416 977 3527; x_wconf 65' lang='lat' dir='ltr'>pundo</span> <span class='ocrx_word' id='word_1_229' title='bbox 1006 3413 1076 3496; x_wconf 86' lang='lat' dir='ltr'>liat</span> <span class='ocrx_word' id='word_1_230' title='bbox 1088 3475 1103 3520; x_wconf 95' lang='lat'>,</span> <span class='ocrx_word' id='word_1_231' title='bbox 1133 3443 1216 3525; x_wconf 84' lang='lat' dir='ltr'>quae</span> <span class='ocrx_word' id='word_1_232' title='bbox 1235 3415 1449 3502; x_wconf 88' lang='lat' dir='ltr'>circularis</span> <span class='ocrx_word' id='word_1_233' title='bbox 1477 3417 1553 3502; x_wconf 81' lang='lat' dir='ltr'>elle</span> <span class='ocrx_word' id='word_1_234' title='bbox 1580 3415 1701 3502; x_wconf 91' lang='lat' dir='ltr'>debet</span> <span class='ocrx_word' id='word_1_235' title='bbox 1725 3445 1778 3503; x_wconf 87' lang='lat' dir='ltr'>ex</span> <span class='ocrx_word' id='word_1_236' title='bbox 1802 3445 1940 3504; x_wconf 80' lang='lat' dir='ltr'>nauatae</span> 
     </span>
     <span class='ocr_line' id='line_1_28' title="bbox 506 3525 1942 3641; baseline 0.002 -27"><span class='ocrx_word' id='word_1_237' title='bbox 506 3529 647 3615; x_wconf 88' lang='lat' dir='ltr'>ordine</span> <span class='ocrx_word' id='word_1_238' title='bbox 679 3527 834 3640; x_wconf 88' lang='lat' dir='ltr'>pressi0.</span> <span class='ocrx_word' id='word_1_239' title='bbox 874 3525 989 3611; x_wconf 71' lang='lat' dir='ltr'>Unde</span> <span class='ocrx_word' id='word_1_240' title='bbox 1013 3529 1139 3641; x_wconf 90' lang='lat' dir='ltr'>prima</span> <span class='ocrx_word' id='word_1_241' title='bbox 1168 3529 1313 3614; x_wconf 88' lang='lat' dir='ltr'>versari</span> <span class='ocrx_word' id='word_1_242' title='bbox 1345 3528 1465 3615; x_wconf 90' lang='lat' dir='ltr'>debet</span> <span class='ocrx_word' id='word_1_243' title='bbox 1497 3559 1590 3616; x_wconf 87' lang='lat' dir='ltr'>cura</span> <span class='ocrx_word' id='word_1_244' title='bbox 1622 3528 1731 3614; x_wconf 71' lang='lat' dir='ltr'>circi</span> <span class='ocrx_word' id='word_1_245' title='bbox 1765 3535 1942 3617; x_wconf 82' lang='lat' dir='ltr'>vestitum</span> 
     </span>
    </p>
   </div>
   <div class='ocr_carea' id='block_1_3' title="bbox 503 3635 1944 3844">
    <p class='ocr_par' dir='ltr' id='par_1_8' title="bbox 503 3635 1944 3844">
     <span class='ocr_line' id='line_1_29' title="bbox 503 3635 1944 3844; baseline 0.006 -120"><span class='ocrx_word' id='word_1_246' title='bbox 503 3641 742 3744; x_wconf 88' lang='lat' dir='ltr'>mulierum,</span> <span class='ocrx_word' id='word_1_247' title='bbox 761 3667 810 3723; x_wconf 91' lang='lat' dir='ltr'>ne</span> <span class='ocrx_word' id='word_1_248' title='bbox 828 3635 915 3752; x_wconf 92' lang='lat' dir='ltr'>plus</span> <span class='ocrx_word' id='word_1_249' title='bbox 930 3643 1043 3750; x_wconf 82' lang='lat' dir='ltr'>aequo</span> <span class='ocrx_word' id='word_1_250' title='bbox 1055 3668 1276 3754; x_wconf 87' lang='lat' dir='ltr'>prematur,</span> <span class='ocrx_word' id='word_1_251' title='bbox 1300 3669 1366 3727; x_wconf 89' lang='lat' dir='ltr'>aut</span> <span class='ocrx_word' id='word_1_252' title='bbox 1381 3643 1618 3758; x_wconf 86' lang='lat' dir='ltr'>deprimatur</span> <span class='ocrx_word' id='word_1_253' title='bbox 1630 3643 1776 3751; x_wconf 69' lang='lat' dir='ltr'>foetus,</span> <span class='ocrx_word' id='word_1_254' title='bbox 1791 3673 1844 3730; x_wconf 89' lang='lat' dir='ltr'>ne</span> <span class='ocrx_word' id='word_1_255' title='bbox 1853 3645 1944 3844; x_wconf 78' lang='lat' dir='ltr'>plus</span> 
     </span>
    </p>
   </div>
   <div class='ocr_carea' id='block_1_4' title="bbox 501 3748 1985 5004">
    <p class='ocr_par' dir='ltr' id='par_1_9' title="bbox 501 3748 1985 4680">
     <span class='ocr_line' id='line_1_30' title="bbox 504 3748 1943 3866; baseline 0.003 -28"><span class='ocrx_word' id='word_1_256' title='bbox 504 3754 763 3838; x_wconf 86' lang='lat' dir='ltr'>extendantur</span> <span class='ocrx_word' id='word_1_257' title='bbox 790 3748 933 3858; x_wconf 90' lang='lat' dir='ltr'>latera,</span> <span class='ocrx_word' id='word_1_258' title='bbox 960 3778 1027 3836; x_wconf 89' lang='lat' dir='ltr'>aut</span> <span class='ocrx_word' id='word_1_259' title='bbox 1052 3783 1139 3866; x_wconf 92' lang='lat' dir='ltr'>pars</span> <span class='ocrx_word' id='word_1_260' title='bbox 1160 3751 1382 3840; x_wconf 85' lang='lat' dir='ltr'>abdominis</span> <span class='ocrx_word' id='word_1_261' title='bbox 1407 3759 1554 3844; x_wconf 84' lang='lat' dir='ltr'>infima.</span> <span class='ocrx_word' id='word_1_262' title='bbox 1581 3757 1716 3842; x_wconf 76' lang='lat' dir='ltr'>Postea</span> <span class='ocrx_word' id='word_1_263' title='bbox 1735 3759 1838 3844; x_wconf 82' lang='lat' dir='ltr'>verb</span> <span class='ocrx_word' id='word_1_264' title='bbox 1872 3760 1943 3842; x_wconf 88' lang='lat' dir='ltr'>&#39;ni-</span> 
     </span>
     <span class='ocr_line' id='line_1_31' title="bbox 502 3861 1942 3986; baseline 0.004 -34"><span class='ocrx_word' id='word_1_265' title='bbox 502 3892 636 3952; x_wconf 86' lang='lat' dir='ltr'>menta</span> <span class='ocrx_word' id='word_1_266' title='bbox 668 3861 834 3969; x_wconf 90' lang='lat' dir='ltr'>mollia,</span> <span class='ocrx_word' id='word_1_267' title='bbox 870 3861 1041 3947; x_wconf 88' lang='lat' dir='ltr'>laxantia</span> <span class='ocrx_word' id='word_1_268' title='bbox 1071 3863 1174 3950; x_wconf 91' lang='lat' dir='ltr'>lenia</span> <span class='ocrx_word' id='word_1_269' title='bbox 1204 3872 1281 3951; x_wconf 91' lang='lat' dir='ltr'>toti</span> <span class='ocrx_word' id='word_1_270' title='bbox 1308 3867 1530 3955; x_wconf 90' lang='lat' dir='ltr'>abdominis</span> <span class='ocrx_word' id='word_1_271' title='bbox 1563 3873 1645 3954; x_wconf 91' lang='lat' dir='ltr'>cuti</span> <span class='ocrx_word' id='word_1_272' title='bbox 1672 3873 1914 3986; x_wconf 85' lang='lat' dir='ltr'>inungantur</span> <span class='ocrx_word' id='word_1_273' title='bbox 1924 3932 1942 3978; x_wconf 92' lang='lat'>,</span> 
     </span>
     <span class='ocr_line' id='line_1_32' title="bbox 503 3973 1942 4098; baseline 0.006 -36"><span class='ocrx_word' id='word_1_274' title='bbox 503 3997 598 4063; x_wconf 84' lang='lat' dir='ltr'>cum</span> <span class='ocrx_word' id='word_1_275' title='bbox 614 3977 687 4063; x_wconf 71' lang='lat' dir='ltr'>hac</span> <span class='ocrx_word' id='word_1_276' title='bbox 705 3973 798 4061; x_wconf 77' lang='lat' dir='ltr'>cural</span> <span class='ocrx_word' id='word_1_277' title='bbox 806 4038 820 4081; x_wconf 91' lang='lat'>,</span> <span class='ocrx_word' id='word_1_278' title='bbox 836 4003 901 4082; x_wconf 86' lang='lat' dir='ltr'>ne,</span> <span class='ocrx_word' id='word_1_279' title='bbox 919 3974 972 4059; x_wconf 95' lang='lat' dir='ltr'>ob</span> <span class='ocrx_word' id='word_1_280' title='bbox 986 3976 1209 4062; x_wconf 91' lang='lat' dir='ltr'>acredinem</span> <span class='ocrx_word' id='word_1_281' title='bbox 1224 3983 1392 4096; x_wconf 87' lang='lat' dir='ltr'>partium</span> <span class='ocrx_word' id='word_1_282' title='bbox 1408 3979 1653 4091; x_wconf 90' lang='lat' dir='ltr'>oleosarum,</span> <span class='ocrx_word' id='word_1_283' title='bbox 1670 3987 1862 4098; x_wconf 91' lang='lat' dir='ltr'>pruritus,</span> <span class='ocrx_word' id='word_1_284' title='bbox 1876 4007 1942 4070; x_wconf 86' lang='lat' dir='ltr'>aut</span> 
     </span>
     <span class='ocr_line' id='line_1_33' title="bbox 502 4086 1943 4214; baseline 0.003 -37"><span class='ocrx_word' id='word_1_285' title='bbox 502 4094 600 4204; x_wconf 88' lang='lat' dir='ltr'>erysr</span> <span class='ocrx_word' id='word_1_286' title='bbox 628 4090 707 4177; x_wconf 87' lang='lat' dir='ltr'>elas</span> <span class='ocrx_word' id='word_1_287' title='bbox 728 4093 771 4174; x_wconf 91' lang='lat' dir='ltr'>in</span> <span class='ocrx_word' id='word_1_288' title='bbox 794 4086 929 4174; x_wconf 73' lang='lat' dir='ltr'>teneri</span> <span class='ocrx_word' id='word_1_289' title='bbox 954 4116 1046 4174; x_wconf 88' lang='lat' dir='ltr'>cute</span> <span class='ocrx_word' id='word_1_290' title='bbox 1067 4089 1298 4178; x_wconf 86' lang='lat' dir='ltr'>oboriantur</span> <span class='ocrx_word' id='word_1_291' title='bbox 1319 4127 1332 4195; x_wconf 82' lang='lat'>3</span> <span class='ocrx_word' id='word_1_292' title='bbox 1360 4093 1499 4181; x_wconf 90' lang='lat' dir='ltr'>balnea</span> <span class='ocrx_word' id='word_1_293' title='bbox 1521 4099 1638 4182; x_wconf 89' lang='lat' dir='ltr'>etiam</span> <span class='ocrx_word' id='word_1_294' title='bbox 1663 4105 1705 4181; x_wconf 74' lang='grc' dir='ltr'>δι</span> <span class='ocrx_word' id='word_1_295' title='bbox 1729 4097 1943 4214; x_wconf 86' lang='lat' dir='ltr'>semicupia</span> 
     </span>
     <span class='ocr_line' id='line_1_34' title="bbox 502 4121 1942 4326; baseline 0.005 -39"><span class='ocrx_word' id='word_1_296' title='bbox 502 4121 636 4318; x_wconf 70' lang='lat' dir='ltr'>tepidis</span> <span class='ocrx_word' id='word_1_297' title='bbox 657 4207 698 4288; x_wconf 91' lang='lat' dir='ltr'>in</span> <span class='ocrx_word' id='word_1_298' title='bbox 719 4205 827 4286; x_wconf 91' lang='lat' dir='ltr'>hunc</span> <span class='ocrx_word' id='word_1_299' title='bbox 849 4205 970 4287; x_wconf 87' lang='lat' dir='ltr'>finem</span> <span class='ocrx_word' id='word_1_300' title='bbox 994 4203 1222 4314; x_wconf 88' lang='lat' dir='ltr'>suadentur,</span> <span class='ocrx_word' id='word_1_301' title='bbox 1244 4207 1350 4294; x_wconf 74' lang='lat' dir='ltr'>uude</span> <span class='ocrx_word' id='word_1_302' title='bbox 1370 4207 1577 4294; x_wconf 87' lang='lat' dir='ltr'>mollescat</span> <span class='ocrx_word' id='word_1_303' title='bbox 1595 4212 1695 4294; x_wconf 91' lang='lat' dir='ltr'>cutis</span> <span class='ocrx_word' id='word_1_304' title='bbox 1718 4216 1763 4293; x_wconf 79' lang='lat' dir='ltr'>dt</span> <span class='ocrx_word' id='word_1_305' title='bbox 1787 4233 1942 4326; x_wconf 80' lang='lat' dir='ltr'>paretur</span> 
     </span>
     <span class='ocr_line' id='line_1_35' title="bbox 502 4314 1985 4430; baseline 0.007 -30"><span class='ocrx_word' id='word_1_306' title='bbox 502 4314 620 4400; x_wconf 83' lang='lat' dir='ltr'>loetui</span> <span class='ocrx_word' id='word_1_307' title='bbox 650 4315 841 4402; x_wconf 90' lang='lat' dir='ltr'>crescenti</span> <span class='ocrx_word' id='word_1_308' title='bbox 868 4316 1019 4401; x_wconf 89' lang='lat' dir='ltr'>locus:</span> <span class='ocrx_word' id='word_1_309' title='bbox 1052 4348 1142 4400; x_wconf 91' lang='lat' dir='ltr'>nam</span> <span class='ocrx_word' id='word_1_310' title='bbox 1177 4321 1287 4430; x_wconf 94' lang='lat' dir='ltr'>quod</span> <span class='ocrx_word' id='word_1_311' title='bbox 1322 4321 1420 4430; x_wconf 78' lang='lat' dir='ltr'>olim</span> <span class='ocrx_word' id='word_1_312' title='bbox 1448 4322 1498 4407; x_wconf 89' lang='lat' dir='ltr'>de</span> <span class='ocrx_word' id='word_1_313' title='bbox 1536 4321 1685 4407; x_wconf 88' lang='lat' dir='ltr'>balneis</span> <span class='ocrx_word' id='word_1_314' title='bbox 1710 4323 1985 4410; x_wconf 89' lang='lat' dir='ltr'>metuebant.</span> 
     </span>
     <span class='ocr_line' id='line_1_36' title="bbox 501 4429 1943 4552; baseline 0.009 -43"><span class='ocrx_word' id='word_1_315' title='bbox 501 4429 680 4514; x_wconf 70' lang='lat' dir='ltr'>auttores</span> <span class='ocrx_word' id='word_1_316' title='bbox 719 4431 836 4514; x_wconf 91' lang='lat' dir='ltr'>nostri</span> <span class='ocrx_word' id='word_1_317' title='bbox 871 4457 1023 4516; x_wconf 88' lang='lat' dir='ltr'>veteres</span> <span class='ocrx_word' id='word_1_318' title='bbox 1062 4459 1217 4516; x_wconf 90' lang='lat' dir='ltr'>merum</span> <span class='ocrx_word' id='word_1_319' title='bbox 1248 4433 1325 4520; x_wconf 82' lang='lat' dir='ltr'>elle</span> <span class='ocrx_word' id='word_1_320' title='bbox 1358 4439 1592 4551; x_wconf 86' lang='lat' dir='ltr'>figmentum</span> <span class='ocrx_word' id='word_1_321' title='bbox 1625 4464 1716 4521; x_wconf 77' lang='lat' dir='ltr'>etas</span> <span class='ocrx_word' id='word_1_322' title='bbox 1750 4439 1943 4552; x_wconf 82' lang='lat' dir='ltr'>posterior</span> 
     </span>
     <span class='ocr_line' id='line_1_37' title="bbox 502 4535 1442 4680; baseline 0.009 -58"><span class='ocrx_word' id='word_1_323' title='bbox 502 4535 643 4622; x_wconf 73' lang='lat' dir='ltr'>melius</span> <span class='ocrx_word' id='word_1_324' title='bbox 667 4543 806 4680; x_wconf 56' lang='lat' dir='ltr'>edofita</span> <span class='ocrx_word' id='word_1_325' title='bbox 826 4543 1115 4628; x_wconf 88' lang='lat' dir='ltr'>demonstravit.</span> <span class='ocrx_word' id='word_1_326' title='bbox 1199 4619 1203 4631; x_wconf 91' lang='lat'>.</span> <span class='ocrx_word' id='word_1_327' title='bbox 1436 4577 1442 4590; x_wconf 57' lang='lat'><em>³</em></span> 
     </span>
    </p>

    <p class='ocr_par' dir='ltr' id='par_1_10' title="bbox 501 4651 1944 5004">
     <span class='ocr_line' id='line_1_38' title="bbox 559 4651 1944 4774; baseline 0.01 -40"><span class='ocrx_word' id='word_1_328' title='bbox 559 4651 786 4740; x_wconf 83' lang='lat' dir='ltr'>Remanent</span> <span class='ocrx_word' id='word_1_329' title='bbox 803 4655 825 4739; x_wconf 79' lang='grc' dir='ltr'>ὲ</span> <span class='ocrx_word' id='word_1_330' title='bbox 845 4683 956 4772; x_wconf 92' lang='lat' dir='ltr'>partu</span> <span class='ocrx_word' id='word_1_331' title='bbox 981 4681 1026 4740; x_wconf 92' lang='lat' dir='ltr'>ut</span> <span class='ocrx_word' id='word_1_332' title='bbox 1046 4655 1257 4770; x_wconf 69' lang='lat' dir='ltr'>plurimum</span> <span class='ocrx_word' id='word_1_333' title='bbox 1281 4689 1386 4774; x_wconf 84' lang='lat' dir='ltr'>ruga·</span> <span class='ocrx_word' id='word_1_334' title='bbox 1411 4691 1494 4773; x_wconf 82' lang='lat' dir='ltr'>quat</span> <span class='ocrx_word' id='word_1_335' title='bbox 1520 4657 1743 4746; x_wconf 84' lang='lat' dir='ltr'>abdominis</span> <span class='ocrx_word' id='word_1_336' title='bbox 1766 4661 1944 4750; x_wconf 71' lang='lat' dir='ltr'>fornum</span> 
     </span>
     <span class='ocr_line' id='line_1_39' title="bbox 501 4764 1943 4888; baseline 0.012 -41"><span class='ocrx_word' id='word_1_337' title='bbox 501 4764 654 4848; x_wconf 88' lang='lat' dir='ltr'>vitiant.</span> <span class='ocrx_word' id='word_1_338' title='bbox 686 4767 814 4874; x_wconf 89' lang='lat' dir='ltr'>Quod</span> <span class='ocrx_word' id='word_1_339' title='bbox 837 4773 983 4854; x_wconf 70' lang='lat' dir='ltr'>uitium,</span> <span class='ocrx_word' id='word_1_340' title='bbox 1000 4771 1040 4852; x_wconf 93' lang='lat' dir='ltr'>in</span> <span class='ocrx_word' id='word_1_341' title='bbox 1063 4771 1292 4860; x_wconf 89' lang='lat' dir='ltr'>mulieribus</span> <span class='ocrx_word' id='word_1_342' title='bbox 1314 4804 1398 4885; x_wconf 87' lang='lat' dir='ltr'>quae</span> <span class='ocrx_word' id='word_1_343' title='bbox 1423 4773 1615 4888; x_wconf 89' lang='lat' dir='ltr'>plurimos</span> <span class='ocrx_word' id='word_1_344' title='bbox 1636 4775 1807 4860; x_wconf 84' lang='lat' dir='ltr'>infantes</span> <span class='ocrx_word' id='word_1_345' title='bbox 1825 4805 1943 4864; x_wconf 88' lang='lat' dir='ltr'>utero</span> 
     </span>
     <span class='ocr_line' id='line_1_40' title="bbox 501 4873 1944 5004; baseline 0.012 -41"><span class='ocrx_word' id='word_1_346' title='bbox 501 4873 699 4986; x_wconf 80' lang='lat' dir='ltr'>gcfferunt</span> <span class='ocrx_word' id='word_1_347' title='bbox 728 4878 778 4962; x_wconf 89' lang='lat' dir='ltr'>ad</span> <span class='ocrx_word' id='word_1_348' title='bbox 804 4877 983 4969; x_wconf 87' lang='lat' dir='ltr'>ultimam</span> <span class='ocrx_word' id='word_1_349' title='bbox 1003 4881 1127 5000; x_wconf 82' lang='lat' dir='ltr'>usque</span> <span class='ocrx_word' id='word_1_350' title='bbox 1146 4913 1300 4975; x_wconf 79' lang='lat' dir='ltr'>etatem</span> <span class='ocrx_word' id='word_1_351' title='bbox 1322 4889 1625 4984; x_wconf 84' lang='lat' dir='ltr'>annotatur..1n</span> <span class='ocrx_word' id='word_1_352' title='bbox 1652 4891 1700 4976; x_wconf 89' lang='lat' dir='ltr'>iis</span> <span class='ocrx_word' id='word_1_353' title='bbox 1725 4891 1827 4978; x_wconf 74' lang='lat' dir='ltr'>vere</span> <span class='ocrx_word' id='word_1_354' title='bbox 1855 4919 1944 5004; x_wconf 75' lang='lat' dir='ltr'>que</span> 
     </span>
    </p>
   </div>
   <div class='ocr_carea' id='block_1_5' title="bbox 881 5149 970 5210">
    <p class='ocr_par' dir='ltr' id='par_1_11' title="bbox 881 5149 970 5210">
     <span class='ocr_line' id='line_1_41' title="bbox 881 5149 970 5210; baseline 0 -50"><span class='ocrx_word' id='word_1_355' title='bbox 881 5149 970 5210; x_wconf 26' lang='grc' dir='ltr'>Ὗ</span> 
     </span>
    </p>
   </div>
   <div class='ocr_carea' id='block_1_6' title="bbox 0 0 2154 5904">
    <p class='ocr_par' dir='ltr' id='par_1_12' title="bbox 0 0 2154 5904">
     <span class='ocr_line' id='line_1_42' title="bbox 0 0 2154 5904; baseline 0 0"><span class='ocrx_word' id='word_1_356' title='bbox 0 0 2154 5904; x_wconf 95' lang='lat' dir='ltr'> </span> 
     </span>
    </p>
   </div>
  </div>
 </body>
</html>
