4226 5916
666 371 1156 462 CUTANEI&
1481 319 1631 484 *qm

144 581 146 587 ι
196 533 388 618 summum
407 532 599 642 incitans,
620 539 703 620 imo
720 544 762 622 δ’(
775 536 986 650 aliquando
1003 529 1430 622 doloresacu'tilhmos.
1453 523 1625 621 Decres-

199 673 291 732 cunt
318 645 466 732 interea
497 647 690 760 glandula
714 679 784 764 per
810 663 939 735 totam*
961 653 1124 734 astarem
1150 681 1162 749 ;
1187 649 1355 733 formam
1385 659 1426 734 dr
1454 651 1626 734 nitorem

196 787 405 874 puerorum
420 757 561 865 {astant
580 789 734 851 matres.
759 763 843 847 Sub
865 790 1096 847 autumnum
1112 762 1277 846 redeunt
1297 757 1489 874 glandula
1504 793 1515 862 3
1531 787 1625 846 vere

194 877 322 960 rursus
339 875 484 958 humor
505 873 613 958 idem
629 873 806 961 exstillat.
835 876 888 960 Et
908 874 1005 959 licet
1022 871 1148 989 vulgi>
1172 875 1220 958 ad
1244 878 1412 987 primum
1435 874 1626 988 septennii
1740 895 1744 912 ·

195 986 404 1068 circuitum
432 989 601 1071 humore
633 986 708 1072 illo
739 1021 791 1074 co
838 1019 883 1072 us
915 986 1129 1095 liberetur,
1161 1017 1244 1072 non
1269 989 1357 1070 rarb
1384 987 1519 1071 videre
1544 989 1623 1094 est}

194 1097 401 1210 prasertim
419 1102 460 1182 in
479 1098 662 1185 muliebri
677 1102 769 1188 sexu
777 1017 992 1211 ,rioennnas
1008 1127 1077 1217 per
1096 1100 1259 1213 longam
1275 1127 1469 1183 annorum
1487 1095 1627 1182 seriem

194 1208 435 1301 hiscemalis
460 1211 666 1298 obnoxias.
1025 1278 1030 1285 ,

179 1379 180 1382 a
249 1323 503 1438 Superfiuum
524 1323 678 1412 scilicet
702 1353 792 1409 acre
813 1355 886 1441 pro
910 1323 1016 1409 varil
1039 1326 1328 1440 perspirationis
1350 1319 1495 1432 copis,
1521 1351 1628 1406 nunc

197 1439 394 1550 copiosrirs
409 1437 594 1545 exstillat,
611 1469 718 1523 nunc
734 1439 1026 1551 parcihssaevit,
1042 1469 1148 1521 nunc
1165 1437 1331 1522 fluidum
1344 1438 1424 1548 agit
1433 1433 1628 1542 maxime,

194 1577 301 1634 nunc
321 1549 460 1636 contra
479 1550 642 1638 solidius
665 1581 832 1666 paucam
849 1556 931 1636 vim
951 1580 1117 1662 eamque
1137 1551 1404 1636 feretranam
1426 1551 1563 1631 exerit.
1618 1611 1627 1622 .

249 1661 423 1748 Memini
450 1695 563 1756 novae
589 1690 717 1779 nupta
741 1663 952 1750 clariffimae
977 1664 1151 1749 exarsisse
1180 1668 1222 1748 in
1242 1691 1361 1776 genas
1386 1661 1630 1746 sadissrmum

193 1774 402 1887 herpetum
410 1838 425 1884 ,
440 1803 485 1859 ut
498 1775 673 1884 aiebant,
697 1806 820 1890 genus
839 1809 851 1877 ;
870 1781 974 1860 hanc
989 1807 1068 1890 ego
1084 1777 1278 1868 methodo
1294 1774 1493 1886 longiori,
1510 1802 1631 1883 quan·

194 1883 314 1996 quim
339 1888 643 2001 ingemisceret,
668 1897 711 1974 bt
740 1917 863 1974 artem
892 1890 1113 1994 incusaret,
1151 1888 1228 1972 elle
1260 1886 1468 1970 sanandam
1495 1885 1629 1970 edic0.

98 2005 105 2016 “
194 1997 316 2082 Adest
349 2003 408 2085 vir
442 2005 631 2115 empyrici
664 2005 796 2116 potius
830 1999 947 2112 quim
977 2002 1133 2086 Medici
1161 2003 1323 2084 nomine
1356 1999 1496 2114 dignus
1511 2060 1526 2103 ,
1562 2001 1631 2107 qui

192 2107 344 2196 bellam
374 2140 508 2206 cutem
541 2117 623 2200 citb
650 2114 842 2220 mundat,
880 2117 1045 2198 nimihm
1075 2115 1308 2198 vesrcatorio
1342 2111 1391 2195 ad
1425 2109 1633 2194 brachium

192 2226 376 2338 apposito
419 2225 636 2314 confidens.
683 2227 766 2313 Sed
810 2232 947 2340 pariam
988 2225 1221 2311 auscultavit
1257 2224 1460 2339 preceptis
1495 2228 1633 2308 coada

191 2363 345 2421 natura.
372 2338 579 2421 Glandulae
606 2343 905 2444 intumuerunt,
928 2339 1126 2422 scirrhosae
1148 2337 1378 2443 evaserunt,
1400 2363 1476 2420 nec
1497 2339 1633 2449 potui·-

191 2479 307 2553 mus,
338 2448 434 2532 licet
460 2453 594 2534 omnia
620 2476 838 2554 tentantes,
865 2454 1070 2535 materiem
1092 2448 1299 2534 adcutem
1325 2454 1452 2532 rursus
1478 2474 1633 2562 protru-

191 2560 307 2668 dere.
336 2561 452 2646 Unde
476 2561 607 2676 posteri
628 2564 769 2677 phthisi
793 2563 1116 2647 occumbendum
1133 2561 1220 2645 fuit.
1249 2559 1318 2644 Ob
1339 2557 1504 2642 similem
1528 2556 1634 2644 male

188 2701 237 2757 re
267 2669 398 2776 uisum
439 2672 460 2758 a
496 2670 609 2760 vultu
641 2678 684 2759 in
715 2677 846 2789 primo
883 2673 1094 2780 juventutis
1130 2675 1231 2756 flore
1268 2673 1419 2756 fluxum
1454 2668 1632 2756 olentem

190 2703 427 2870 adhucdum
438 2850 452 2892 ,
469 2817 616 2904 magno
637 2789 816 2872 omnium
837 2784 964 2895 lustu,
985 2788 1232 2870 asthmaticos
1252 2785 1448 2900 experitur
1468 2781 1633 2869 insultus

172 2901 256 2986 'vir
273 2896 547 2984 nobilissimus.
571 2898 708 2985 Alium
729 2901 795 2984 hlc
815 2898 1010 3016 appellare
1026 2897 1202 3014 possem,
1215 2900 1290 2982 cui
1308 2897 1516 3008 quotannis
1532 2896 1636 2981 redi-

191 3014 314 3098 vivus
333 3009 403 3097 ille
418 3014 545 3096 fluxus
560 3011 761 3098 sanitatem
774 3009 900 3097 servat
913 3014 1162 3120 athleticam,
1182 3040 1321 3122 quam,
1346 3007 1411 3092 ubi
1426 3011 1508 3092 hoc
1523 3010 1635 3093 fluxu

188 3126 328 3210 carent
341 3186 356 3232 ,
388 3126 565 3210 amiserat
586 3125 679 3210 vere
709 3124 1036 3210 melancholicus.
1073 3125 1150 3209 His
1180 3121 1363 3209 omnibus
1391 3147 1517 3237 partes
1551 3122 1634 3206 auri

176 3239 367 3345 vicina,
403 3238 577 3322 auricula
613 3238 692 3354 ipsa
725 3237 838 3324 lemis
882 3237 1107 3324 obsidentur
1142 3238 1368 3354 perpetuis,
1402 3260 1442 3318 at
1476 3249 1535 3318 ter
1565 3230 1634 3320 vel

192 3375 340 3462 quater
370 3349 420 3436 de
451 3352 516 3436 die
543 3353 671 3436 fluxus
699 3354 744 3436 fit
774 3379 825 3436 co
854 3352 960 3438 iosus
973 3413 989 3459 ,
1026 3354 1153 3456 acris,
1186 3349 1283 3465 sape
1311 3376 1406 3432 cum
1433 3347 1635 3454 evidenti,

193 3493 237 3549 at
249 3459 384 3548 subito
402 3463 715 3573 detumescente,
729 3381 1002 3602 glandularunr
1019 3463 1472 3580 parotidumtnflatione.
1490 3461 1635 3554 herilis
1722 3509 1740 3519 -

195 3585 243 3677 ὃς
257 3575 429 3660 vividius
444 3578 531 3660 fluit
540 3579 706 3664 incautis
717 3577 747 3662 h
776 3609 867 3686 uor,
883 3576 1009 3695 srplus
1023 3574 1225 3691 epularum
1240 3573 1486 3689 ingesserint,
1505 3575 1643 3656 minito

191 3690 300 3776 vero
320 3695 361 3771 &
382 3692 535 3803 parcius
556 3717 687 3774 manat
708 3609 838 3776 sobria
856 3688 1091 3775 viventibus.
1515 3735 1517 3742 ·

258 3802 354 3885 Nec
373 3831 500 3887 rarum
527 3803 608 3907 est,
634 3799 691 3884 nil
711 3801 790 3888 tale
811 3800 1076 3916 cogitantibus
1095 3800 1297 3907 Medicis,
1322 3825 1368 3884 ut
1389 3798 1484 3882 ditm
1506 3823 1637 3912 partes

198 3911 416 4005 obstrusas
437 3914 605 4000 reserare
630 3940 827 4025 quarunt,
852 3943 902 4000 ex
924 3914 1168 4030 improviso,
1192 3911 1299 3998 malo
1325 3913 1510 4026 primario
1532 3909 1635 3994 bene

194 4029 244 4112 se
257 4024 445 4135 habente,
460 4030 560 4112 cutis
573 4027 821 4146 deturpetur,
838 4034 878 4112 bt
890 4025 1114 4144 herpetibus
1128 4027 1168 4111 se
1183 4031 1331 4112 teslum
1344 4026 1505 4106 miretur
1521 4050 1635 4136 ager.

197 4139 377 4226 Latebat
391 4140 543 4226 scilicet
558 4143 661 4226 intus
677 4146 717 4226 in
731 4169 853 4226 muso
871 4167 1102 4227 concretum
1117 4147 1159 4225 ὅ(
1174 4133 1637 4250 extrh,utpari1mlatinb

198 4253 567 4369 loquar,sphaeram
579 4257 781 4339 estivitatis
795 4254 1174 4340 constituarmvirus.
1192 4251 1289 4333 Hoc
1305 4267 1379 4355 ars,
1396 4259 1638 4353 aut'natura,

62 4412 69 4422 ·
199 4394 275 4452 aut
293 4367 375 4452 fors
395 4370 542 4476 eriam,
571 4397 656 4478 quae
680 4367 826 4476 aliquid
848 4371 889 4449 in
910 4364 1025 4451 rebus
1044 4367 1223 4447 humanis
1249 4359 1318 4445 fibi
1337 4359 1539 4466 vindicat,
1565 4370 1636 4476 per'

199 4478 444 4566 diluentium
467 4509 585 4590 atque
607 4477 845 4564 solventium
868 4479 1089 4562 efficaciam
1100 4504 1160 4561 ex
1180 4472 1332 4593 pristinl
1354 4472 1446 4558 sede
1464 4473 1638 4558 extrusit:

155 4647 165 4654 ·
199 4591 250 4682 T
251 4621 330 4676 unc
356 4598 458 4677 vires
514 4597 658 4678 ristinas
685 4591 871 4699 resumit,
896 4621 919 4674 a
947 4594 1056 4700 itque
1084 4587 1189 4673 novi
1220 4589 1439 4691 redivivum
1466 4582 1635 4692 juvent&⁸

198 4707 275 4788 An
304 4709 454 4788 nonin
532 4705 642 4790 datur
676 4703 829 4790 solvere
856 4622 1117 4820 problemata·
1135 4699 1304 4822 phirima
1335 4697 1440 4784 circi
1473 4693 1640 4782 morbos

198 4815 453 4904 haereditario
478 4815 562 4925 jure
592 4823 844 4933 contrusios,
875 4819 942 4932 qui
963 4813 1059 4932 saepe
1082 4843 1152 4932 per
1181 4819 1366 5014 integrale!1
1374 4839 1503 4898 etates
1528 4807 1639 4896 srlent

1379 4955 1420 5011 m
1434 4955 1477 5009 m
