4292 5904
697 335 1222 444 CUTANEIS.¹
1585 361 1675 472 ἧς

240 513 333 606 cula
356 518 525 606 militum
543 515 693 628 facies,
719 528 760 605 dt
787 521 893 606 arida
917 511 1104 632 fuscaque
1129 515 1261 604 vultbs
1286 515 1451 610 tinslura
1475 549 1552 610 nec
1576 525 1672 614 solis

240 635 413 720 irruente
430 629 586 740 jubare,
604 660 678 717 nec
693 661 903 720 ventorum
919 635 1013 718 flatu
1030 631 1211 716 mordaci
1225 647 1555 745 commoventur,
1575 639 1673 756 sper⁴

240 774 419 856 nuntque
438 752 479 830 ὅ(
493 745 623 830 rident
637 731 792 830 urbana
812 742 1023 830 debilitatis
1044 746 1250 856 exquisitas
1272 739 1470 848 cautelas3
1492 752 1573 864 ipsa
1602 752 1669 840 vel
1718 841 1721 850 ,

239 857 430 946 leviffima
456 862 551 942 aeris
574 862 742 942 mutatio
765 857 952 944 delicatas
974 857 1185 944 mulierum
1204 856 1324 944 facies
1350 867 1391 943 bt
1414 863 1597 972 mordet,
1627 875 1671 954 dt

158 1011 162 1014 ·
240 975 405 1086 pungit,
422 976 463 1054 ὅ(
476 973 617 1056 acriter
634 970 807 1056 vellicat.
827 973 897 1058 Sic
911 970 1008 1085 saepe¹
1024 969 1184 1074 aba'e'ris
1200 967 1355 1086 insulari
1367 975 1615 1087 impressione
1629 981 1673 1065 in

241 1111 370 1198 partes
392 1083 510 1172 facici
534 1081 635 1169 male
658 1084 855 1192 defensas,
879 1087 1058 1170 oriuntur
1078 1110 1254 1170 tumores
1280 1083 1445 1175 rosei&
1467 1085 1673 1202 erysipela-

242 1199 340 1302 tosr,
369 1198 447 1280 fine
460 1195 545 1280 ullo
560 1194 639 1280 alio
652 1198 881 1304 accidente,
905 1226 1040 1313 praetet
1062 1195 1192 1283 levem
1214 1194 1363 1281 coloris
1387 1202 1671 1310 mutationem,

241 1309 477 1420 furfurisque
507 1309 660 1422 fugacis
691 1315 967 1425 eruptionem,
1000 1313 1068 1422 qui
1099 1310 1190 1395 inde
1221 1313 1345 1393 oritur
1372 1311 1481 1422 qubd
1513 1313 1673 1398 vincula

241 1421 493 1536 epidermidis
516 1419 656 1506 leviter
680 1429 828 1510 tenacis
852 1422 981 1510 soluta
1005 1423 1160 1508 fuerint.
1375 1501 1377 1504 ,

295 1534 533 1620 Accidentia
548 1537 666 1620 etiam
682 1536 832 1622 diversa
846 1562 978 1621 cutem
991 1537 1109 1620 faciei
1123 1535 1340 1650 deturpant.
1355 1533 1422 1620 De
1436 1537 1482 1620 iis
1498 1536 1674 1647 sequenti

241 1644 426 1735 articulo.
449 1650 504 1754 At
522 1644 544 1732 ὲ
560 1648 681 1732 causrs
702 1646 968 1762 fugacibus&
986 1647 1140 1736 vultum
1162 1645 1440 1762 impetentibus
1464 1650 1674 1735 nascuntur

240 1761 593 1866 inflammationes,
609 1763 861 1874 tumoresque
901 1765 1013 1846 attim
1027 1761 1095 1876 sup
1126 1787 1278 1844 urantes
1292 1822 1305 1866 ,
1321 1765 1461 1875 partim
1475 1757 1674 1870 diuturni,

243 1869 295 1958 de
304 1869 451 1982 'quibus
469 1871 546 1981 jam
566 1877 695 1956 aarum
720 1877 771 1958 est
782 1938 796 1982 ,
820 1793 989 1986 sedquae
1008 1875 1062 1956 ita
1084 1793 1325 1986 lbrgulariter
1344 1873 1392 1956 a'd
1417 1874 1561 1960 sacient
1583 1901 1675 1988 per-

243 1987 399 2093 tinent,
420 2013 464 2070 ut
489 1985 540 2072 de
555 1985 601 2070 iis
649 1986 870 2074 eculiariter
892 1990 1057 2094 Aetius,
1081 1989 1315 2091 Aduarius,
1344 1985 1569 2092 Oribasos,
1588 2013 1676 2071 tan·
1723 2047 1726 2054 ι

243 2125 362 2206 quam
383 2097 433 2186 de
448 2099 597 2182 morbis
614 2018 731 2183 beist
746 2130 821 2210 pro
848 2103 912 2184 riis
929 2097 1124 2213 agendum
1139 2098 1387 2184 crediderint.
1403 2097 1515 2182 Talis
1527 2103 1609 2206 eil,
1633 2109 1676 2184 dt

241 2207 334 2292 ante
351 2208 449 2294 alios
467 2207 596 2294 vultui
613 2211 782 2296 maxime
807 2132 1006 2296 salmiliaris
1033 2208 1218 2314 morbus,
1245 2208 1478 2402 erysipelas,
1508 2215 1574 2322 qui
1603 2212 1675 2298 ali·-

243 2322 403 2430 quandb
429 2349 590 2406 acutum
615 2326 656 2405 in
681 2351 835 2406 motem
860 2325 1052 2437 incipiens
1075 2318 1190 2404 stadia
1216 2320 1349 2412 suave
1367 2325 1494 2404 ociter
1516 2331 1557 2406 ὃ(
1581 2347 1675 2410 cum
1741 2329 1749 2342 “

243 2433 395 2546 ingenti
419 2433 597 2547 periculo
620 2439 822 2548 percurrit.
849 2433 969 2518 Tunc
993 2432 1153 2544 quidem
1177 2427 1339 2518 morbus
1365 2435 1418 2517 est
1442 2433 1561 2519 toruis
1585 2466 1676 2521 cor·

243 2549 352 2660 poris
380 2543 401 2628 ὲ
428 2543 544 2630 causis
567 2544 773 2631 universali
799 2547 972 2662 pendens
983 2609 999 2654 ,
1030 2549 1098 2656 qui
1122 2543 1240 2632 facil&
1270 2572 1375 2630 retro
1403 2544 1564 2654 ellitur,
1589 2551 1675 2634 imis

243 2661 376 2766 &vix
397 2661 438 2742 in
462 2686 623 2743 externa
646 2659 686 2744 se
706 2663 941 2766 continens,
971 2659 1067 2774 saepe
1094 2656 1355 2772 susmagnitu
1386 2661 1451 2742 ine
1471 2690 1553 2744 non
1577 2667 1676 2748 exti-

243 2797 328 2879 mas
351 2775 503 2856 tantiam
522 2771 638 2857 faciei
689 2799 787 2858 artes
813 2801 918 2858 occu
948 2798 1011 2880 at,
1037 2770 1103 2857 sed
1130 2773 1172 2855 bt
1198 2773 1366 2854 internas
1393 2774 1510 2857 etiam
1532 2772 1674 2859 delirio

129 2917 135 2926 ·
242 2909 363 2966 vexat
396 2885 606 2999 phrenitidi
658 2883 876 2991 rmillimo,
913 2803 1145 2996 sdbremque
1190 2883 1444 2969 acutissimam
1486 2889 1674 2976 concitat.

244 2994 357 3108 Saepe
384 2995 608 3109 epidemico
640 3007 754 3084 mo're
779 2997 933 3082 desaevit
947 3059 962 3103 ,
987 2995 1231 3112 phlysioenas
1262 2997 1528 3110 gangraenosas
1555 3003 1675 3086 etiam

244 3106 419 3218 evolvit,
443 3117 483 3192 ὃ(
505 3135 663 3198 tumore
679 3115 833 3196 enormi
849 3110 966 3196 faciei
980 3110 1029 3194 ad
1043 3109 1165 3220 usque
1179 3107 1297 3224 palati
1312 3107 1469 3215 velum,
1487 3110 1647 3196 uvulam
1656 3173 1674 3220 ,a

242 3217 418 3304 tonsillas
439 3219 728 3330 descendente,
759 3227 906 3337 angina
932 3226 1016 3306 imo
1041 3229 1083 3308 ὅ(
1106 3219 1435 3336 peripneumoniae
1456 3225 1498 3306 in
1520 3253 1676 3310 morem

242 3331 414 3420 suffocat
441 3335 603 3420 miseros
625 3369 637 3437 ;
664 3335 729 3422 vel
751 3335 873 3422 dilato
903 3335 1089 3445 quidem,
1115 3334 1182 3418 sed
1209 3365 1293 3418 non
1321 3331 1464 3420 mino’ri
1523 3333 1683 3423 ericulo·

244 3445 434 3530 interiora
453 3446 606 3534 cerebri
629 3478 856 3564 occupans,
881 3446 1009 3534 febres
1031 3446 1267 3561 perniciosas
1290 3471 1406 3556 atque
1428 3367 1615 3561 masignas
1635 3454 1677 3536 in

244 3555 338 3670 'agri
359 3562 577 3671 perniciem
598 3559 669 3644 srbi
690 3561 869 3645 adsciscit
894 3593 903 3640 ε
932 3560 982 3642 de
1006 3559 1056 3641 eo
1080 3560 1144 3641 hic
1165 3555 1279 3668 loqui
1301 3561 1473 3643 nostrum
1496 3589 1578 3644 non
1601 3563 1676 3662 est;

244 3673 426 3781 quamvis
456 3668 695 3781 erysipelas,
727 3698 771 3754 ut
802 3669 880 3777 jam
915 3667 1070 3754 abunde
1110 3669 1257 3754 dislum
1275 3731 1290 3776 ,
1324 3672 1378 3754 stt,
1399 3670 1560 3758 morbus
1594 3679 1678 3760 cuti

243 3811 321 3902 pro
352 3783 454 3886 rius,
479 3810 697 3892 normaque
713 3780 788 3892 quai
805 3785 905 3867 cutis
920 3783 1102 3866 afficitur.
1122 3783 1272 3866 Verum
1286 3786 1381 3868 aeris
1394 3782 1676 3894 inclementia,

242 3812 529 4027 perspiratione
553 3893 668 3982 faciei
688 3893 818 3978 subitis
839 3893 1063 4010 suppressit,
1091 3897 1209 3979 animi
1232 3897 1453 4010 pathemata
1474 3897 1678 3993 infaciem

244 4006 500 4116 rnvolantia,
539 4009 652 4094 nixus
686 4007 846 4093 demism
875 4014 1115 4120 quicumque
1144 4012 1376 4113 concitant,
1408 4011 1492 4092 inab
1519 4018 1560 4094 dt
1587 4015 1676 4098 inu·

245 4145 339 4204 runt
360 4117 522 4206 rubores
549 4149 849 4236 permanentes,
878 4126 945 4234 qui
969 4151 1075 4207 nunc
1101 4120 1263 4226 nasum,
1289 4150 1394 4205 nunc
1416 4149 1525 4208 aures
1536 4183 1550 4228 ,
1571 4131 1679 4209 nunc

245 4258 368 4350 genas
395 4260 606 4347 occupant.
630 4234 773 4320 Varios
795 4233 955 4345 quidem
976 4233 1035 4317 illi
1058 4232 1200 4346 gradus
1224 4233 1428 4340 affeblant,
1450 4234 1517 4319 sed
1539 4264 1679 4322 omnes

247 4342 557 4456 erysipelatosos.
595 4347 720 4430 Porro
751 4351 792 4428 in
823 4343 1007 4430 omnibus
1036 4349 1229 4430 variarum
1263 4348 1450 4429 harumce
1478 4347 1678 4436 causarum

247 4454 453 4546 effodibus
471 4457 552 4542 duo
577 4460 727 4656 semffr
748 4458 920 4542 notanda
947 4458 1059 4564 sunt,
1088 4483 1132 4540 ut
1161 4458 1211 4542 de
1238 4457 1459 4590 pervicacis
1484 4468 1539 4543 δι·
1555 4463 1678 4574 gradu
1759 4551 1764 4565 ,

248 4567 372 4650 causoe
391 4564 622 4674 judicemus.
697 4576 762 4655 inc
787 4568 941 4654 scilicet
959 4572 1160 4654 causarum
1181 4598 1381 4684 agennum
1403 4573 1650 4660 vehementia
1665 4608 1682 4674 ς,

246 4675 362 4762 illinc
395 4685 496 4766 cutis
531 4687 762 4800 excipientis
798 4687 1007 4768 tenerrima
1040 4680 1232 4767 debilitas.
1268 4683 1492 4770 Ruborums
1517 4685 1679 4770 illorum

247 4793 621 4906 ptaetetnaturalium
648 4797 828 4910 levisstmi
855 4794 921 4888 vel
942 4795 1160 4888 universam
1187 4795 1331 4884 saciem
1362 4825 1583 4918 occupant,
1610 4795 1680 4888 vel
1809 4895 1811 4902 s
