4186 5908
636 411 1153 534 curturis,
1389 383 1391 389 i
1536 483 1648 564 229„

185 597 288 708 tibus
305 597 373 688 vix
390 595 568 715 'unquam
589 605 920 722 proportionalis,
946 613 1038 692 clrm
1055 639 1160 694 nunc
1178 613 1362 724 turgeant
1381 608 1504 722 chylo
1531 644 1618 700 cru⁴

185 716 288 818 diori
301 744 409 801 venae
421 779 436 822 ‚
460 718 565 801 nunc
581 722 720 834 inopes
742 723 922 804 omnium
944 725 1074 804 rerum
1093 718 1256 834 longam
1275 720 1445 808 tolerare
1466 724 1616 812 samem
1645 795 1650 806 .

184 826 367 926 debeant.
386 830 491 940 Quia
506 859 589 913 non
603 831 846 942 ubicumque
859 837 969 946 gravi
982 841 1023 918 ὅ(
1040 837 1122 919 acri
1137 832 1258 945 chylo
1275 835 1365 918 vasa
1381 865 1618 947 onerantur,
1647 881 1650 889 ¹
1682 881 1684 886 ·

182 971 268 1024 non
291 939 464 1053 aliquem
491 945 659 1058 pruritlrs
682 944 835 1034 sensum
858 949 1086 1058 experimr?
1112 947 1242 1030 Notat
1264 955 1305 1032 δε
1329 947 1433 1034 resi&
1456 951 1619 1059 quidem

182 1052 455 1139 Hoffmannua
475 1056 586 1166 quod
607 1087 689 1140 non
711 1060 799 1152 raro
821 1060 1052 1171 pruriginosr
1074 1059 1234 1142 alfenus
1253 1062 1301 1142 iis
1323 1061 1506 1146 incidant.
1518 1064 1619 1148 divi·

185 1163 291 1248 tibus
320 1171 388 1278 qui
411 1170 494 1280 post
520 1170 722 1282 opiparam
747 1168 999 1280 simulatque
1025 1175 1277 1254 exercitatam
1300 1171 1471 1255 vitamd
1494 1174 1619 1260 solitis
1649 1211 1652 1218 ·

187 1281 392 1378 remittunt
402 1283 611 1366 exercitiis.
626 1281 758 1387 Unde,
770 1307 932 1368 notante
946 1283 1107 1385 eodem,
1121 1281 1218 1396 saepd
1228 1281 1275 1365 ab
1286 1285 1620 1374 hamorhol'dibus
1651 1339 1656 1350 ·

93 1391 96 1398 '
188 1388 506 1486 delitescentibus
530 1419 669 1476 exorta
690 1394 765 1477 fuit
787 1393 960 1501 scabies,
983 1395 1062 1478 nist*
1075 1391 1152 1478 illis
1175 1397 1354 1480 restitutis
1375 1395 1457 1479 ferd
1479 1400 1620 1483 imme-

176 1501 397 1588 creabilis:
421 1503 489 1588 sed
509 1507 611 1589 hanc
634 1503 780 1590 scabiei
800 1507 972 1620 speciem
991 1529 1228 1594 nonveram
1249 1506 1327 1592 else
1348 1506 1525 1592 scabiem·¹
1545 1509 1620 1592 ob*
1653 1587 1654 1594 r

189 1616 364 1724 servavi,
386 1641 426 1699 at
443 1615 609 1730 pustulas
631 1619 862 1734 herpeticas.
886 1620 1053 1730 Quanti>
1068 1623 1191 1734 magis
1208 1622 1254 1703 iis
1297 1618 1489 1706 criculum
1512 1623 1620 1708 idem

190 1729 392 1843 impendet
409 1733 477 1839 qui
498 1729 611 1814 nullo
632 1730 786 1814 delean
808 1732 989 1816 crassiora
1005 1729 1215 1818 absorbent
1235 1651 1380 1816 cibaria
1395 1731 1474 1818 sale
1489 1733 1621 1820 sumo·

190 1870 267 1952 que
286 1841 486 1948 indurata,
506 1859 574 1926 aut
592 1843 751 1926 mucida
764 1901 785 1949 ,-
799 1839 969 1952 fracida,
990 1841 1148 1953 saleque
1168 1843 1580 1932 scatentiaacerrimo.
1610 1863 1614 1934 J

244 1955 368 2065 Aqua
387 1955 516 2038 crudae
538 1952 746 2040 seleniticae
770 1985 854 2065 qua
877 1953 996 2038 basim
1017 1981 1183 2043 terream
1203 1955 1360 2070 spiculis
1381 1955 1509 2044 salinis
1529 1981 1632 2074 praa<

186 2064 310 2174 bent,
332 2092 399 2154 aur
416 2065 541 2152 mutii
561 2065 747 2182 corruprai
767 2075 809 2152 δι
828 2069 1028 2181 stagnante·
1044 2069 1208 2152 infames
1227 2069 1315 2156 sunt
1326 2130 1341 2175 ‚
1362 2099 1445 2152 non
1465 2076 1622 2178 coclio-

190 2207 282 2264 nem
297 2178 447 2286 solbm,
463 2178 530 2263 se'd
549 2175 629 2286 ejus
645 2180 834 2297 produsla
848 2189 890 2264 ὃ(
906 2181 1181 2294 depurationes
1200 2184 1394 2268 inliciunt.
1413 2181 1491 2266 His
1512 2187 1621 2272 certb
1687 2273 1699 2298 ,

189 2291 259 2378 sub
275 2291 458 2408 'auspiciis
479 2291 646 2378 nascitur
659 2321 857 2379 venenum
872 2292 1114 2400 scabiosum,
1132 2293 1241 2403 quod
1249 2356 1264 2399 ‚
1279 2292 1348 2376 ubi
1365 2299 1522 2379 tenuior
1536 2297 1621 2404 ejus

192 2411 353 2519 portio,
380 2432 582 2516 aqueaque
596 2408 775 2491 materies
796 2405 845 2490 ad
857 2433 970 2491 renes
983 2403 1038 2489 ob
1053 2403 1286 2542 suppressam
1299 2406 1621 2520 perspirationem

190 2519 335 2624 fertur,
351 2522 470 2602 haret
483 2521 525 2600 in
537 2543 649 2624 cute,
664 2531 831 2630 eamque
842 2520 980 2612 inlicit,
1001 2517 1213 2607 Idverosoe
1240 2520 1299 2601 ins
1311 2518 1491 2603 accidere
1502 2519 1623 2605 debet

192 2633 342 2728 inaere
362 2629 557 2736 coenoso,
579 2631 770 2736 humido,
795 2660 878 2714 non
890 2656 1111 2731 renovat03
1136 2547 1261 2739 quala
1281 2632 1335 2713 est
1354 2658 1557 2716 carcerum
1579 2637 1622 2717 in

192 2741 334 2854 quibus
362 2744 493 2840 sontes
522 2742 820 2832 accumulantur
845 2743 1161 2856 atlrmosphaera3
1190 2737 1314 2851 qualis
1337 2745 1389 2826 est
1415 2755 1478 2826 a'e'r
1503 2755 1643 2856 tuguae'
1747 2743 1750 2748 ’

187 2859 342 2940 riorum
361 2856 628 2970 deprelsorum
646 2860 696 2956 in¹
708 2883 896 2966 aquarum
918 2857 1174 2969 stagnantium
1190 2861 1239 2936 ·&
1260 2854 1502 2967 putridarum
1521 2859 1623 2941 vici·

193 2966 287 3071 ni23
310 2967 408 3057 tales
429 2973 470 3052 in
488 2973 535 3054 iis
555 2966 657 3054 locis
678 2997 719 3054 re
746 2971 846 3054 erite
865 2971 942 3074 est,
968 2998 1069 3078 quos
1089 2997 1195 3051 nunc
1218 2995 1317 3076 aqua
1337 2969 1485 3052 marina
1500 2996 1622 3052 exun-
1647 2961 1657 2978 '

194 3079 289 3188 dat,
317 3111 426 3184 nunc
451 3084 556 3166 astus
584 3079 677 3166 solis
704 2999 826 3167 iberos
857 3078 1198 3193 conchyliorum,
1226 3078 1463 3194 piscium&
1492 3080 1622 3165 insec-

192 3219 327 3278 torum
360 3191 612 3280 cadaveribus
646 3199 802 3301 exurit,
837 3203 880 3279 dr
912 3198 979 3305 qui
1010 3197 1136 3278 ventis
1166 3189 1383 3276 salubribus
1415 3222 1498 3276 non
1531 3222 1623 3318 per·

192 3308 358 3413 llantur,
381 3333 457 3391 nec
481 3308 529 3392 de
558 3333 729 3408 urantur.
757 3308 856 3392 Indb
881 3307 979 3422 saepd
998 3308 1048 3390 ¹fit
1068 3331 1112 3390 ut
1135 3333 1228 3390 cum
1252 3302 1336 3388 aliis
1361 3302 1510 3388 morbis
1534 3335 1632 3410 Jun-.

186 3417 498 3534 gatur'scabies,
518 3335 708 3504 liorb‘uto
725 3449 764 3506 v.
783 3451 823 3534 g.
830 3484 845 3527 ‚
861 3449 978 3530 quarn
999 3416 1091 3501 inde
1114 3417 1160 3500 sa
1189 3415 1211 3500 ὲ
1232 3414 1402 3501 scabiem
1426 3413 1623 3502 scorburi-¹

186 3563 285 3625 ‚cam
295 3560 515 3634 vocavere3
529 3561 608 3647 ego
621 3536 718 3618 vero
730 3537 894 3618 mixtam
904 3530 1092 3616 scorbuto
1108 3447 1200 3614 incid
1212 3529 1393 3633 dixerim,
1409 3528 1622 3638 quodcum

190 3645 385 3749 scorbuto
411 3645 722 3730 antiscorbuticis
746 3676 830 3729 non
854 3645 1031 3750 sanetur,
1060 3641 1127 3726 sed
1150 3639 1221 3724 srbi
1245 3645 1426 3755 propria,
1455 3638 1622 3753 expulso

195 3763 328 3876 priore
348 3756 515 3865 morbo,
536 3759 712 3843 vindicer
730 3758 1003 3843 medicamina.
1430 3779 1431 3782 ‘
1594 3861 1598 3872 .
1663 3819 1666 3840 ‚

247 3872 375 3972 Hisce
405 3874 526 3956 causrs
555 3874 597 3954 in
625 3868 755 3955 scabie
786 3869 1009 3954 inducenda
1032 3870 1221 3987 primariis
1247 3867 1469 3949 fomentum
1491 3863 1622 3970 addit,
1662 3937 1666 3944 .

195 3983 325 4068 forsan
347 3991 389 4068 ὅ(
409 3983 586 4090 causam,
614 3982 807 4068 sordities.
837 3983 996 4068 Etenim
1024 3980 1222 4067 cumulata
1244 3982 1283 4062 in
1309 4003 1400 4061 cute
1426 3975 1551 4058 craliae
1580 3983 1622 4060 ὃς

173 4129 176 4134 ’
195 4097 388 4212 indigesta
403 4101 597 4183 corilionis
611 4121 863 4196 excrementa
875 4127 1037 4182 mucum
1054 4097 1293 4179 constituunt
1301 4087 1516 4200 'vappidum
1530 4093 1622 4172 acri·

196 4215 451 4321 moniamque
468 4209 699 4327 singularem
714 4209 804 4295 ads
851 4237 1056 4313 maneam,
1069 4203 1192 4290 mixtd
1209 4201 1433 4314 putredine,
1453 4228 1621 4312 vergen-

196 4347 277 4408 tem
290 4321 475 4408 exhalant
490 4358 504 4425 3
529 4323 633 4408 unde
648 4328 690 4406 in
703 4327 796 4406 vesti
824 4357 869 4407 us
884 4321 1091 4432 squalidis,
1103 4344 1185 4398 non
1200 4316 1420 4416 renovatis,
1437 4312 1540 4395 odor
1553 4313 1621 4396 fra·

197 4435 309 4522 cidus
317 4498 331 4543 ,
354 4435 607 4522 fermentatus
625 4432 709 4518 olet
723 4431 848 4539 male,
866 4437 935 4543 qui
951 4425 1187 4514 delicatulos
1205 4429 1245 4516 in
1266 4428 1382 4508 animi
1403 4423 1621 4534 deliquium

196 4547 279 4632 sere
295 4547 491 4662 adigeret,
510 4550 695 4661 &quiin
713 4543 863 4629 morbis
881 4545 1055 4628 cutaneis
1067 4569 1166 4634 ,eam
1184 4536 1468 4666 malignitatem
1485 4542 1622 4647 acqui·

197 4666 249 4744 rit
278 4692 362 4773 quae
380 4666 448 4745 vix
477 4661 499 4744 ὲ
521 4657 750 4746 fortioribus
771 4655 932 4742 tolerari
957 4655 1084 4770 polsrt.
1111 4653 1211 4737 Hac
1240 4647 1510 4764 agglomerata
1542 4651 1623 4732 sor-

201 4773 314 4880 dities
335 4773 466 4858 forsan
489 4773 633 4860 scabiei
656 4770 769 4858 causa
793 4775 974 4885 proxima
1000 4769 1076 4854 elie
1101 4767 1254 4882 potest,
1275 4767 1415 4847 virium
1438 4762 1622 4878 perspira-

198 4889 299 4976 rioni
324 4887 495 4974 inserens
518 4886 565 4970 ab
588 4886 635 4974 eal
658 4913 888 5001 acceptum,
909 4883 1002 4970 inde
1026 4881 1215 4994 nusquam
1239 4880 1417 4994 gentium
1438 4875 1623 4982 nequam
