4250 5898
518 429 600 552 '531
970 431 1076 520 DE
1140 423 1191 518 M
1219 429 1263 519 Ο
1275 428 1335 520 'R
1357 427 1399 516 Ἡ
1423 425 1510 517 IS

520 625 660 684 omnes
678 595 849 710 reliquie
864 593 1073 681 Ch'aritum
1080 657 1093 701 ,
1106 593 1357 707 senedusque'
1369 596 1580 709 anticipata
1595 587 1730 680 §.fuco
1771 582 1958 675 lumbare

520 715 566 796 ὅ(
591 712 849 825 adstringente
866 737 980 822 rugas
1003 705 1167 815 juvenili
1186 709 1317 792 adhuc
1338 709 1455 791 faciei
1479 707 1620 810 inurit,
1642 705 1712 786 sun
1778 702 1957 798 maculas

467 856 471 862 ·
521 824 649 908 fuscas
664 824 792 908 reddit
811 829 852 906 or
866 823 912 904 as
933 823 1034 905 celui
1050 821 1262 906 horrendas
1272 883 1285 926 ,
1301 819 1524 904 melasmata
1535 819 1667 902 Graeci
1677 843 1874 900 vocarunt
1890 821 1957 920 (α).

579 935 757 1041 Diffuse,
779 962 846 1018 aut
867 851 1005 1018 saltem
1028 929 1158 1050 ample
1178 933 1234 1018 de¹
1252 931 1506 1047 lentiginibus
1528 929 1716 1016 tollendis
1740 929 1968 1012 caelavere

402 1125 410 1144 ,
521 1051 700 1133 sudores
722 1048 784 1152 (b)
804 1051 871 1158 qui
888 1048 938 1130 de
955 1047 1215 1131 decoratione
1235 1044 1365 1132 vultus
1383 1049 1614 1150 tradamur,
1634 1043 1778 1153 easque
1796 1068 1842 1124 ut
1860 1040 1947 1156 plu·

471 1187 494 1244 η
522 1163 664 1243 limum
687 1189 779 1244 cum
798 1159 1043 1274 ephelidibus
1065 1159 1354 1265 confuderunt,
1374 1183 1419 1241 ut
1439 1182 1548 1272 patet
1568 1185 1618 1240 ex
1636 1153 1704 1238 usu
1727 1183 1846 1265 quem
1868 1153 1954 1236 sua·

427 1323 430 1326 ·
521 1271 859 1388 deutlithargyrii
887 1271 1250 1389 &plumbatorum
1279 1273 1660 1356 medicamentorum
1685 1295 1771 1382 quae
1793 1265 1951 1380 lentigi

460 1475 467 1486 ,
520 1384 637 1470 nibus
656 1385 764 1470 nulli
779 1389 930 1470 ratione
946 1389 1161 1471 convenire
1181 1382 1356 1500 poliunt,
1371 1409 1415 1467 ut
1428 1381 1505 1490 jam
1517 1385 1664 1467 dietum
1679 1411 1692 1482 3
1710 1378 1818 1465 unde
1834 1381 1954 1464 eriam

520 1500 638 1581 exiis
658 1530 740 1610 quae
762 1499 811 1583 ad
835 1501 903 1584 has
927 1497 1124 1584 tollendas
1144 1496 1192 1580 ab
1214 1494 1438 1590 meroribus
1464 1494 1675 1604 suadentur
1701 1492 1951 1598 deterseriis,

521 1607 718 1722 bryonirl‚
756 1631 985 1696 cucumere
1004 1613 1183 1717 asinino,
1219 1607 1382 1721 aliisque
1407 1606 1601 1692 ‘similibus
1635 1603 1777 1720 plantis
1790 1666 1811 1712 ,-
1849 1633 1952 1708 aro,

347 1775 355 1792 κ
480 1739 483 1745 ’
522 1722 846 1831 chamotleonte,
869 1723 1045 1840 lepidio,
1077 1721 1186 1806 nulla
1209 1725 1250 1806 in
1274 1725 1362 1806 hoc·
1382 1723 1472 1806 casu
1497 1723 1596 1804 mihi
1617 1717 1776 1805 videtur
1802 1745 1951 1802 conve*

520 1839 637 1942 nire,
672 1843 762 1920 cum
796 1836 968 1950 aliquam
1007 1840 1212 1921 concitent
1253 1837 1636 1940 inflammationem,
1671 1839 1713 1914 dt
1748 1834 1946 1915 materiem

519 1946 661 2030 contri
684 1949 856 2033 arescere
883 1950 1056 2054 faciant,
1090 1949 1195 2032 unde
1220 1953 1338 2032 etiam
1361 1952 1404 2031 in
1429 1944 1675 2062 ephelidibus
1705 1945 1793 2058 post
1816 1941 1951 2026 smilis

520 2063 656 2174 topica
684 2063 783 2144 curis
807 2060 921 2145 rubet
946 2069 987 2144 dt
1009 2059 1165 2144 macula
1189 2058 1305 2145 latior
1330 2067 1502 2175 exurgit.
1525 2061 1641 2170 Quin
1664 2064 1707 2140 ἃ
1731 2055 1821 2170 ipsae
1844 2061 1950 2141 crea·

521 2174 639 2255 trices
663 2175 704 2254 in
727 2175 819 2256 rufis
843 2172 1077 2286 lentiginum
1102 2172 1243 2258 colore
1264 2175 1474 2258 foedantur.

578 2277 685 2389 Mihi
698 2288 835 2368 verosi
852 2313 934 2396 quet
949 2287 1160 2371 methodus
1179 2285 1350 2397 aliquem
1371 2286 1588 2372 suceell'um
1608 2283 1783 2370 obtinete
1799 2283 1948 2398 potest,

393 2503 395 2512 Ι
520 2423 568 2480 ut
588 2403 630 2480 ὃ(
653 2396 811 2481 Galeno
828 2404 887 2504 (c)
912 2424 1030 2508 atque
1051 2399 1261 2484 Eustachio
1283 2399 1423 2484 Rudio
1447 2400 1529 2505 (d),
1554 2397 1621 2482 illa
1643 2398 1838 2484 videretur
1862 2393 1949 2479 aliis

520 2509 758 2623 preferenda
780 2537 863 2622 quae
886 2513 1036 2596 constat
1051 2539 1101 2596 ex
1121 2509 1410 2596 emollientiuin
1428 2512 1692 2626 appositione,
1707 2536 1753 2593 ut
1772 2511 1826 2594 est
1844 2507 1948 2592 ludis

520 2645 658 2736 vapor.
669 2624 918 2741 Apponenda
932 2622 1078 2709 emulsa
1088 2653 1136 2710 ex
1154 2623 1363 2710 seminibus
1377 2625 1543 2738 frigidis,
1554 2651 1605 2708 ex
1617 2620 1822 2708 cucurbita
1837 2618 1950 2705 sative

520 2735 646 2844 iisque
660 2738 911 2820 conficienda
931 2765 1102 2850 pomata.
1128 2739 1294 2822 Addidit
1311 2741 1371 2822 his
1390 2739 1613 2822 Avicennas
1629 2735 1678 2820 ab
1698 2733 1952 2820 interioribus

521 2875 607 2929 rern
627 2845 704 2934 elle
721 2849 973 2934 adoriendam
989 2882 1001 2950 ς
1020 2851 1185 2960 vultque
1203 2854 1393 2965 regimine
1407 2854 1537 2958 tenui,
1558 2848 1668 2933 dieti
1682 2875 1727 2932 ut
1742 2847 1948 2964 plurimum

520 2955 665 3067 lactei,
690 2989 757 3046 aut
778 2987 827 3046 ex
847 2961 1040 3046 alimentis
1065 2967 1255 3047 tenuioris
1275 2962 1486 3046 substantia
1511 2967 1758 3047 curationem
1782 2963 1946 3066 institui,

520 3098 567 3156 ut
589 3069 677 3157 bilis
705 3074 754 3156 ad
781 3099 912 3184 cutem
936 3074 1037 3160 elata
1058 3073 1181 3160 novas
1204 3079 1286 3160 vias
1312 3075 1579 3189 ingrediatur,
1604 3103 1680 3159 nec
1706 3071 1786 3180 jam
1807 3074 1945 3157 feratur

519 3183 571 3266 ad
594 3189 731 3269 cutim.
755 3188 902 3270 Verum
926 3185 1015 3271 bilis
1041 3187 1109 3272 illa
1133 3189 1182 3272 ad
1208 3187 1416 3303 lentigines
1442 3187 1703 3272 efformandas
1728 3186 1856 3270 nullas
1881 3185 1946 3268 sibi

519 3296 696 3381 vindicat
719 3325 857 3413 partes.
890 3295 1069 3384 Pendent
1094 3299 1169 3384 illac
1191 3299 1214 3384 l
1238 3329 1364 3386 rnuco·
1385 3301 1489 3407 acri,
1513 3303 1606 3386 rufis
1629 3299 1884 3416 particulari,
1907 3301 1944 3380 in

518 3407 602 3524 ipsi
622 3435 715 3495 cute
735 3411 943 3519 indurato,
966 3405 1155 3524 quodque
1173 3411 1316 3528 probat
1334 3413 1432 3497 nihil
1450 3409 1516 3497 hic
1537 3415 1644 3498 effici
1662 3413 1772 3528 polle
1798 3421 1820 3496 a
1842 3409 1947 3494 died

521 3522 792 3636 qudcumque,
819 3522 919 3609 illud
944 3529 1025 3633 est,
1054 3526 1162 3638 quod
1188 3524 1211 3609 l
1235 3525 1384 3610 morbis
1407 3528 1634 3640 graviffimis
1655 3529 1722 3636 qui
1745 3523 1947 3608 convales-

521 3664 619 3724 cunt
629 3641 716 3743 rufi,
726 3665 800 3721 nec
812 3635 920 3751 plus,
937 3657 1012 3722 nec
1022 3643 1149 3724 minits
1164 3638 1397 3761 lentiginum
1412 3639 1595 3746 habeant,
1604 3639 1668 3723 sed
1684 3665 1779 3720 cum
1794 3637 1946 3720 summo

520 3749 675 3868 pallore
688 3747 843 3834 easdem
859 3749 1036 3858 servent,
1048 3755 1132 3836 imo
1147 3750 1400 3870 perstentillae
1414 3755 1455 3834 in
1469 3751 1734 3837 cadaveribus.
1753 3751 1802 3834 Id
1820 3777 1947 3834 tamen

519 3861 603 3952 non
621 3861 674 3948 iti
689 3862 810 3948 velim
832 3861 1023 3978 intelligi,
1046 3867 1150 3976 quast
1167 3891 1345 3950 connatae
1359 3865 1464 3968 srnr3
1488 3865 1595 3949 certe
1620 3864 1740 3949 causa
1754 3889 1948 3967 extemoe,

519 4007 564 4063 ut
599 3979 799 4062 radiorum
837 3973 929 4060 solis
966 3979 1068 4060 aelio
1091 4040 1104 4083 ,
1126 3983 1248 4061 ⁴acria
1285 4005 1542 4090 quacumque
1583 3977 1680 4060 intri
1718 3977 1947 4088 sanguinem

517 4093 739 4179 introdutla
759 4119 881 4176 novas
902 4088 1052 4172 faciunt
1071 4089 1321 4176 succrescere
1338 4090 1532 4204 prioribus
1557 4090 1697 4174 similes
1712 4087 1918 4198 lentigines
1929 4147 1947 4192 ,

519 4203 624 4287 unde
655 4197 860 4293 adearum
892 4229 1043 4288 novum
1070 4229 1306 4317 proventum
1329 4203 1629 4398 prohibendum
1657 4196 1860 4318 plusqudm
1895 4197 1947 4282 ad

516 4317 709 4400 saelorum
739 4314 1029 4400 &adultorum
1058 4319 1305 4400 curationem
1347 4320 1480 4402 aciunt
1510 4326 1552 4402 δι
1579 4316 1688 4400 dieta
1717 4314 1947 4400 humetnns

517 4419 560 4511 ot
585 4430 720 4540 topica
741 4425 928 4512 diluentis
952 4451 1069 4541 atque
1092 4428 1377 4515 edulcorantis«

524 4587 527 4593 '
556 4591 570 4656 l
580 4587 617 4656 a)
641 4598 788 4656 nurmal-
807 4585 885 4646 aliter
902 4583 1003 4646 Polior
1021 4605 1070 4669 pto
1086 4583 1151 4647 fuco
1168 4587 1248 4667 nigro
1264 4583 1368 4658 habet,
1387 4583 1434 4647 lib.
1451 4609 1480 4647 2.
1665 4657 1669 4664 ¹

529 4747 534 4761 Ι
556 4663 569 4744 (
578 4665 615 4738 l)
636 4661 715 4743 Haly
734 4665 848 4738 Abho,
866 4667 911 4731 lib.
933 4686 962 4736 9.
985 4669 1121 4732 Avicenn.
1145 4663 1216 4736 feu.
1237 4683 1332 4743 mr.
1354 4689 1384 4735 ι.
1402 4669 1519 4742 Aetius,
1536 4667 1586 4734 lib.
1609 4665 1742 4746 ulem·
1763 4685 1880 4750 4,(19·
1900 4683 1950 4740 11,

513 4747 787 4904 libicgktsspenlpg'
803 4823 836 4884 de
853 4823 937 4910 limpl.
993 4764 995 4770 Α
1501 4793 1507 4804 Ι

549 4905 608 4994 (d)
627 4899 706 4982 eust
722 4903 845 4982 Rusio,
865 4927 928 4992 cap.
944 4923 969 4992 ς,
