4188 5916
499 365 580 544 3n
940 423 1048 514 nn
1117 419 1481 512 nonsrs

558 591 757 708 Pracipua
776 585 865 676 sunt
881 591 964 676 hac
985 567 1034 674 ab
1054 589 1210 676 Aretaeo
1234 611 1547 675 commemorata
1563 581 1827 703 symptomata
1847 617 1934 704 que

502 703 610 793 tanti
630 704 826 818 descripsit
850 703 910 788 vir
934 701 1161 787 clariffimue
1181 703 1339 788 dicendi
1364 706 1435 810 vi,
1469 727 1514 786 ut
1535 699 1740 786 dubitandi
1767 733 1852 786 non
1886 705 1932 788 srt

501 819 619 902 locus
625 880 640 923 ‚
654 822 749 928 quin
764 815 946 901 morbum
959 816 1090 929 saepiias
1104 821 1145 900 ὅ(
1155 815 1312 921 viderit,
1327 823 1367 899 dt
1379 815 1587 898 horruerit.
1599 812 1731 898 Pauca
1744 813 1931 900 addiddre

503 931 659 1016 Medici
679 931 833 1034 Graeci,
859 931 959 1012 inter
979 957 1081 1038 quos
1102 926 1245 1012 Paulus
1270 925 1462 1044 praecipue
1482 923 1668 1012 morbum
1687 931 1866 1018 tranavit
1884 953 1931 1011 ut

503 1041 689 1129 morbum
699 1042 836 1147 faciei,
852 1040 1148 1154 &Archigenen
1158 1045 1227 1152 qui
1241 1037 1564 1156 symptomatibus
1578 1037 1628 1123 ab
1641 1039 1798 1123 Aretaeo
1812 1067 1930 1154 expo·

503 1158 582 1241 sitis
610 1184 773 1238 raucum
807 1159 849 1236 dr
877 1183 1100 1240 concavum
1123 1157 1238 1238 vocis
1265 1153 1406 1238 sonum
1435 1151 1613 1257 addidit,
1643 1152 1753 1262 quod
1776 1155 1929 1266 fignum

502 1266 633 1382 posted
653 1265 700 1348 ab
722 1262 944 1350 ausoribus
968 1263 1253 1352 recentioribus
1275 1292 1320 1351 ut
1340 1267 1753 1381 pathognomonicum
1777 1266 1930 1378 fignum

501 1381 735 1464 recensitum
759 1381 823 1463 est.
845 1379 996 1464 Verum
1019 1381 1047 1461 sr
1069 1375 1090 1461 *a
1109 1379 1258 1462 Grecis
1277 1379 1325 1463 ad
1344 1375 1493 1462 Arabes
1514 1379 1640 1460 nostra
1656 1377 1737 1462 sese
1755 1376 1832 1461 sert
1851 1377 1929 1460 dis-

502 1494 658 1602 quifitio
669 1553 683 1597 ,
709 1494 844 1574 omnia
868 1517 1016 1578 mutata
1038 1493 1287 1607 reperiemus.
1317 1488 1598 1606 Elephantiasis
1624 1489 1727 1600 apud
1751 1493 1929 1574 Avieen-

501 1633 594 1687 nam
616 1609 680 1712 (a)
701 1602 863 1688 morbus
880 1606 933 1687 est
950 1604 1096 1719 pedum
1118 1602 1347 1708 varicosus,
1369 1607 1409 1686 in
1428 1630 1510 1712 quo
1534 1629 1673 1686 omnes
1690 1630 1798 1685 venae
1818 1601 1928 1716 pedis

500 1740 636 1830 prater
649 1717 814 1801 modum
827 1717 1092 1801 intumescunt
1104 1714 1343 1830 elephantini
1357 1715 1467 1831 pedis
1484 1714 1532 1798 ad
1548 1717 1679 1820 instar,
1696 1717 1750 1798 ita
1765 1705 1810 1797 'ut
1822 1712 1929 1798 nulia

500 1828 660 1942 superfit
688 1828 878 1913 distinuio
910 1831 1010 1914 inter
1046 1829 1148 1911 suras
1181 1836 1223 1911 dt
1253 1824 1421 1938 reliquas
1454 1856 1611 1912 crurum
1639 1851 1778 1942 partes.
1816 1825 1927 1911 Idem

502 1940 647 2024 eodem
675 1944 839 2024 nomine
867 1938 1053 2054 intelligit
1077 1943 1287 2025 Avenzoar
1312 1940 1389 2044 (b).
1419 1939 1532 2024 Idem
1561 1937 1669 2050 Haly
1700 1935 1836 2022 Abbas
1865 1945 1926 2044 (c)

501 2056 709 2162 caeterique
744 2079 895 2137 omnes.
933 2051 1128 2135 Morbum
1158 2055 1265 2136 hunc
1290 2055 1434 2166 pariter
1456 2051 1564 2134 Cairi
1590 2049 1659 2134 ubi
1687 2051 1925 2135 medicinam

501 2163 688 2248 fauitavit
700 2162 912 2278 Prosperus
925 2162 978 2248 Al
1007 2168 1092 2248 inus
1106 2164 1207 2250 vidit
1224 2192 1274 2248 ex
1293 2162 1444 2277 uligine
1458 2164 1704 2270 nascentem,
1726 2189 1926 2278 pravoque

500 2277 618 2358 vibio.
649 2273 778 2382 Hujus
804 2281 921 2360 etiarn
948 2195 1119 2388 asiquam
1139 2277 1222 2362 vidi
1244 2277 1420 2390 effigiem
1443 2280 1486 2359 in
1512 2273 1645 2361 vetuli
1666 2279 1822 2390 virgine
1841 2273 1926 2360 reli-

500 2384 613 2498 giosi
633 2386 844 2482 domestici
864 2416 947 2498 quae
968 2393 1009 2473 in
1027 2390 1247 2474 varicosum
1270 2386 1434 2472 srmilem
1455 2388 1600 2504 pedum
1618 2386 1806 2471 morbum
1823 2390 1925 2473 inci-

502 2497 638 2605 derat,
664 2529 746 2584 non
771 2502 849 2584 sme
878 2499 1065 2586 ‘ulceroso
1095 2501 1288 2614 sanguinis
1316 2503 1425 2585 fluxu
1450 2507 1519 2616 per
1547 2499 1632 2585 sola
1655 2499 1928 2614 adstringentis

501 2608 679 2695 cohiberi
710 2612 749 2695 se
772 2616 945 2727 patienti.
980 2616 1036 2698 At
1063 2611 1176 2698 illum
1202 2615 1270 2724 qui
1294 2611 1561 2728 elephantiasis
1589 2615 1821 2698 Graecorum
1845 2638 1926 2698 erat

499 2721 662 2807 morbus
678 2722 826 2838 lepram
845 2757 867 2808 a
894 2724 1091 2840 peilavdre
1104 2723 1275 2832 Arabes,
1290 2751 1335 2810 ut
1349 2727 1536 2810 notavbre
1553 2724 1632 2832 jam
1648 2734 1690 2811 dt
1704 2724 1755 2830 (d)
1765 2723 1926 2811 Turner

500 2841 542 2916 dt
559 2835 759 2921 Dominus
780 2835 829 2921 de
881 2865 1030 2953 auvage
1049 2841 1130 2944 (e),
1154 2845 1196 2922 dr
1216 2837 1349 2923 omnia
1368 2868 1451 2950 qua
1476 2837 1524 2922 de
1548 2837 1796 2954 elephantiasi
1819 2836 1926 2954 apud

499 2945 625 3058 ipsum
645 2947 842 3032 Aretaeum
864 2955 906 3032 dr
926 2947 1124 3063 legerant,
1147 2957 1189 3034 dr
1208 2950 1413 3072 viderant,
1437 2948 1552 3065 lepra
1572 2948 1766 3084 aptavere

537 3059 778 3145 fAvicennas
802 3061 869 3173 (s)
890 3058 1038 3176 lepram
1061 3061 1245 3146 describit
1264 3090 1308 3146 ut
1332 3059 1518 3148 morbum
1540 3062 1610 3146 srbt
1632 3062 1860 3173 frequenter
1882 3069 1923 3148 dt

496 3167 742 3256 visumuco
773 3175 919 3280 nisum,
936 3174 1092 3285 qualem
1105 3175 1235 3260 Graeci
1246 3177 1449 3288 pinxerunt
1460 3173 1763 3288 elephantiasim.
1773 3177 1922 3260 Natura

499 3280 637 3367 eadem
649 3285 724 3384 est3
739 3203 859 3368 iacies
869 3290 974 3370 varia
979 3349 993 3394 ,
989 3317 1077 3484 dm
1092 3287 1308 3372 diversitate
1319 3290 1527 3372 hominum
1540 3296 1582 3372 dt
1593 3291 1816 3401 regionum.
1826 3291 1871 3372 N
1873 3317 1924 3374 on

496 3420 567 3478 eos
586 3425 687 3505 quos
702 3395 973 3484 observaverat
1028 3426 1162 3484 retaeus
1181 3399 1321 3514 gradus
1342 3403 1383 3482 in
1406 3397 1513 3516 lepti
1532 3399 1642 3483 distin
1672 3401 1921 3486 uitAvicen-

498 3537 568 3590 nas
578 3567 592 3612 ‚
613 3506 678 3591 sed
692 3509 815 3592 statim
832 3513 873 3592 in
890 3511 1045 3596 summo
1060 3511 1183 3626 gradu
1195 3513 1358 3627 positam
1372 3511 1566 3598 describit.
1586 3430 1783 3596 Coiorem
1799 3539 1925 3598 atrum

497 3619 636 3725 faciei,
660 3619 879 3708 foeditatem
897 3621 1065 3708 luridam
1076 3686 1091 3733 ,
1113 3629 1226 3709 vocis
1247 3629 1505 3710 mutationem
1522 3653 1704 3730 raucam,
1731 3632 1772 3706 dr
1793 3623 1923 3740 posted

498 3731 771 3816 omnimodam
800 3738 1081 3822 extinsiionem
1094 3799 1108 3844 ,
1138 3735 1373 3853 capillorum
1404 3745 1447 3821 ὃ(
1476 3736 1649 3852 pilorum
1677 3735 1921 3843 defluvium,

497 3843 575 3928 nasr
592 3851 632 3929 dt
654 3842 865 3930 oculorum
885 3849 1039 3932 foedum
1054 3845 1260 3966 asped'um.
1282 3850 1471 3934 Praeterea
1492 3853 1588 3935 verb
1606 3876 1681 3935 nec
1704 3848 1755 3932 de
1779 3851 1921 3953 urinis,

496 3983 572 4042 nec
594 3957 644 4042 de
669 3955 753 4041 aliis
772 3959 1019 4044 funttionum
1038 3961 1345 4076 perturbatarum
1367 3964 1482 4076 signis
1503 3960 1670 4047 multum
1691 3987 1832 4069 curat,
1853 3963 1922 4046 nist

497 4069 606 4176 qubd
635 4095 680 4152 ut
704 4070 949 4184 Archigenes
982 4072 1223 4158 &Arabum
1278 4073 1431 4184 lenique
1461 4073 1698 4160 salacitatem
1728 4074 1921 4158 summam

495 4179 539 4260 in
567 4181 659 4264 viris
691 4181 803 4266 antei
831 4185 939 4269 castis
967 4181 1124 4270 abhoc
1156 4107 1301 4272 morbo
1328 4186 1434 4272 nasci
1456 4187 1636 4295 incuset,
1660 4212 1850 4298 tanquam
1874 4183 1923 4270 ab

461 4455 463 4462 ,
537 4399 678 4473 (a)1·.ib.
699 4421 756 4473 ¹4·
779 4401 837 4466 sen.
852 4427 908 4479 21,
927 4408 1025 4472 Trat‘t.
1041 4429 1067 4472 ι.

536 4477 595 4554 (i)
613 4479 709 4542 Trast.
732 4501 786 4560 23,
804 4504 864 4564 cap.
887 4497 929 4562 ra.

535 4563 596 4631 (c)
619 4559 698 4644 Haly
711 4560 784 4622 Abb.
798 4564 841 4622 lib.
857 4584 893 4638 4,
907 4587 969 4642 cap.
986 4579 1030 4629 16.
1046 4568 1086 4632 V.
1099 4567 1220 4631 Severin.
1231 4591 1291 4654 cap.
1306 4590 1364 4650 η,
1380 4573 1416 4633 de
1427 4591 1494 4634 nov.
1510 4569 1568 4638 obs.
1585 4569 1724 4640 abscedib.

535 4635 592 4712 (d)
611 4637 644 4700 P.
661 4639 755 4722 Aspia.
771 4641 804 4703 de
826 4646 900 4707 Med.
919 4645 1075 4730 AEgyptior.
1096 4652 1144 4712 lib.
1159 4671 1194 4723 r,
1213 4673 1273 4735 cap.
1292 4673 1335 4712 ra.
1831 4649 1837 4656 ¹

532 4725 591 4795 (e)
613 4719 673 4778 Des
690 4721 824 4782 Maladies
839 4723 873 4784 de
893 4727 920 4786 la
937 4725 1012 4789 Peau
1034 4729 1131 4794 iutrod
1151 4729 1290 4816 Nosolog.
1309 4731 1379 4796 Met.
1397 4747 1465 4792 tom.
1486 4747 1512 4804 5.

532 4796 594 4882 (f)
616 4797 680 4866 Lib.
700 4819 743 4874 4,
764 4800 822 4866 sen.
844 4823 878 4888 ς,
897 4809 972 4870 rrae.
993 4826 1019 4888 3.
