4246 5900
529 382 1326 530 inriroouci’io.
1577 479 1626 552 23

208 600 306 688 facit
324 605 535 709 nocivum,
552 631 634 714 quo
652 599 859 718 praesertim
874 603 914 684 iii
934 599 1031 687 loco
1053 606 1225 687 tenerior
1240 607 1340 690 cutis
1362 602 1475 690 altilis
1498 609 1630 692 causas

209 719 373 800 nocivas
382 713 550 800 imbibit.
577 716 646 798 Sic
661 711 709 798 ab
732 715 888 826 impuro
905 712 1045 798 osculo
1060 711 1162 798 labia
1177 715 1437 823 attolluntur,
1452 717 1628 834 pustulis-

155 897 158 915 .
209 855 290 938 que
311 825 522 942 implentur
549 822 823 941 prurientibus.
849 825 941 908 Nec
963 826 1043 939 ipsa
1061 825 1157 939 saepb
1173 827 1329 912 craffior
1346 833 1446 912 cutis
1467 829 1493 914 ὲ
1517 861 1629 914 com·

207 943 414 1024 municato
424 937 863 1054 pruritufuitimmunis‚
874 935 927 1020 ob
940 938 1227 1050 imprudentem
1240 943 1446 1052 prasertim
1459 943 1627 1028 sudantis

204 1055 392 1166 corporis
407 1055 595 1136 artasium
606 1111 619 1155 ,
632 1058 675 1134 δι
698 1049 883 1134 Medicos
900 1053 996 1133 novi
1021 1053 1088 1160 qui
1106 1081 1305 1161 nunquam
1321 1055 1480 1167 impune
1501 1058 1628 1140 vario·

207 1159 341 1247 larum
350 1163 522 1254 halitum
533 1165 610 1248 sine
621 1159 747 1270 aliqud
758 1158 907 1275 pusioli
919 1162 1205 1276 inspiraverint;
1218 1162 1441 1276 scabiesque
1456 1194 1628 1281 occupat

208 1279 394 1362 novitios
409 1275 624 1388 Chirurgus
640 1276 707 1386 qui
724 1297 893 1386 egrotos
913 1277 955 1358 in
972 1273 1215 1360 nosocomiis
1229 1277 1511 1389 imprudentius
1530 1311 1628 1366 con-

206 1391 393 1473 tresiant.
1481 1430 1483 1438 ¹

270 1501 416 1584 Verbm
439 1497 569 1614 saepiiis
601 1525 765 1612 accepta
792 1526 861 1609 pet
888 1525 1022 1584 cutem
1048 1496 1130 1585 lues
1155 1496 1225 1582 sub
1256 1529 1426 1612 corpore
1457 1511 1497 1587 dr
1526 1510 1625 1592 intra

202 1616 396 1696 humores
413 1611 664 1716 intumescit,
692 1639 767 1694 nec
784 1612 853 1692 nisi
873 1613 957 1723 post
980 1609 1142 1722 aliquod
1163 1639 1316 1725 tempus
1338 1615 1387 1696 ad
1412 1643 1545 1700 cutem
1562 1649 1626 1732 ap-

205 1750 339 1838 paret,
350 1751 395 1806 ut
409 1750 516 1836 patet
534 1727 577 1806 in
591 1720 825 1807 sueoniam
838 1725 1028 1808 insitionis
1042 1725 1235 1808 methodo
1253 1753 1335 1834 φιτ
1354 1728 1403 1809 ad
1419 1727 1626 1840 septimum
1656 1757 1659 1770 ’

207 1863 280 1920 aut
291 1839 473 1920 oiiavum
485 1836 590 1920 diem
603 1834 649 1918 sae
677 1835 959 1948 eprorogatur.
975 1832 1104 1940 Hujus
1118 1864 1247 1921 autem
1260 1836 1519 1951 absorptionis
1531 1843 1622 1926 vere

206 1947 399 2074 stupendae
420 1945 605 2061 exempla
638 1865 796 2030 limson
817 1949 858 2030 in
879 1950 988 2040 Asiis
1005 1947 1376 2061 Edimburgensibus
1400 1955 1624 2065 congessit,

206 2090 318 2167 cuius
333 2063 581 2144 &theoriam
594 2059 806 2144 &effeetus
818 2063 887 2169 qui
901 2057 968 2143 dili
997 2060 1489 2170 entilisscrutarivoluerit,
1503 2067 1625 2154 duces

207 2173 388 2282 sequatur
405 2174 565 2262 eximias
590 2172 639 2257 de
668 2169 742 2254 hic
760 2177 921 2262 materie
941 2091 1154 2258 abrahami
1166 2175 1268 2258 Kaw
1284 2172 1589 2264 lucubrationes.

263 2285 406 2370 Praetcr
428 2282 651 2368 numerosas
676 2283 913 2372 secretiones
931 2281 1016 2368 illas
1040 2313 1204 2395 quarum
1223 2288 1490 2372 inechanismo
1513 2295 1558 2376 fit
1580 2321 1625 2378 ut

209 2401 308 2482 cutis
334 2425 410 2512 pro
436 2396 641 2480 universali
665 2400 910 2483 emu'nsiorio
929 2395 1107 2482 habenda
1126 2400 1174 2482 sit
1184 2462 1200 2506 ,
1235 2397 1432 2482 cellulosae
1458 2400 1538 2508 ejus
1565 2407 1622 2491 sa-

212 2506 349 2615 bricae,
364 2535 482 2620 atque
503 2507 604 2592 adeo
616 2505 732 2592 facile
746 2507 953 2594 dilatabilis
971 2508 1164 2616 debetur,
1184 2537 1227 2594 ut
1241 2512 1322 2623 ipsa
1337 2538 1416 2594 tam
1439 2517 1622 2630 prompte

209 2620 392 2706 humores
408 2650 491 2704 non
512 2618 631 2704 facile
651 2617 933 2724 resolvendos,
955 2619 1011 2730 ab
1039 2624 1185 2704 intimls
1211 2627 1389 2732 corporis
1418 2629 1622 2734 penetrali-

206 2729 279 2818 bus
314 2736 357 2818 iri
386 2733 427 2819 se
460 2733 625 2845 recipiat
657 2755 775 2840 atque
803 2728 1034 2834 combibat,
1062 2757 1106 2812 ut
1136 2757 1246 2871 patet
1270 2756 1333 2813 tot
1360 2737 1505 2826 criticis
1540 2737 1622 2822 abs-

204 2843 396 2953 cessibus,
420 2873 483 2930 tot
499 2845 749 2958 eruptionum
764 2840 903 2926 formis
923 2869 1006 2951 quae
1020 2845 1060 2924 in
1074 2843 1155 2954 ipsa
1170 2842 1263 2926 ditm
1276 2870 1318 2926 re
1346 2844 1538 2954 criuntur,
1554 2877 1623 2962 per

204 2957 522 3072 suppurationem
539 2954 605 3042 vel
622 2955 1023 3066 desquammationem
1037 2975 1180 3067 corpus
1207 2871 1418 3040 isordibus
1433 2955 1620 3070 liberant,

206 3097 302 3180 quas
326 3099 402 3156 iiec
427 3066 571 3156 tollere
600 3067 826 3182 perspir'atio
854 3068 1062 3183 potuisset,
1087 3095 1164 3152 nec
1187 3065 1268 3152 ulla
1301 3067 1376 3153 alia
1399 3079 1619 3160 evacuatio.

203 3181 317 3292 Quiri
342 3193 391 3268 δι.
411 3185 481 3298 ipsi
504 3183 689 3287 sudores,
713 3181 864 3295 semper
889 3189 931 3264 ὅ(
952 3184 995 3264 in
1021 3184 1131 3263 omni
1152 3182 1243 3264 casu
1260 3208 1416 3294 =contra
1445 3213 1621 3271 naturam

203 3295 386 3403 dicendi,
487 3293 599 3379 uliari
618 3324 665 3378 ac
696 3297 852 3407 prorsiis
885 3291 1064 3406 singulari
1091 3295 1190 3378 cutis
1224 3295 1492 3390 mechariismo
1521 3325 1621 3382 exo·

204 3410 380 3515 riiintur,
425 3411 492 3492 iim
513 3406 582 3492 illa
597 3409 761 3520 impetui
777 3405 971 3518 sanguinis
993 3405 1168 3492 obvia&
1183 3403 1316 3492 multis
1328 3409 1460 3521 pervia
1481 3411 1621 3493 humo-

203 3517 307 3606 ribus
323 3520 534 3606 secretioni
548 3521 683 3636 aptatis
695 3517 798 3631 ipsos
814 3517 938 3604 efficit
954 3548 1061 3602 nunc
1076 3520 1252 3624 criticos,
1268 3549 1373 3605 nunc
1386 3521 1620 3632 repetendos

199 3629 325 3718 ssola
361 3631 562 3718 laxatione
596 3659 836 3746 organorum
871 3631 957 3744 post
992 3629 1243 3715 erethismum
1273 3631 1617 3718 defervescentem.

204 3744 316 3831 Unde
336 3744 384 3830 sae
411 3745 552 3829 ediim
574 3743 734 3828 sudores
757 3741 878 3826 cruda
896 3771 971 3833 nec
993 3744 1107 3827 coria
1127 3745 1321 3849 avehunt,
1344 3745 1428 3856 post
1440 3744 1480 3827 se
1497 3775 1620 3859 punc-

203 3855 323 3944 ricula
345 3775 460 3940 rubra
473 3855 721 3968 relinquunt,
739 3879 805 3940 aut
823 3852 1010 3940 vesiculas
1034 3856 1114 3940 acri
1133 3851 1288 3965 liquore
1306 3853 1461 3968 plenas,
1491 3855 1618 3940 milia-

202 3995 289 4076 res,
316 3968 412 4052 mali
434 3967 665 4085 plerumque
694 3969 866 4073 ominis,
897 3971 989 4051 ciim
1016 3994 1191 4052 naturam
1215 3965 1426 4052 lusiantem
1458 3968 1618 4077 quidem

201 4083 430 4189 ostendant,
451 4083 519 4167 sed
541 4077 750 4166 ii'vitioriai
773 4077 896 4192 longe
915 4105 1121 4166 remotam.
1146 4078 1334 4165 Praetereii
1358 4078 1455 4163 veri>
1480 4108 1618 4168 omnes

187 4191 274 4278 -illae
302 4194 539 4281 secretiones
566 4223 650 4278 non
676 4193 755 4276 fine
781 4189 914 4303 aliquo
943 4192 1154 4278 erethismo
1177 4193 1306 4296 fiunt,
1334 4189 1618 4279 &sensatione

203 4306 404 4422 singulari,
426 4338 508 4418 quae
525 4333 570 4392 ut
582 4304 841 4419 intelligatur,
855 4304 905 4388 ad
923 4303 1008 4389 illas
1028 4307 1248 4388 fiinfflones
1266 4303 1545 4390 attendendum
1565 4311 1616 4392 est

204 4445 283 4528 φιτ
302 4421 456 4505 sensum
469 4425 570 4504 cutis
580 4482 595 4526 ,
623 4421 700 4504 five
714 4422 859 4502 tasium
875 4421 1124 4501 constiniunt.

269 4531 366 4616 Haec
391 4530 509 4618 altera
532 4533 777 4616 sunfflonum
796 4533 914 4613 -cutis
940 4536 982 4612 ὃ(
1012 4525 1092 4637 ejus
1113 4525 1252 4612 usuum
1280 4529 1539 4614 consideratio
1565 4531 1615 4614 ad

202 4644 342 4728 satim
364 4673 444 4748 ¹nos
474 4645 662 4752 deducit,
693 4645 761 4756 qui
789 4643 950 4753 quidem
973 4641 1023 4726 ad
1045 4641 1261 4727 universam
1290 4644 1413 4728 cutim
1439 4646 1613 4756 exceptis

197 4753 348 4842 callosis
368 4755 450 4865 ejus
465 4757 635 4872 partibus
657 4762 854 4872 pertinet,
886 4765 927 4840 δι
951 4757 1229 4868 indigiturum
1254 4759 1366 4868 apice
1391 4751 1522 4838 sedem
1548 4753 1614 4838 de-

191 4862 453 5012 beatissimam
474 4871 627 4960 videtur
646 4871 825 4987 posuisse.
844 4872 901 4960 At
923 4867 1031 4961 niilla
1055 4871 1108 4958 est
1127 4871 1228 4960 cutis
1251 4897 1337 4986 pars
1354 4897 1437 4986 quae
1459 4893 1542 4954 non
1559 4891 1612 4946 eo
