4188 5916
654 379 1160 558 curanars
1533 469 1610 548 2ss

185 595 305 710 sipara
320 593 413 678 ostia
429 589 579 678 summai
597 619 690 680 cum
706 590 894 678 facilitate
915 591 1053 678 eluunt
1062 657 1077 700 ,
1096 594 1371 708 moranttsque
1389 598 1615 710 quisquilias

127 763 132 774 ·
185 709 379 793 auferunt.
415 705 537 791 Tales
563 705 654 792 ante
682 704 774 790 alias
798 704 839 790 se
892 708 1037 791 restant
1061 717 1168 817 aq'uae
1190 709 1212 790 a
1235 707 1428 798 Chesnao
1456 711 1620 802 laudata

186 817 519 926 Barbotanenses,
537 845 604 928 aut
622 815 644 902 a
663 816 842 903 Raulino
915 819 1246 922 ontmarsanenses
1258 883 1272 927 ,
1295 823 1361 906 sed
1409 826 1575 942 racipub
1597 828 1620 915 i

187 931 356 1017 Bordaeo
375 931 585 1018 observatae
602 930 874 1044 Barregienses
890 933 932 1014 in
945 932 1087 1021 Bitetis
1097 997 1112 1038 ‚
1134 959 1202 1020 aut
1214 960 1268 1016 ea
1288 965 1371 1042 quae
1381 855 1620 1026 lucionen-

187 1047 246 1130 ses
260 1073 475 1151 vocantur,
497 1075 660 1156 quarum
683 1047 751 1129 etsr
772 1047 970 1129 recentior
996 1047 1041 1130 stt
1058 1044 1209 1160 gloria,
1228 1048 1366 1246 poffirn
1388 1075 1519 1136 tamen
1539 1055 1621 1169 ipse
1672 1081 1686 1090 ·

188 1157 471 1274 cumpluribus
497 1157 689 1271 'exenrplis
717 1154 930 1240 celebrare.
960 1158 1014 1242 Et
1041 1159 1147 1243 certe
1174 1157 1232 1252 lic¹
1250 1185 1272 1266 t
1293 1159 1390 1274 sape
1414 1168 1621 1251 thoracem
1714 1241 1723 1263 ,

189 1272 335 1392 possint
358 1275 607 1386 opprimere,
630 1269 725 1356 licet
745 1269 949 1363 stomacho
967 1270 1095 1356 infida
1115 1273 1196 1366 lint
1221 1300 1361 1360 omnes
1388 1305 1495 1384 aqua
1516 1279 1623 1362 rher-

189 1383 336 1489 males,
354 1384 556 1468 fatendum
567 1385 620 1467 est
635 1381 786 1466 nullum
793 1385 1001 1578 lpotentius
1013 1383 1096 1472 dari
1108 1383 1442 1488 medicamentum
1460 1389 1509 1475 ad
1523 1393 1624 1504 pers·

187 1499 393 1622 pirationis
420 1495 648 1582 facilitatem
672 1499 791 1580 conci
810 1494 963 1578 'andam
991 1521 1108 1606 atque
1134 1498 1333 1582 meatirum
1356 1498 1623 1588 ulceratorum

192 1609 535 1695 cicatrisationem.
563 1609 680 1694 Adde
700 1609 808 1719 qubd
831 1603 1035 1720 glandulas
1060 1637 1200 1694 omnes
1227 1608 1387 1720 eluant,
1415 1624 1457 1700 ἃ
1483 1643 1624 1700 eorum

192 1726 347 1808 aclione
362 1723 541 1838 petasii,
566 1723 616 1806 ad
635 1723 757 1806 totilas
778 1719 1076 1806 roborationem
1101 1721 1291 1809 martialia
1308 1722 1468 1812 liberiirs
1495 1753 1624 1843 agant.

247 1838 395 1922 Verum
409 1840 613 1921 recodum
624 1834 886 1949 supponamus
896 1832 1065 1940 malum,
1081 1834 1129 1918 ad
1142 1861 1305 1920 omnem
1317 1865 1439 1922 artem
1454 1838 1625 1948 rebelle,

192 1976 260 2034 aur
276 1977 357 2034 arte
375 1981 450 2064 pra
480 1946 602 2033 osteri
620 1950 905 2052 intoxicatum,
928 1947 1038 2058 quod
1053 1975 1136 2030 non
1148 1951 1239 2032 rarb
1255 1950 1401 2036 accidit
1420 1955 1461 2036 in
1480 1952 1625 2043 morbo

188 2063 262 2172 ‘'qui
280 2065 419 2178 ingens
437 1981 495 2148 ihi
516 2061 706 2146 fastidium
725 2063 903 2144 concitat
913 2122 926 2165 ,
953 2090 1003 2148 an
1015 2061 1088 2143 sua
1101 2059 1196 2143 sorti
1219 2059 1626 2178 relinquendaaegro-

194 2201 320 2260 rantes
342 2173 529 2260 misellas
551 2175 718 2258 Annon
737 2170 884 2284 aliquid
900 2173 1160 2258 tentandum?
1186 2172 1313 2283 Quod
1332 2177 1413 2288 ipse
1433 2179 1625 2287 fecerim,

193 2289 305 2420 qpod
333 2291 544 2400 antiquitis
564 2287 706 2375 docuit
731 2285 1000 2401 Hippocrates
1028 2290 1071 2372 in
1095 2283 1246 2372 morbis
1275 2294 1450 2376 cutaneis
1479 2291 1627 2407 simpli-

193 2429 292 2486 crter
310 2429 521 2517 exponam.
955 2453 977 2504 4
1039 2445 1042 2472 .

250 2513 499 2600 Immutanda
524 2515 677 2629 peniths
706 2515 759 2598 est
785 2514 1057 2628 aegrotantium
1084 2510 1194 2597 diaeta
1207 2577 1220 2620 ,
1247 2519 1300 2600 ita
1327 2541 1371 2600 ut
1395 2544 1480 2626 quat
1509 2529 1627 2605 carhe

188 2626 405 2712 'utebantur
414 2692 429 2735 ,
446 2625 539 2710 solis
549 2624 989 2740 vegetabilibusvivant.
1004 2624 1096 2710 Hsrc
1108 2625 1316 2712 soladiaerae
1327 2633 1545 2714 mutatione
1558 2633 1628 2716 soe·

198 2743 344 2830 minam
356 2739 635 2824 nobilissimam
653 2738 822 2822 sanatam
835 2738 988 2852 integre
998 2738 1091 2823 vidi.
1108 2737 1251 2822 Solum
1264 2767 1417 2824 vertere
1429 2741 1524 2855 saepb
1565 2774 1628 2826 ro-

197 2851 327 2960 derit,
354 2851 554 2938 laboribus
573 2851 768 2936 vincenda
790 2876 908 2963 atque
927 2851 996 2934 fati
1026 2851 1124 2934 anda
1142 2881 1222 2960 quae
1246 2855 1347 2936 stetit
1371 2857 1501 2959 iners,
1523 2775 1628 2941 dne

198 2965 439 3078 torquenda,
461 2965 698 3070 srtiurenda,
716 2965 862 3080 speque
877 2968 1025 3048 interea
1039 2963 1211 3047 fovenda
1232 2969 1327 3070 erit,
1348 2993 1392 3048 ut
1404 2973 1625 3052 contrarios

200 3079 309 3166 sexsus
331 3077 483 3166 habitui
504 3077 664 3163 labores
691 3075 862 3162 tolerare
887 3077 1013 3193 possit.
1050 3075 1160 3159 Tum
1185 3079 1282 3162 verb
1310 3075 1457 3163 balneis
1486 3081 1629 3192 tepidis

200 3199 241 3278 dt
260 3217 359 3307 potu
378 3191 555 3278 diluente
576 3221 722 3306 corpus
741 3195 794 3282 ita
813 3188 966 3274 solvere
986 3187 1189 3304 proderit,
1210 3216 1254 3273 ut
1270 3194 1311 3274 in
1325 3191 1487 3276 sudores
1507 3193 1626 3277 facile

198 3303 464 3392 diffluatinter
475 3303 657 3388 laborum
669 3306 880 3409 exercitia,
906 3311 948 3390 bt
970 3299 1037 3386 ubi
1057 3299 1221 3386 mollior
1239 3303 1357 3387 fuerit
1373 3301 1520 3389 sabrica
1536 3335 1627 3389 cor·

200 3421 306 3532 poris¹
317 3479 331 3524 ,
351 3444 448 3518 tunc
471 3418 647 3532 proderit
665 3415 833 3502 fortibus
854 3417 1076 3500 catharticis
1097 3413 1229 3498 alvum
1249 3443 1490 3522 concutere,
1512 3444 1629 3528 atque

202 3557 334 3615 totum
359 3560 504 3645 corpus
527 3529 709 3636 solvere,
733 3533 787 3614 ira
805 3556 849 3612 ut
874 3527 896 3611 a
914 3531 1133 3616 cathartico
1154 3534 1196 3612 br
1217 3529 1294 3611 srtis
1306 3592 1320 3634 ,
1348 3536 1390 3612 ὅ(
1406 3533 1548 3614 virium
1564 3559 1630 3614 ex·
1668 3583 1687 3598 κ

203 3641 350 3726 solutio
374 3642 609 3750 sequantur,
638 3669 801 3753 totaque
824 3643 945 3726 facies
967 3666 1012 3724 ut
1038 3644 1080 3724 in
1109 3639 1272 3724 cholet-i
1293 3642 1439 3726 accidit
1464 3643 1629 3726 marces·

197 3781 295 3840 cere
314 3751 458 3836 morbo
476 3757 608 3837 accito
624 3755 813 3839 videatur.
827 3757 866 3838 A
881 3752 949 3840 tali
964 3753 1256 3840 medicamento
1274 3761 1401 3839 rursus
1417 3755 1466 3839 ad
1481 3755 1631 3856 dilucu-

199 3872 255 3954 tia
282 3863 530 3950 redeundum
562 3867 614 3948 est
628 3865 806 3970 ‚·donec
836 3870 970 3952 omnia
997 3869 1039 3950 in
1065 3869 1264 3982 pristinum
1292 3869 1429 3951 statum
1461 3869 1630 3954 restituta

199 3980 418 4066 videantur.
449 3976 842 4064 Tuncmochlicum
864 3983 1052 4087 iteretur,
1078 3978 1216 4065 iisdem
1245 3978 1402 4064 servatis
1432 3983 1630 4064 cautioni-

201 4091 301 4177 bus:
322 4117 483 4201 quater,
502 4113 569 4176 aut
587 4089 763 4205 pluribus
782 4091 934 4178 vicibus
952 4091 1059 4180 idem
1074 4119 1251 4206 repetere
1265 4087 1393 4195 juvat,
1416 4093 1525 4198 quod
1542 4097 1629 4180 raro

201 4231 311 4290 caret
333 4203 537 4312 successu,
563 4205 591 4290 sr
611 4206 822 4320 prudenter
836 4214 878 4292 dr
894 4205 1009 4292 caute
1023 4205 1141 4290 suerit
1155 4199 1386 4286 adhibitum.
1415 4201 1519 4287 Mihi
1533 4209 1631 4302 verb
1705 4248 1707 4256 ·

202 4316 254 4404 ad
275 4321 382 4402 hunc
402 4318 514 4405 usum
534 4321 681 4403 caeteris
701 4320 1001 4416 medicamentis
1023 4309 1332 4430 prastareuisum
1349 4319 1401 4400 est
1416 4323 1632 4403 erundum

203 4427 400 4515 hellebori
425 4435 464 4512 ni
494 4431 553 4538 ri,
578 4429 691 4540 quod
715 4432 818 4514 inter
836 4430 1044 4514 cadrarrici
1069 4428 1303 4540 potentioris
1327 4431 1470 4513 artioni
1496 4431 1634 4517 neces·
1677 4521 1680 4532 ,

202 4544 335 4628 serios¹
352 4462 544 4628 tumultus
573 4539 615 4627 id
641 4567 774 4626 tamen
798 4537 979 4646 obtinet,
1006 4538 1116 4651 quod
1143 4541 1231 4624 rarb
1258 4544 1452 4626 cruciatus
1481 4552 1523 4627 δι
1548 4575 1634 4630 tor·

205 4681 337 4740 menta
355 4657 561 4761 concitet,
581 4663 622 4740 δι
645 4682 846 4765 nunquam
867 4655 1022 4739 afflone
1045 4649 1112 4738 sui
1125 4651 1339 4738 cathartici
1361 4656 1502 4757 cadat3
1522 4658 1633 4767 quod

208 4795 281 4857 nec
302 4769 352 4852 de
374 4766 651 4874 scammonio,
672 4795 748 4852 nec
772 4765 822 4852 de
849 4763 934 4850 aliis
957 4764 1156 4877 quibusvis
1177 4765 1474 4853 medicamentis
1500 4769 1633 4854 dicere

205 4879 388 4971 audeant.
412 4877 550 4966 Semel
567 4883 684 4968 etiam
705 4877 1070 4994 autbisexpertum
1087 4907 1155 4970 me
1176 4883 1366 4998 mansisti,
1392 4879 1633 4994 solutionem
