4546 5866
569 379 655 466 „0
1012 331 1120 422 on
1181 325 1551 418 nonnrs

573 503 826 601 trallantibus
855 501 1037 587 devitiis
1066 497 1167 580 cutis
1195 493 1217 577 i
1247 497 1369 578 causis
1398 496 1571 590 externis
1600 495 1643 578 in
1670 487 1783 577 illam
1808 488 2023 606 impellis,

575 625 707 711 brevis
733 617 868 701 saltem
892 609 1105 720 injicienda
1127 612 1278 694 mentio
1300 607 1352 692 de
1374 611 1596 692 mutatione
1642 609 1766 709 uami
1795 605 2024 689 stinferunt

575 765 687 847 aqua
707 734 834 926 stllgiae
853 751 1072 829 venenata,
1096 747 1164 806 aut
1183 719 1401 836 srmplices,
1424 746 1493 804 aut
1516 750 1558 802 rn
1654 723 1663 739 '
1708 637 1902 803 intimat:
1922 719 2022 830 quid

577 849 702 938 acidis
723 849 735 928 i
769 849 800 926 ir
827 841 1070 924 contrarium
1089 833 1206 946 alcali
1232 836 1274 918 in
1294 837 1503 918 causticam
1527 838 1708 918 evellum
1730 831 1851 918 calcia
1877 831 2019 914 addite

579 989 662 1077 ope
682 955 902 1042 efficaciam
918 951 1035 1066 poffit
1048 949 1236 1056 efficere,
1264 947 1360 1058 quid
1381 947 1543 1033 demirm
1562 945 1653 1034 calx
1670 949 1762 1032 viva
1783 944 1946 1054 aliaque
1965 945 2019 1030 ste

573 1072 664 1184 jure
683 1069 906 1177 meritoque
927 1064 1028 1148 diua
1049 1065 1215 1146 caustica
1234 1065 1427 1146 intentare
1449 1061 1594 1178 poffint
1613 1057 1938 1176 perpendendum
1951 1059 2020 1142 est,

642 1183 793 1267 Omnia
820 1182 904 1262 haec
930 1179 1100 1292 primum
1124 1170 1283 1290 spiculis
1310 1178 1509 1259 acerrimis
1534 1200 1652 1287 atque
1672 1174 1872 1258 venenatis
1894 1168 2015 1254 solida

581 1295 771 1388 lacerant.
808 1290 891 1376 Sed
914 1285 1098 1405 praterei
1123 1289 1235 1373 acida
1257 1287 1522 1402 potentissima
1544 1288 1670 1374 serum
1697 1285 1894 1430 liquidum
1915 1284 2017 1394 quast

583 1432 728 1496 vorant
743 1413 784 1489 dt
799 1403 983 1509 sorbent,
999 1429 1223 1513 terramque
1241 1400 1450 1490 animalem
1465 1430 1517 1492 ex
1531 1405 1680 1486 unione
1693 1398 1761 1484 sua
1780 1399 2017 1514 praecipitern·

584 1545 721 1636 agunt.
747 1515 904 1604 Alcalia
927 1521 971 1599 dt
998 1513 1087 1598 calx
1108 1518 1200 1600 viva
1219 1543 1383 1600 mucum
1408 1514 1606 1600 destruunt
1628 1511 1870 1618 animalem,
1890 1537 2018 1595 terra-

587 1657 666 1744 que
687 1631 826 1716 locum
846 1628 1039 1715 invadunt
1059 1637 1103 1714 dt
1124 1653 1336 1744 occupant.
1364 1628 1509 1712 Sciunt
1525 1627 1736 1742 Chirurgi,
1762 1649 1908 1736 quanta
1926 1649 2014 1708 eve-

589 1747 699 1829 niant
712 1740 814 1826 mala
822 1805 837 1850 ,
857 1740 1194 1826 fiimmoderatiirs
1209 1745 1292 1826 hac
1309 1739 1455 1826 frrerinr
1471 1739 1677 1880 applicata.
1693 1739 1804 1823 Tota
1819 1737 2020 1822 destruitur

587 1887 636 1944 or
665 1857 826 1940 anisatio
853 1853 931 1964 qud
961 1858 1085 1940 cutim
1110 1855 1330 1968 contigere.
1363 1855 1518 1939 Interea
1545 1881 1671 1970 partes
1688 1849 1904 1935 metallica
1928 1848 2048 1934 sola·

586 1887 671 2054 feri
695 1975 737 2052 &c
763 1965 812 2051 ab
832 1965 954 2050 acidis
974 1965 1076 2081 pene
1099 1965 1230 2051 libera
1248 1992 1482 2073 remanent,
1503 1969 1558 2051 ita
1578 1995 1623 2052 ut
1644 1967 1674 2049 sr
1694 1967 1862 2050 tinelura
1880 1961 2016 2047 meral-

587 2079 666 2168 lica
685 2076 809 2164 multd
828 2078 929 2189 aqui
945 2079 1149 2165 mirificata
1167 2082 1251 2166 vim
1271 2079 1442 2166 amiserit
1456 2083 1665 2164 causticam
1684 2076 1920 2182 violentam,
1937 2073 2012 2182 jam

587 2192 787 2278 oscharam
807 2190 1045 2306 profundam
1068 2221 1151 2276 non
1171 2196 1328 2299 inuret,
1347 2181 1416 2278 sed
1433 2191 1630 2278 maculam
1645 2191 1771 2276 solam
1787 2189 1861 2274 alre
1879 2189 2007 2302 impri-

590 2308 665 2390 mit
678 2334 762 2415 quae
777 2305 890 2398 suum
903 2305 1044 2390 referet
1057 2305 1261 2390 metallum
1272 2338 1311 2390 v.
1324 2337 1363 2420 g.
1372 2304 1599 2390 violaceum
1618 2305 1665 2390 ab
1682 2335 1791 2390 auro.
1805 2301 1893 2386 Soli
1911 2301 2013 2416 spiri·

590 2419 648 2503 tui
664 2421 755 2502 nitri
771 2418 812 2502 id
831 2415 1052 2533 peculiare,
1069 2443 1113 2502 ut
1133 2448 1228 2529 quas
1246 2421 1419 2532 attigerit
1437 2445 1564 2534 partes
1582 2421 1687 2504 flavo
1701 2417 1845 2508 colore
1856 2413 2011 2499 imbuat.

647 2531 799 2614 Sensim
820 2529 982 2641 quidem
996 2530 1136 2616 detriti
1156 2531 1397 2646 epidermide
1420 2539 1461 2615 dt
1477 2557 1589 2618 textu
1608 2529 1808 2616 reticuiari
1829 2553 2012 2615 renovato

590 2641 754 2726 macula
778 2641 854 2726 illae
878 2642 1059 2750 avolant,
1081 2644 1147 2728 sed
1172 2647 1232 2729 his
1259 2648 1378 2730 etiam
1397 2643 1520 2729 leviirs
1543 2641 1871 2762 appofitis'statim
1890 2645 2014 2759 stupor

590 2758 633 2840 in
655 2780 765 2870 parte
783 2755 918 2840 afferat
942 2760 1144 2864 exoritur,
1164 2757 1351 2844 induratis
1370 2758 1571 2844 evidenter
1591 2757 1835 2874 epidermide
1852 2764 1893 2840 dt
1910 2781 2017 2840 textu

590 2865 802 2954 reticulari.
832 2867 880 2951 Id
906 2871 1003 2955 vero
1032 2869 1174 2984 probat
1200 2899 1247 2954 ea
1276 2875 1410 2956 omnia
1435 2869 1572 2956 salium
1598 2900 1712 2957 more
1739 2897 1886 2984 agere,
1914 2867 2017 2980 qnod

591 2983 664 3064 nist
674 2979 875 3066 solvantur
888 2980 1008 3091 aqui,
1027 3004 1094 3068 aut
1107 2981 1243 3068 saltem
1258 2979 1303 3068 ed
1319 2980 1502 3099 tantisper
1516 2983 1739 3092 diluantur,
1761 2985 1864 3068 auio
1884 3009 2017 3066 eorum

590 3090 701 3210 nulla
726 3093 791 3178 est
816 3091 970 3178 Eorum
993 3097 1112 3180 etiam
1135 3099 1236 3180 aelio
1264 3100 1496 3183 mechanica
1518 3096 1698 3184 &salina
1718 3123 1852 3210 perea
1869 3096 2017 3210 experi-

591 3227 725 3290 menta
755 3203 1037 3292 demonstratur
1065 3206 1206 3317 quibus
1239 3213 1389 3294 constat
1420 3210 1601 3296 cadaveri
1631 3211 1791 3294 admota
1826 3211 2020 3311 caustica,

592 3315 692 3404 licdt
704 3313 839 3402 calore
854 3315 1063 3428 &liquore
1076 3320 1186 3406 vitali
1202 3352 1286 3406 non
1301 3323 1471 3408 fota‘smt
1482 3386 1496 3430 ,
1511 3325 1677 3433 tardius,
1693 3321 1761 3416 sed
1771 3319 1882 3406 certe
1893 3347 2021 3406 tamen

595 3430 796 3516 escharam
817 3433 972 3517 inurere
993 3439 1081 3537 (a):
1106 3463 1276 3544 quorum
1299 3439 1660 3549 experimentorum
1681 3436 1819 3520 seriem
1837 3434 1938 3519 scire
1959 3436 2023 3544 qui

594 3540 788 3648 voluerit,
811 3542 926 3628 adeat
949 3548 1032 3632 aua
1058 3548 1185 3632 Acad.
1217 3547 1357 3662 Regiae
1380 3549 1655 3635 scientiarum.
1687 3551 1744 3632 At
1768 3551 1809 3631 in
1827 3551 1931 3634 vivis
1946 3553 2022 3657 quo

595 3659 771 3741 tenerior
791 3659 913 3763 cutis,
930 3659 981 3742 eo
996 3659 1232 3774 profundior
1242 3661 1423 3770 eschara,
1445 3665 1526 3775 quo
1543 3663 1678 3748 durior
1697 3670 1739 3746 dt
1759 3661 1867 3745 arida
1877 3663 2024 3774 magis,

595 3769 647 3852 eb
671 3769 825 3856 efficaci
847 3769 1108 3856 causticorum
1122 3777 1267 3860 actioni
1287 3776 1418 3861 resistit
1437 3777 1616 3892 amplius.
1640 3775 1741 3860 Hac
1766 3803 1894 3890 pauca
1914 3773 2029 3858 suffe·

596 3884 722 3970 cerint
741 3881 791 3966 de
812 3883 973 3967 materie
993 3883 1110 3970 fustus
1133 3884 1181 3969 ab
1201 3887 1284 3974 aliia
1303 3887 1474 3974 tratlatl.
1606 3885 1609 3890 ’

961 4031 1656 4168 anricunusrt

825 4253 892 4336 De
913 4251 1086 4338 Maeuiis
1109 4251 1360 4366 urdolcnribus
1381 4257 1421 4340 in
1440 4277 1526 4340 cute
1544 4253 1791 4372 noscentibus.

655 4441 900 4530 Maculatam
912 4449 1035 4532 cutim
1050 4476 1131 4532 uno
1146 4455 1188 4534 dt
1202 4451 1317 4534 variis
1334 4427 1378 4534 in
1397 4447 1500 4535 locis
1521 4449 1569 4534 ab
1588 4429 1782 4560 humano,
1807 4451 1874 4537 seu
1895 4455 2035 4586 potida
2179 4491 2180 4494 ¹

600 4551 752 4666 vulgari
782 4556 922 4646 colore
948 4557 1201 4648 abludentem
1224 4561 1360 4648 uidere
1389 4565 1445 4646 ita
1473 4561 1665 4648 familiare
1690 4569 1768 4671 cst,
1797 4591 1843 4650 ιιι
1866 4597 1938 4654 vrx
1963 4567 2036 4651 nist

499 4697 507 4713 ·
599 4667 739 4752 vitium
764 4668 940 4755 notabile
962 4673 1020 4758 hae
1044 4671 1206 4758 maculae
1229 4675 1417 4787 afferant,
1441 4673 1577 4762 adeas
1600 4677 1836 4766 attendam.

606 4853 609 4862 ·
633 4823 697 4906 (a)
719 4822 794 4886 Aua
809 4822 899 4892 neat
913 4825 988 4912 lleg.
1003 4827 1050 4896 Se.
1070 4849 1158 4911 ¹⁷3²·
