4250 5898
628 461 1143 570 cuTANaru‘
1462 405 1467 412 -
1548 494 1643 594 ma

199 631 404 750 habitant,
430 642 894 754 nunquam'dracunculit
911 640 1118 748 laborate,
1143 639 1209 726 sed
1227 642 1365 728 contri
1383 639 1444 729 his
1461 646 1634 730 maxime

203 755 402 840 obnoxios
416 757 493 840 esse
508 760 575 865 qui
589 760 693 839 virus
711 786 760 840 ex
773 753 961 840 imbnbus
974 755 1186 838 hauserint.
1204 755 1332 862 Quod
1345 759 1505 865 quidem
1520 758 1634 870 argil-

202 863 354 954 lacearn
378 868 570 983 praecipue
590 872 785 952 vermium
810 872 1004 968 horumce
1025 893 1201 950 naturam
1226 864 1394 979 probat,
1421 875 1511 952 clam
1539 867 1635 955 reti-'
1690 879 1695 884 ’

202 981 340 1063 nendis
360 984 468 1090 aquis
511 978 719 1064 luvialibus
736 980 871 1094 arg-illa
886 978 1098 1094 plurimum
1117 981 1263 1091 praestet
1274 1043 1288 1085 ,
1309 1007 1384 1062 nec
1399 1005 1530 1063 tamen
1547 987 1633 1069 no'n
1655 1075 1658 1082 ⁴

200 1093 271 1206 ipli
292 1091 420 1202 aliqua
439 1011 621 1174 solubilia
643 1095 833 1207 principia
858 1095 1142 1176 communicet.
1165 1093 1220 1174 At
1240 1091 1384 1176 fatetur
1404 1090 1635 1180 clarissimus·
1653 1183 1656 1188 ,

202 1208 338 1287 auctor
369 1207 677 1317 conceptionem
708 1208 904 1288 horumce
934 1204 1146 1294 ovulorum
1180 1207 1275 1286 aeris
1305 1202 1557 1290 inclementia
1589 1217 1632 1292 dt

201 1319 436 1430 prepostero
457 1319 787 1400 nutrimentorum
813 1318 1038 1400 crassiorum
1060 1316 1129 1400 usu
1152 1314 1281 1402 foveri
1305 1341 1423 1428 atque
1445 1317 1633 1405 determi-

200 1457 296 1513 nari.
340 1462 343 1468 ·
701 1491 704 1498 -

260 1539 394 1627 Causa
413 1547 473 1648 (o)
496 1539 543 1624 ab
561 1540 668 1625 hisce
691 1545 817 1626 oritur
835 1543 979 1628 vermis
1001 1539 1089 1647 ille,
1117 1567 1156 1626 at
1176 1537 1283 1626 nulla
1305 1541 1473 1628 omniuo
1492 1569 1603 1632 natus
1614 1587 1633 1654 ,

202 1651 333 1760 sotus,
348 1656 559 1761 educatus,
576 1653 927 1740 interibs'concitat
939 1655 1214 1768 symptomata,
1231 1656 1361 1740 donec
1375 1657 1534 1742 tandem
1551 1659 1635 1744 sese
1688 1755 1691 1760 ¹

201 1766 345 1880 prodat
369 1771 551 1852 exterius.
581 1764 798 1872 Ejusuerb
824 1771 865 1850 in
890 1765 1023 1852 lucem
1050 1796 1146 1850 mox
1173 1768 1366 1882 prodituri
1389 1775 1524 1854 nuntia
1549 1769 1637 1885 ple·

200 1879 369 1988 rumque
390 1882 443 1964 est
464 1877 679 1985 febricula,
698 1906 743 1962 ut
765 1878 977 1993 plurimum
999 1881 1234 1991 ephemera,
1259 1879 1470 1990 aliquando
1494 1887 1534 1966 in
1558 1910 1633 1968 tet·

202 1994 303 2074 tium
334 1993 456 2102 usque
479 1993 584 2076 diem
608 1995 816 2128 protracla.
851 1991 943 2074 Pars
973 2018 1108 2075 verme
1141 1991 1238 2074 foeta
1264 1990 1344 2075 levi
1373 1990 1632 2080 rubedine&

202 2105 556 2187 tumoreafficitur
577 2135 589 2202 3
613 2134 636 2184 a
659 2133 739 2212 quo
795 2101 948 2186 ostridie
975 2102 1149 2214 exsurgit
1172 2101 1319 2215 pustula
1341 2104 1410 2217 pist
1434 2110 1631 2220 magnitu-

202 2215 297 2298 dine
306 2276 322 2320 ,
346 2242 501 2321 tenera,
527 2213 696 2323 aquosa,
716 2135 943 2328 pellucida,
967 2212 1178 2322 aliquando
1195 2241 1320 2296 atrum
1335 2214 1517 2300 colorem
1533 2221 1632 2306 rese-
1708 2237 1711 2250 '

201 2353 307 2412 rens.
333 2325 429 2436 Qui
451 2330 535 2438 post
560 2357 706 2429 unum,
732 2352 798 2408 aut
822 2323 987 2407 alterum
1015 2323 1120 2405 diern
1147 2323 1286 2435 sponte
1312 2354 1355 2406 ru
1385 2325 1445 2433 tal,
1472 2329 1538 2412 vel
1557 2361 1633 2416 acu

200 2437 356 2552 aperti,
377 2436 527 2550 prosilit
543 2435 728 2518 lumbrici
743 2435 917 2518 summus
932 2461 1051 2547 apert,
1067 2436 1145 2518 srve
1160 2437 1323 2518 rostrum
1342 2355 1488 2522 ibidem
1509 2444 1637 2528 hatte

119 2634 123 2642 ,
200 2559 275 2637 nus
305 2547 608 2654 absconditum,
641 2547 751 2656 quod
780 2546 1020 2661 pedetentim
1053 2545 1249 2656 reliquum
1283 2577 1427 2662 corpus
1457 2550 1631 2662 sequitur

198 2661 348 2750 blandi
360 2658 586 2746 titillatione
604 2657 870 2743 sollicitatum.
896 2657 1006 2772 Sapie
1021 2661 1142 2740 ‘etiam
1163 2688 1245 2742 non
1266 2662 1334 2742 nifi
1351 2667 1494 2774 praevio
1513 2671 1632 2778 partis

201 2773 377 2880 dolore,
398 2781 441 2858 bt
463 2772 605 2856 duritie
624 2775 691 2857 vix
715 2770 882 2856 sensibili
906 2772 1101 2877 nascitur,
1123 2798 1240 2914 rupto
1260 2769 1407 2856 ibidem
1430 2805 1510 2885 quo
1527 2781 1633 2862 viam
1726 2870 1734 2888 .

137 2901 142 2908 '
199 2887 275 2974 srbi
291 2911 400 3000 parat
417 2882 650 2990 ulcusculo,
674 2885 754 2968 stne
771 2883 1021 2997 epidermidis
1042 2879 1202 2997 pustula.
1228 2885 1418 2970 Excretio
1437 2917 1511 3002 pro
1527 2887 1635 2974 lum-

199 2999 306 3086 brici
331 2997 602 3111 magnitudine
619 3005 674 3081 &
695 3023 918 3081 maturitate
938 2999 1097 3102 citiori,
1122 3002 1207 3079 tiam
1230 2999 1300 3080 srtu
1323 3006 1362 3081 bt
1384 2996 1486 3083 loco
1511 3030 1633 3114 gene-

199 3114 366 3198 rationis
384 3114 514 3218 vario,
536 3114 758 3225 promptior
778 3112 850 3215 est,
873 3136 939 3193 aut
959 3107 1131 3192 brevior.
1152 3109 1264 3192 Raro
1283 3113 1406 3192 statim
1428 3121 1469 3195 dt
1496 3118 1632 3222 vivus,

197 3223 337 3338 sapitas
356 3223 514 3329 sensam,
539 3224 691 3307 dierum
715 3226 873 3324 circiter
895 3221 1035 3304 decern
1056 3219 1288 3328 intervallo,
1309 3221 1503 3309 educitur.
1525 3226 1634 3310 Om-

199 3341 316 3422 nium
335 3333 553 3420 sclicissrme
572 3335 770 3448 egreditur
791 3336 857 3446 qui
879 3333 1054 3417 scrotum
1074 3332 1142 3415 fibi
1166 3363 1239 3448 pro
1262 3335 1354 3422 sede
1372 3335 1516 3450 elegit,
1542 3369 1636 3422 narn

200 3453 318 3536 hunc
349 3445 467 3532 barbi
502 3446 636 3532 exerti
662 3451 798 3532 vivum
830 3443 942 3529 illicit
971 3445 1107 3530 eduxit
1136 3447 1380 3558 Kempfaerus
1395 3511 1409 3554 ,
1440 3479 1559 3557 quem
1591 3455 1635 3534 in

200 3561 316 3647 hisce
337 3559 613 3666 exscribimus,
636 3561 718 3644 stne
737 3558 882 3656 dolore
902 3567 943 3641 δι
971 3555 1168 3670 purulenti
1192 3556 1333 3642 ulceris
1355 3558 1636 3648 incommodo,

201 3677 257 3760 In
282 3700 418 3778 crure,
439 3667 506 3755 aut
528 3671 723 3776 brachio,
747 3670 814 3754 vel
836 3699 918 3751 non
937 3668 1107 3751 multum
1126 3669 1313 3782 dispersus
1337 3669 1483 3779 latens,
1507 3672 1572 3756 vel
1591 3678 1635 3758 io

200 3815 350 3899 gyrum
373 3781 533 3867 volutus
548 3846 575 3889 „
597 3811 680 3864 non
709 3781 923 3867 admodum
947 3779 1139 3886 moleste,
1167 3782 1252 3863 imo
1275 3791 1357 3866 uno
1383 3787 1478 3866 nixu
1503 3813 1637 3869 extra·

199 3902 328 3984 hitur.
360 3896 423 3996 Ex
446 3895 601 3979 femore
627 3901 669 3977 be
688 3891 790 3977 ulnis
811 3896 954 4006 pariter
986 3922 1068 3975 non
1091 3893 1255 3976 difficile
1287 3899 1369 3978 exit
1392 3929 1404 3995 3
1432 3897 1504 3978 litu
1527 3928 1575 3979 va
1605 3924 1636 3980 o

203 4005 427 4123 ligamenta
458 4008 568 4124 pedis
606 4004 814 4092 involvens
847 4035 993 4120 magno
1020 4003 1159 4088 labore
1187 4009 1361 4112 eruitur,
1391 4006 1501 4090 moral
1525 3928 1603 4091 viri

206 4120 311 4206 licet
327 4125 469 4235 viginti
479 4183 496 4228 ,
517 4117 585 4204 vel
604 4119 769 4234 amplius
789 4118 939 4202 dlerum
965 4117 1210 4223 excluditur,
1227 4148 1321 4200 curn
1342 4117 1435 4201 tabo
1456 4119 1640 4227 quotidie

201 4232 404 4347 copioso,
424 4259 651 4346 magnoque
666 4233 756 4344 aegri
776 4229 930 4315 dolore.
954 4231 1002 4314 ld
1021 4233 1138 4313 etiam
1167 4234 1327 4332 evenit,
1360 4231 1387 4311 li
1412 4230 1635 4344 importuni

201 4375 328 4431 manu
357 4349 540 4430 attralius
564 4369 776 4459 rumpatur.
802 4340 913 4425 Rum
927 4345 955 4450 Ιἰ
980 4367 1110 4424 autern
1138 4341 1385 4426 &recedere
1410 4345 1639 4456 contingit,

205 4459 241 4543 sr
258 4455 480 4570 ligamentis
500 4454 616 4542 valde
631 4454 856 4570 implicetur
863 4517 877 4559 ,
902 4373 940 4536 li
951 4450 1129 4562 subjediis
1150 4453 1322 4566 partibus
1346 4454 1535 4540 adhaereat
1554 4455 1643 4540 for-

203 4573 329 4676 titer,
358 4572 386 4651 sr
413 4567 570 4682 longius
598 4571 708 4654 distet
734 4567 897 4650 extensow
922 4563 1130 4648 volumine
1153 4563 1200 4646 ab
1231 4567 1356 4649 exitsrs
1382 4572 1540 4680 puncio.
1574 4571 1635 4652 Ita
1677 4637 1679 4640 .

204 4705 257 4764 ut
280 4686 351 4764 tria
372 4684 455 4766 hac
477 4681 588 4792 ipsuis
608 4683 758 4765 exitum
777 4704 1000 4783 morentur,
1021 4676 1262 4792 implicatio,
1283 4676 1470 4785 adhaesro,
1488 4683 1642 4790 magni·

202 4790 310 4877 tudo
335 4798 377 4875 dt
401 4795 597 4905 porrectio
615 4795 761 4884 tontis
782 4819 865 4904 quae
888 4787 1098 4903 aliquando
1120 4788 1221 4876 adeo
1241 4788 1385 4907 longa,
1404 4816 1449 4877 ut
1471 4793 1643 4907 geminat

250 4951 303 5028 ta>
323 4954 350 5034 s·
371 4964 406 5034 a·

1595 4035 1703 4092 e·'
