4186 5908
446 437 526 513 rsa
888 405 1012 494 D'El
1049 404 1115 493 ’Μ
1142 403 1187 496 0
1213 403 1430 502 ltere

439 569 496 656 ad
527 569 775 656 Avicennam
811 566 968 683 usque,
1010 570 1096 656 imb
1129 571 1246 656 etiam
1280 567 1329 657 ab
1358 567 1445 688 Hip
1474 590 1611 656 ocrate
1631 563 1884 682 ‘designatam

443 676 663 790 judicamus
678 744 693 789 ,
708 681 784 796 sub
807 684 907 798 ignis
927 686 1076 768 externi
1098 684 1309 770 &tumoris
1329 593 1635 796 idiosdnomine
1664 708 1677 781 ς
1703 676 1883 789 quamvis

446 793 653 908 erysipelas
687 791 810 907 vulgb
849 792 897 877 ab
935 793 1186 909 Hippocrate
1223 799 1344 882 inter.
1361 796 1442 906 sym
1473 817 1623 878 tomara
1652 788 1880 904 relegetur,

444 905 703 1017 Galenusque
724 913 790 1012 (a)
807 910 1041 1020 preceptori
1070 907 1142 992 suo
1168 910 1400 994 consentiat.
1467 913 1578 992 erbm
1604 900 1753 988 malum
1779 897 1883 990 illud

440 1049 517 1136 per
539 1020 580 1104 se
604 1019 754 1124 existit,
783 1027 826 1104 dt
850 1044 938 1102 utut
960 1023 1112 1102 minora
1134 1050 1239 1134 aegro
1265 1029 1306 1106 ἃ
1331 1020 1499 1105 Medico
1520 1018 1666 1102 fastidia
1678 1017 1880 1120 intentet,

443 1136 573 1228 minius
589 1128 753 1216 mobile
781 1131 827 1216 stt
839 1195 853 1237 ,
878 1127 1018 1216 minias·
1032 1135 1073 1214 in
1093 1130 1419 1246 symptomatibus
1440 1127 1649 1237 variabile,
1671 1130 1744 1212 arti
1765 1127 1884 1214 cedat

443 1244 599 1336 facilius
615 1241 734 1356 quiam
753 1242 982 1358 erysipelas,
1009 1271 1077 1327 aur
1090 1245 1462 1360 symptomaticum,
1482 1241 1549 1330 aut
1564 1246 1748 1328 criticum
1768 1271 1781 1341 ;
1806 1237 1883 1322 ali·

444 1358 605 1472 quando
626 1383 758 1443 tamen
786 1355 1048 1469 symptomata
1072 1360 1225 1442 invehit
1247 1357 1501 1444 nihilominbs
1525 1356 1798 1458 vehementia,
1824 1351 1883 1438 fe·

444 1463 1881 1586 brem,phlysloenas;atineodiffertaberysrpelatolisacutisaffesiibus,

446 1583 557 1697 qubd
582 1611 652 1698 per
677 1583 716 1666 se
743 1599 949 1689 naturam,
978 1583 1048 1666 nist
1078 1609 1159 1670 arte
1185 1581 1411 1697 praeposteri
1440 1585 1623 1668 coaslum
1636 1645 1650 1687 ,
1677 1607 1880 1688 nunquam

441 1723 603 1802 mutet,
627 1693 736 1805 qubd
756 1698 949 1808 ¹corporis
973 1694 1195 1780 funssioncs
1220 1724 1303 1778 non
1330 1695 1573 1810 pessumdet,
1602 1691 1712 1808 qubd
1736 1689 1881 1776 diuriba

444 1813 586 1924 perstet
609 1805 734 1918 quam·
754 1806 916 1920 simplex
940 1807 1146 1940 deputatio
1171 1805 1363 1923 postulare
1386 1808 1577 1892 videatur.

501 1923 607 2005 Mox
627 1923 820 2003 oriturum
840 1919 1025 2033 praecedit
1045 1921 1197 2035 semper
1218 1919 1347 2031 aliqua
1367 1919 1515 2006 febrilis
1539 1921 1738 2024 anxietas,
1764 1912 1884 2000 dolo·

445 2033 584 2143 resque
605 2034 805 2122 urt'uuoru'
823 2029 958 2142 quales
980 2036 1022 2116 in
1041 2035 1205 2118 homine
1222 2033 1439 2118 sentiuntur
1465 2035 1530 2117 cui
1557 2031 1696 2116 sanitas
1719 2027 1884 2114 vacillat

445 2143 817 2260 perspiratoriusquc
849 2147 994 2236 humor
1030 2147 1216 2232 cobbione
1251 2144 1452 2232 debilitata
1486 2143 1701 2260 suppressus
1733 2143 1800 2226 est.
1842 2144 1884 2226 A

444 2261 574 2373 parvis
599 2259 746 2369 incipit·
764 2252 1055 2346 maluminitiis
1068 2304 1084 2364 ,
1097 2304 1100 2312 ·
1114 2287 1210 2342 mox
1236 2259 1457 2371 grandescit
1484 2257 1611 2362 illud,
1641 2263 1683 2341 bc
1709 2257 1883 2340 maxima

446 2395 620 2484 occupat
643 2369 791 2482 spatia,
821 2397 904 2452 non
928 2371 1008 2460 stne
1033 2367 1291 2479 subjeibarum
1318 2374 1495 2486 partium.
1508 2395 1665 2454 tumore
1687 2395 1882 2452 arearum·

446 2508 525 2591 que
546 2483 648 2568 cutis
667 2484 708 2564 in
726 2479 888 2594 granula
908 2484 1206 2570 tumefailarum
1222 2484 1377 2571 duritie.
1397 2485 1518 2568 Circa
1532 2509 1709 2598 caputac
1725 2476 1884 2566 collum

445 2598 731 2706 thoracemque
753 2595 885 2710 saepibs
910 2592 1041 2702 saevit,
1064 2595 1200 2708 ibique
1229 2595 1340 2684 calor
1366 2596 1596 2712 persentitur
1625 2594 1852 2711 pautiorius
1863 2651 1880 2700 ,

445 2735 540 2792 cum
598 2709 768 2793 ravitatis
798 2704 1016 2795 dolorificae
1047 2709 1172 2794 sensu.
1209 2711 1321 2794 siin
1352 2737 1470 2826 caput
1500 2705 1736 2813 decumbat,
1766 2703 1880 2790 oculi

442 2818 581 2932 sapic
620 2819 815 2926 adeatur,
838 2816 1031 2907 livescunt
1046 2825 1150 2933 quast
1173 2823 1360 2937 sanguine
1383 2823 1507 2908 effirso
1533 2818 1744 2935 palpebra,
1768 2815 1880 2904 tensa

446 2936 557 3018 circa
582 2929 829 3046 cartilagines
848 2935 999 3021 aurium
1016 2938 1117 3024 cutis
1134 2935 1247 3022 dolet
1268 2937 1433 3041 eximie,
1458 2959 1734 3043 retorquentur
1751 2929 1881 3038 labia,

444 3043 581 3156 ibique
616 3043 847 3159 phlycloena't
883 3044 1229 3158 agglomerantur,
1266 3045 1359 3162 gula
1396 3044 1520 3132 dolet.
1556 3046 1728 3138 Jaetatur
1760 3041 1882 3130 anxie

446 3183 572 3270 eger,
595 3163 641 3242 bt
668 3162 774 3242 circa
803 3161 963 3242 nossem
992 3162 1060 3270 qui
1088 3187 1191 3244 attus
1224 3187 1425 3276 occupant
1453 3158 1643 3264 dolores,
1673 3156 1880 3248 recrudes-

446 3296 579 3370 cunt3
608 3268 712 3380 unde
746 3297 846 3382 eger
880 3270 1067 3355 insomnis
1097 3270 1222 3356 calori
1255 3275 1421 3358 astuanti
1449 3273 1558 3358 addit
1588 3272 1882 3384 imaginationis

444 3407 656 3468 tormenta.
694 3379 793 3490 Qub
815 3385 1088 3468 vehementius
1114 3384 1288 3491 malum,
1311 3389 1364 3471 eb
1383 3387 1502 3470 ctiam
1555 3386 1682 3468 ravius
1705 3385 1759 3467 est
1771 3445 1785 3488 ,
1812 3381 1883 3468 sed

443 3493 615 3582 brevius.
655 3493 898 3583 Diuturnum
929 3497 982 3580 est
1013 3496 1121 3606 quod
1157 3494 1284 3583 lenius
1312 3500 1501 3583 adoritur.
1527 3415 1648 3582 llarb
1675 3521 1808 3579 tamen
1837 3497 1882 3580 in

445 3635 618 3694 mortem
647 3609 875 3698 terminatur
888 3671 910 3713 ‚.
926 3610 996 3692 nist
1022 3607 1077 3694 ab
1103 3609 1149 3695 el
1175 3609 1347 3726 pendeat
1368 3607 1484 3696 causi
1508 3639 1592 3720 quae
1612 3609 1730 3722 poffit
1750 3633 1880 3692 retro-

446 3718 558 3837 pelli.
586 3719 706 3804 Tunc
735 3724 841 3804 enim
861 3719 884 3809 ὲ
908 3719 1170 3812 nobilioribus
1199 3723 1412 3810 visceribus
1440 3721 1592 3808 nullum
1619 3723 1672 3806 est
1700 3723 1741 3804 in
1768 3719 1882 3832 quod

446 3863 530 3920 non
557 3833 673 3948 poffit
698 3838 884 3918 atrociter
908 3832 1079 3949 deponi,
1104 3835 1209 3920 unde
1237 3835 1327 3920 ante
1348 3839 1482 3920 omnia
1504 3835 1625 3920 causae
1647 3829 1883 3918 studendum

448 3949 501 4036 est
520 3976 604 4057 quae
622 3943 683 4030 sol
803 3946 956 4058 gnostm
979 3947 1087 4031 sacit.
1110 3947 1229 4034 Hanc
1252 3947 1357 4034 undb
1375 3949 1556 4034 videmus
1573 3946 1650 4032 elle
1671 3953 1711 4030 bt
1736 3943 1883 4062 obscu-

448 4061 593 4143 riorem
631 4067 673 4145 bt
737 4087 747 4139 1
795 4055 976 4143 ciliorem
1011 4058 1186 4174 diagnost
1221 4089 1340 4172 quam
1375 4058 1517 4148 oculus
1552 4059 1661 4144 hisce
1690 4061 1734 4146 in
1763 4057 1880 4146 rebus

447 4175 682 4257 exercitatus
699 4169 824 4256 solam
844 4169 952 4266 facit.
1557 4213 1561 4220 ·
1681 4225 1702 4266 .

448 4339 455 4352 ·
506 4283 697 4368 Finientis
719 4281 1002 4398 eryfipelansfi
1033 4315 1083 4368 na
1107 4285 1201 4372 dant
1225 4283 1352 4372 laxior
1372 4286 1474 4370 cutis
1502 4281 1658 4370 habitus
1671 4348 1686 4391 ,
1719 4279 1882 4394 ejusque

451 4390 572 4480 rubor
596 4391 673 4500 jam
700 4396 908 4492 nonadeb
930 4400 1000 4485 niti
1056 4430 1098 4502 s,
1126 4399 1194 4484 sed
1225 4397 1274 4487 ad
1301 4397 1444 4484 flavum
1470 4395 1702 4506 declinans,
1729 4399 1883 4505 squam·

449 4503 646 4592 mularum
668 4511 858 4634 apparitio
883 4507 904 4590 b
927 4506 1095 4614 sejuncta
1111 4510 1380 4627 epidermide;
1401 4539 1484 4594 uno
1498 4509 1651 4615 verbo,
1682 4507 1883 4596 erethismi

455 4615 615 4704 cessatio
640 4649 749 4725 cujus
776 4624 892 4705 etiam
919 4621 1071 4732 fignum
1092 4627 1132 4708 in
1155 4628 1274 4710 urinis
1298 4621 1542 4734 cralstoribus
1564 4622 1721 4734 alvique
1740 4649 1881 4710 excre-

451 4733 594 4820 mentis
609 4734 792 4844 reperies,
807 4760 851 4818 ut
866 4741 908 4820 bt
923 4734 965 4840 ip
979 4733 1153 4824 molliori
1166 4738 1574 4856 partiumcutisetiam
1587 4733 1637 4824 ab
1651 4731 1883 4850 erysipelate

490 4877 550 4954 (a)
573 4871 620 4934 De
641 4867 761 4936 Debuit.
781 4871 871 4960 Hipp.
892 4893 1003 4942 votum.
1741 4949 1747 4958 1

1669 4985 1885 5048 vacuarum
