4246 5900
418 448 450 550 4
671 433 769 522 on
825 427 1140 520 moeurs
1200 429 1619 521 corruere.

425 595 712 718 epidermidem
731 598 888 686 duobus
916 597 1001 682 aliis
1026 596 1369 713 superextensam,
1400 605 1441 684 br
1467 597 1554 684 illas
1581 578 1866 708 amicienremf,

347 737 350 742 ’
426 743 478 802 ne
500 739 568 798 aut
588 741 845 801 externorum
864 739 1079 826 corporum
1102 712 1289 798 occur-sus
1302 775 1316 820 ,
1342 739 1410 797 aut
1433 713 1515 827 ipsa
1538 713 1747 798 necessaria
1767 715 1866 798 aeris

425 831 482 913 im
510 827 625 913 ressro
637 827 862 915 tenuiffimo
881 826 1043 910 donatas
1058 825 1168 910 sensu
1189 853 1317 941 partes
1332 824 1446 910 laedat
1463 834 1506 910 br
1519 825 1688 911 vividius
1705 827 1865 912 afficiat.

482 859 733 1056 llpidermis,
756 941 779 1026 ὲ
803 937 1058 1050 squammulis
1084 939 1216 1052 potiiu
1243 941 1361 1049 quim
1384 935 1553 1023 lamellis
1579 937 1648 1023 srbi
1672 940 1866 1054 superpo-

425 1056 505 1138 fitis
530 1052 791 1139 membraneis
816 1055 1018 1158 conflata,
1042 1077 1088 1135 ut
1107 1053 1283 1137 exterior
1308 1049 1378 1133 ille
1400 1051 1587 1133 arborum
1612 1080 1781 1160 cortex,
1803 1055 1869 1137 fir-

425 1170 543 1251 miter
573 1170 657 1252 cuti
688 1167 857 1250 adhaerer
889 1172 931 1250 bt
960 1166 1030 1276 ipsr
1061 1164 1320 1264 adneiiitur3
1351 1191 1436 1245 non
1465 1187 1600 1250 tamen
1628 1167 1730 1250 adei>
1755 1167 1868 1251 firma

424 1279 549 1396 ipsam
571 1279 765 1365 nascentis
813 1280 917 1384 ueri,
940 1304 1007 1362 aut
1027 1307 1125 1361 mox
1146 1277 1331 1360 nascituri
1351 1275 1472 1360 foetris
1492 1279 1577 1360 cuti
1591 1276 1753 1362 vincula
1766 1307 1868 1361 con-

425 1397 599 1478 netiunt.
628 1390 752 1478 Velut
771 1309 841 1475 illa
894 1388 1088 1476 elatinoso
1117 1389 1446 1507 superponeretur
1467 1391 1620 1497 textui,
1645 1391 1802 1476 viderur
1824 1393 1868 1478 in

426 1534 519 1594 cute
539 1503 707 1591 titubare
727 1512 769 1590 bt
787 1421 999 1613 vacllare,
1019 1535 1040 1589 a
1070 1531 1257 1619 patetque
1281 1505 1465 1589 artentiiu
1485 1512 1529 1589 br
1548 1505 1744 1590 vitrorum
1765 1507 1869 1620 opti-

425 1648 568 1704 corum
590 1646 669 1732 ope
694 1647 824 1703 rerum
847 1645 1024 1703 naturam
1042 1535 1249 1725 lustranti,
1270 1616 1319 1704 ab
1340 1615 1423 1734 ipsi
1443 1645 1538 1703 cute
1554 1628 1624 1733 per
1638 1643 1867 1704 tomentum

423 1731 513 1820 leve
539 1739 581 1816 bt
608 1758 748 1838 tenue,
774 1732 985 1844 forsanque
1006 1731 1255 1819 vasculosum
1269 1795 1283 1838 ‚
1298 1732 1475 1848 separari
1497 1742 1538 1817 &
1564 1728 1725 1846 sejungi.
1753 1731 1868 1816 Hinc

421 1849 464 1931 in
493 1842 698 1929 morbidis'
720 1853 763 1930 br
796 1843 1076 1961 languentibus
1109 1844 1324 1930 infantibus
1387 1849 1516 1930 uoties
1548 1845 1758 1960 epidermis
1795 1841 1868 1927 sub
1979 1925 1984 1935 ,

422 1958 554 2044 sarinae
579 1956 710 2042 forma
735 1957 901 2046 solvitur
913 2023 929 2069 ,
956 1966 1077 2048 toties
1101 1959 1317 2044 renascitur
1334 1875 1416 2044 illa.
1443 1958 1560 2044 Unde
1584 1987 1667 2043 non
1694 1958 1869 2072 imperiti

422 2099 555 2156 rerum
578 2075 912 2181 anatomicarum,
935 2082 976 2157 δι
1003 2099 1094 2160 ante
1119 2072 1219 2158 alios
1243 2069 1441 2158 Riolanue
1454 2134 1469 2179 ,
1496 2070 1747 2186 epidermidis
1769 2069 1868 2156 duaa

420 2181 599 2382 lamsss
624 2211 858 2294 numerant,
882 2190 1123 2276 exteriorem
1149 2215 1299 2292 unam,
1325 2184 1445 2269 facile
1467 2214 1511 2270 re
1538 2182 1755 2290 arabilem,
1781 2181 1868 2265 sor-

421 2297 490 2381 rliu
573 2297 754 2383 rassarum
772 2329 856 2412 quae
874 2297 898 2384 ir
913 2328 1006 2386 cute
1022 2301 1234 2388 eraduntur
1253 2301 1480 2413 originem,
1499 2216 1684 2383 lxiorem
1702 2294 1868 2382 alteram

422 2417 467 2496 bt
492 2413 576 2494 cuti
600 2415 831 2527 propiorem
856 2412 1002 2520 &ejus
1028 2414 1332 2498 constitutivam.

478 2526 537 2608 At
563 2523 755 2611 distiniiio
791 2551 910 2637 atque
938 2526 1078 2612 divisro
1114 2524 1184 2610 illa
1223 2523 1406 2609 subtilior
1445 2519 1550 2608 forte
1584 2519 1767 2606 habenda
1798 2522 1866 2608 est.

421 2635 523 2720 Non
556 2640 662 2721 enim
699 2668 778 2730 una
805 2664 872 2722 aut
903 2636 1024 2724 altera
1054 2637 1216 2722 lamella
1243 2637 1513 2750 distinguenda
1540 2635 1592 2718 est
1606 2694 1621 2741 ,
1653 2632 1720 2717 sed
1749 2658 1795 2719 ut
1823 2637 1866 2716 in

420 2746 610 2834 arborum
633 2755 824 2838 exteriori
848 2753 1030 2858 cortice,
1055 2747 1186 2865 plures
1208 2747 1458 2834 admittenda
1481 2747 1570 2831 sunt
1592 2776 1757 2858 quarum
1781 2743 1868 2861 plu·

419 2863 527 2946 rimat
556 2864 720 2976 impunb
748 2864 965 2960 decidant;
990 2865 1179 2974 proximae
1201 2863 1286 2942 cuti
1313 2859 1468 2944 sensum
1488 2862 1708 2947 acutiorem
1728 2857 1751 2941 l
1771 2885 1865 2944 cute

419 2997 677 3080 mutuantur,
696 2976 780 3057 imo
801 2981 842 3056 δι
865 2971 977 3056 erasae
998 2971 1235 3056 tenuissimae
1253 2973 1432 3056 humoris
1457 2970 1629 3086 guttulas
1648 2974 1864 3079 emittunt,

418 3082 513 3168 inde
535 3081 625 3168 vasa
649 3080 800 3191 judicer
829 3083 879 3169 ad
907 3083 1030 3194 usque
1055 3081 1345 3199 epidermidem
1366 3085 1578 3202 protendi,
1604 3083 1715 3195 quod
1743 3088 1866 3168 etiam

415 3193 624 3282 laboriosis
651 3197 765 3282 srmul
795 3206 838 3283 br
867 3193 1122 3282 subtiliffimis'
1147 3194 1424 3302 injetiionibus
1457 3201 1555 3282 mihi
1583 3195 1865 3282 demonstravit

418 3306 648 3396 clariffimus
666 3307 827 3426 collega
845 3307 1075 3424 Desqemet.
1092 3309 1202 3394 Nam
1218 3340 1303 3422 quae
1319 3337 1410 3398 ante
1424 3311 1551 3426 ipsum
1568 3305 1862 3425 promulgarat,

419 3452 504 3508 non
515 3423 773 3540 descripserat
786 3429 826 3507 in
845 3453 869 3510 e
895 3423 1089 3508 idermide
1106 3423 1195 3509 vasa
1213 3425 1435 3542 Chirurgus
1449 3421 1745 3521 Sciat-Andre,
1765 3425 1865 3509 huc·

419 3537 544 3646 usque
564 3567 638 3653 pro
660 3535 848 3622 fabulosis
870 3456 1004 3622 lrabim
1022 3538 1189 3623 fuerant.

473 3647 537 3734 Ex
564 3654 625 3734 his
650 3649 873 3766 intelligere
894 3653 947 3737 est
972 3651 1082 3764 quod
1094 3712 1109 3759 ,
1138 3657 1230 3736 clrm
1255 3648 1304 3736 ab
1332 3647 1517 3736 omnibus
1542 3648 1700 3736 aliunde
1720 3647 1864 3764 vulga-

418 3789 506 3848 rum
529 3762 617 3847 satir
641 3763 760 3848 suerit
773 3828 788 3873 ,
814 3763 1047 3851 lexissrrnam
1070 3762 1093 3850 a
1119 3763 1235 3852 nobis
1261 3765 1431 3878 postulat
1454 3766 1739 3868 attentionem,
1765 3791 1865 3872 quo-

419 3875 547 3960 modb
581 3876 800 3964 addensatis
835 3904 953 3992 atque
992 3880 1174 3996 appressrs
1208 3877 1462 3995 epidermidis
1500 3877 1655 3960 laminis
1688 3876 1865 3960 oriantur

422 3985 543 4096 calli,
567 4019 643 4077 nec
664 3990 790 4076 ullum
807 3991 915 4078 aliud
930 3990 1163 4079 adderemus
1181 3993 1232 4078 de
1248 3990 1521 4107 epidermide,
1543 3989 1614 4072 nist
1637 3988 1687 4072 de
1710 3983 1861 4070 morbis

420 4106 597 4188 cucaneis
619 4107 834 4194 tractaturis
856 4108 938 4192 duo
988 4105 1155 4223 racipub
1181 4109 1289 4192 circa
1310 4103 1421 4190 illam
1443 4102 1616 4191 notanda
1639 4101 1724 4186 srnt.

483 4213 539 4302 1⁰.
568 4215 736 4302 Scilicet
762 4137 1046 4336 epidermirlem
1059 4282 1076 4329 ,
1101 4223 1202 4306 cutis
1227 4227 1270 4304 br
1318 4217 1501 4305 licaturaa
1523 4225 1566 4302 br
1590 4214 1784 4300 foramina
1806 4213 1861 4302 ita

419 4325 622 4414 subire&
654 4331 873 4442 consequi,
901 4362 947 4421 ut
974 4331 1043 4420 illa
1074 4337 1116 4418 in
1143 4249 1317 4420 denual
1345 4329 1591 4451 epidermide
1624 4351 1862 4412 annotentur

420 4435 540 4526 sacili
552 4502 566 4548 ,
589 4469 839 4644 pronumtpue
865 4447 910 4530 srt
933 4449 1071 4532 harum
1093 4477 1223 4533 rerum
1247 4451 1376 4564 perito
1399 4447 1483 4534 visai
1508 4440 1751 4559 epidermide
1773 4467 1860 4556 pro

421 4555 625 4664 nuntiare,
649 4586 699 4645 ex
720 4589 771 4672 qu
817 4562 919 4645 cutis
940 4587 1050 4675 parre
1070 4562 1190 4650 fuerit
1209 4562 1391 4648 detrabia.

477 4665 537 4752 2⁰.
557 4671 668 4756 Verb
686 4673 795 4785 qubd
809 4675 838 4760 st
853 4673 1136 4790 epidermidem
1154 4707 1237 4788 quae
1256 4672 1477 4810 inspicienti
1495 4672 1735 4780 siccantque
1753 4665 1860 4753 arida

420 4809 445 4868 a
472 4809 608 4900 paret,
635 4790 743 4872 vitro
766 4815 935 4874 armatus
960 4818 986 4875 o
1015 4791 1100 4876 rico
1125 4788 1366 4896 lustraveris,
1392 4787 1462 4871 illa
1489 4783 1564 4870 tibi
1609 4785 1688 4869 uasr
1710 4783 1861 4868 vernice

418 4813 591 4986 oldut-,ra
611 4900 835 5016 videbitur,
863 4821 1093 5020 splenrlente
1124 4931 1242 5018 atque
1271 4899 1435 5020 oleosi,
1462 4928 1541 4988 nec
1626 4929 1648 4986 a
1674 4890 1857 5018 porcilli
