4246 5900
495 435 549 547 48
739 432 820 522 DE
873 431 1190 522 MORBIS
1250 431 1651 577 CUTAN'EIS⁷
1709 455 1712 464 ’

496 604 598 686 cutis
625 599 816 686 efficiunt.
838 599 947 684 Hinc
971 589 1029 681 illi
1055 599 1214 684 assessus
1239 595 1262 682 i
1283 596 1434 685 tetend
1449 597 1729 715 perspiratione
1751 601 1924 712 pendere
1943 683 1947 698 ,

494 715 576 800 dici
596 715 774 829 possunt,
794 711 903 822 cujus
926 716 1054 795 rursus
1072 715 1168 798 vitia
1189 740 1296 796 nunc
1316 711 1337 794 ir
1361 715 1591 798 cossionum
1610 712 1763 798 defeeu
1775 776 1791 821 ,
1814 745 1924 801 nunc

493 825 543 912 ab
560 830 708 946 impetu
725 825 885 910 aliarum
902 823 1101 907 causarum
1120 823 1204 932 jure
1218 827 1361 910 merito
1381 852 1618 940 repetentur.

548 943 653 1024 Atsr
677 967 726 1024 ex
748 942 829 1023 hoc
854 941 1022 1046 humore
1044 940 1111 1047 qui
1136 941 1176 1020 in
1194 935 1428 1021 morborum
1451 965 1815 1023 cutaneorumortu
1836 972 1931 1026 ma«.

493 1057 618 1139 ximas
641 1079 767 1168 partes
784 1057 865 1167 agit
883 1048 1103 1134 deseramur
1126 1049 1175 1132 ad
1199 1047 1322 1155 alios,
1344 1054 1605 1165 principatum
1623 1048 1707 1158 jure
1726 1051 1924 1148 obtinebit

490 1167 645 1281 sanguis
676 1163 822 1272 ruber,
856 1191 925 1278 per
957 1163 1139 1247 arteriosa
1161 1189 1279 1273 atque
1297 1163 1444 1246 venosa
1463 1161 1553 1246 vasa
1577 1191 1767 1284 perpetuo
1791 1163 1921 1282 raptus

492 1282 547 1363 im
576 1306 655 1364 ctu.
677 1277 759 1362 Hic
777 1307 923 1360 novam
948 1278 1112 1357 omninb
1134 1273 1304 1358 sormam
1318 1272 1518 1360 affeetibus
1536 1274 1583 1360 ab
1609 1305 1660 1361 eo
1675 1278 1922 1364 nascentibus

493 1311 669 1496 inducit,
685 1416 867 1502 novaque
883 1379 1164 1501 phoenomena.
1175 1383 1332 1493 Majore
1347 1385 1541 1502 sanguinis
1553 1385 1670 1584 copis
1689 1389 1803 1474 rubet
1821 1397 1922 1477 cutis

491 1503 690 1612 juniorum
709 1567 722 1608 ,
747 1506 786 1583 in
801 1500 986 1593 violentis
1006 1503 1230 1605 exercitiis,
1254 1497 1428 1588 motibus
1441 1504 1600 1588 ‚enormi
1631 1534 1699 1608 us,
1717 1512 1759 1586 ὅ(
1774 1508 1813 1586 in
1828 1503 1922 1591 solis

492 1618 708 1731 potentiori
732 1613 1010 1719 irradiatione,
1043 1643 1125 1724 qua
1148 1615 1175 1695 sr
1201 1614 1334 1695 omnia
1354 1641 1434 1695 non
1466 1611 1628 1720 umbrb,
1649 1612 1921 1725 diluentibus,

490 1731 641 1842 frigidis
665 1725 867 1842 applicatis
879 1727 1081 1832 sanentur,
1098 1727 1165 1810 sed
1185 1724 1298 1807 causa
1317 1750 1535 1836 perennet,
1554 1753 1755 1811 vertuntur
1777 1731 1817 1814 in
1830 1733 1922 1841 eryss

452 1928 458 1941 ,
492 1840 649 1956 stpelas,
666 1867 732 1923 aut
751 1844 868 1922 etiam
884 1839 1014 1921 ansam
1033 1839 1127 1922 dant
1172 1835 1463 1951 hlegmonibus.
1486 1839 1545 1922 Ita
1559 1839 1655 1954 sape
1676 1837 1813 1952 puella
1829 1843 1924 1928 dum

492 1959 606 2039 nixus
634 1954 757 2037 edunt
781 1954 1061 2068 exspiratorios
1076 1869 1303 2056 violentos,
1333 1951 1438 2060 quast
1457 1948 1667 2057 injesiione
1688 1951 1814 2060 sasis,
1836 1957 1921 2040 tots

492 2068 597 2151 facie
615 2062 851 2172 rubescunt,
880 2068 948 2177 qui
973 2063 1119 2171 rubor,
1136 2092 1219 2148 non
1233 2063 1302 2146 nist
1321 2065 1405 2175 post
1427 2092 1575 2177 paucos
1601 2063 1684 2150 dies
1700 2065 1919 2154 resolvitur.

491 2179 608 2265 Unde
622 2206 758 2263 natum
777 2178 848 2262 ada
876 2182 957 2261 ium
979 2175 1203 2290 clysteribus
1221 2176 1363 2260 faciem
1384 2177 1546 2278 nitidam
1561 2179 1714 2262 servari.
1734 2180 1787 2262 Et
1814 2181 1921 2266 certe

491 2290 716 2376 universalis
728 2288 797 2375 illa
817 2210 999 2406 psetbora
1018 2323 1101 2402 qua
1122 2319 1190 2406 per
1211 2292 1343 2373 omnia
1367 2288 1455 2372 vasa
1476 2290 1672 2401 aqualiter
1691 2291 1921 2377 diffunditur

491 2407 533 2487 in
551 2403 782 2518 plethoricis
808 2431 924 2514 atque
949 2402 1167 2518 sanguineis
1190 2399 1561 2512 constitutionibus,
1589 2403 1684 2488 licet
1704 2432 1835 2490 cutem
1851 2435 1919 2488 ro-

490 2515 596 2601 seam
617 2517 792 2626 efficiat,
813 2521 1009 2602 minorem
1037 2516 1193 2601 confert
1214 2511 1435 2626 symbolam
1464 2515 1514 2599 ad
1544 2543 1731 2602 cutaneos
1754 2516 1917 2604 morbos

490 2629 766 2737 inducendos,
795 2629 913 2741 qudm
931 2628 1172 2742 particularis
1194 2625 1375 2741 plethora
1402 2625 1471 2711 illa
1493 2659 1576 2738 quae
1603 2629 1669 2715 vel
1689 2627 1710 2711 ὲ
1731 2628 1918 2714 determi-

490 2769 585 2828 nato
600 2746 641 2826 in
656 2770 806 2858 partem
821 2747 970 2855 impetu
990 2738 1190 2856 pendens,
1210 2738 1277 2838 vel
1296 2736 1343 2822 ab
1367 2737 1538 2846 ejusdem
1561 2739 1799 2858 retropulsu,
1812 2745 1917 2830 hanc

490 2851 652 2940 illamve
669 2855 821 2961 afficit,
845 2857 996 2938 intassis
1018 2859 1179 2940 cateris.
1207 2852 1317 2935 Hinc
1343 2850 1451 2936 nulla
1474 2855 1597 2938 estad
1621 2851 1783 2939 morbos
1804 2881 1918 2940 cuta-

490 2994 589 3050 neos
608 2968 834 3058 inferendos
855 2966 967 3047 causa
986 2966 1086 3049 adeo
1110 2969 1247 3070 ferax,
1267 2990 1384 3074 atque
1407 2967 1711 3052 hemorrhoides
1734 2992 1914 3078 retenta,

489 3104 559 3161 aut
580 3077 779 3192 suppressa
809 3109 892 3188 quae
918 3075 938 3160 ὲ
965 3076 1092 3192 longo
1115 3104 1297 3192 tempore
1317 3077 1588 3186 insueverant,
1611 3078 1678 3165 vel
1698 3082 1738 3161 in
1758 3080 1916 3166 seminis

490 3193 741 3274 menstruatio
761 3217 828 3278 aut
847 3190 1063 3306 suppressa,
1080 3220 1145 3279 aut
1161 3190 1334 3299 tardata,
1352 3219 1419 3278 aut
1435 3190 1570 3278 alienis
1582 3190 1773 3279 mensibus
1784 3221 1917 3278 erum-

517 3331 598 3390 ens.
1246 3343 1261 3366 ·

488 3333 516 3420 p
544 3419 723 3525 Verum,
761 3445 806 3504 ut
832 3418 879 3504 ab
899 3420 1251 3505 hamorrho'idibus
1271 3421 1489 3527 ordiamur,
1521 3451 1604 3531 quae
1624 3423 1778 3532 utrique
1805 3422 1914 3508 sexui

490 3559 749 3640 communes,
774 3559 913 3617 contra
936 3561 1111 3618 naturam
1135 3534 1294 3646 quidem
1319 3561 1554 3648 erumpunt,
1582 3560 1621 3617 at
1645 3533 1740 3649 sapb
1761 3533 1915 3621 salutari

488 3645 653 3754 effetas,
674 3643 749 3729 illae
763 3646 985 3761 pletboram
1004 3645 1296 3732 abdominalem
1316 3645 1475 3752 levant,
1499 3646 1750 3760 pendentque
1769 3676 1814 3731 ut
1824 3647 1914 3762 plu-

487 3761 675 3842 timiama
701 3762 828 3844 minias
852 3757 979 3845 libero
1004 3789 1073 3876 per
1098 3761 1187 3845 vasa
1209 3758 1473 3845 abdominalia
1503 3763 1681 3846 circuitu.
1703 3760 1812 3843 Hinc
1831 3787 1914 3846 non

487 3869 651 3987 simplex
671 3875 724 3958 est
748 3899 880 3956 earum
900 3877 1088 3975 intuitus3
1112 3879 1258 3958 etenim
1284 3873 1376 3958 dum
1402 3901 1511 3957 venae
1527 3872 1603 3955 illa
1623 3874 1672 3957 ad
1696 3902 1833 3956 cavam
1852 3877 1915 3958 in-

487 3984 674 4071 feriorem
694 3985 895 4100 sanguinei
918 3983 1044 4070 laticis
1065 3984 1245 4095 reliquias
1266 3986 1432 4072 serentes
1455 3987 1640 4098 stagnanti
1659 3983 1812 4095 liquido
1845 4015 1915 4072 ce·

489 4095 611 4206 dunt,
640 4102 791 4213 sgnum
815 4101 867 4182 est
892 4103 1060 4206 harere,
1089 4105 1131 4182 δι
1161 4097 1401 4210 aliquatenus
1430 4097 1570 4182 tardari
1595 4097 1787 4210 sanguinis
1807 4102 1914 4198 redi-

486 4233 574 4291 tum
606 4239 675 4324 per
706 4209 970 4298 abdominalia
1000 4212 1087 4295 vasa
1105 4243 1130 4310 ς·
1149 4211 1327 4322 adebque
1350 4213 1427 4295 srve
1456 4239 1525 4323 per
1553 4210 1915 4323 compressionem,

491 4322 570 4404 sive
589 4331 658 4436 per
677 4323 908 4435 infarssum,
929 4323 1110 4450 plethora
1123 4327 1218 4407 vasis
1239 4324 1346 4408 hisce
1365 4324 1527 4406 insertur
1537 4386 1552 4429 ,
1573 4325 1656 4405 imb
1673 4332 1715 4406 ὃ(
1733 4349 1915 4434 ruptura,

489 4429 565 4542 qus
594 4431 751 4547 rupturs
783 4440 875 4516 clun
912 4438 1072 4552 praesens
1109 4435 1256 4520 malum
1289 4434 1536 4543 sublevetur,
1574 4433 1686 4519 filent
1723 4433 1913 4550 plethora

489 4544 674 4652 effeetus,
699 4573 924 4632 remanente
946 4548 1091 4636 interes
1113 4549 1239 4635 causas.
1262 4551 1308 4634 In
1364 4576 1481 4634 euere
1506 4575 1636 4632 autem
1654 4576 1699 4632 ut
1716 4547 1914 4664 intelliga-

486 4683 550 4740 tur
573 4654 648 4769 qus
667 4665 819 4744 ratione
841 4664 1063 4776 repercussa
1078 4667 1319 4762 ,hamorrho'r‘
1347 4691 1387 4747 es
1410 4661 1551 4774 possrnt
1570 4669 1612 4745 dt
1632 4664 1732 4745 cutia
1757 4666 1851 4747 vitia
1871 4673 1913 4748 dt

488 4769 588 4854 alios
613 4770 776 4856 morbos
790 4773 933 4859 inferre
944 4836 958 4880 ,
979 4775 1029 4858 ad
1043 4777 1196 4858 causam
1221 4804 1355 4859 earum
1376 4774 1656 4858 attendendum
1677 4779 1749 4874 est;
1766 4775 1912 4860 sienim

490 4883 513 4968 a
532 4881 714 4999 pletlrotb
736 4883 820 4973 sols
839 4888 1058 5004 pendeant,
1078 4916 1122 4971 ut
1145 4888 1233 4972 sunt
1247 4884 1437 5001 pleraque
1451 4887 1685 5002 periodica,
1709 4919 1791 5000 qua
1810 4889 1915 5018 pers-

1725 5027 1920 5116 prranone

1548 5117 1568 5152 ἱ
