4188 5916
476 419 563 507 an
932 333 1469 492 nnmonffls

477 561 633 646 mercio
652 563 880 678 repudiatos
899 565 1111 680 pinxerunt
1129 597 1142 666 ς
1165 545 1258 650 cbm
1280 563 1419 651 nonni
1440 563 1550 680 lepra
1568 555 1772 678 AEgyptiis
1793 551 1918 646 tebes-

478 671 584 758 libus
603 677 760 810 inflisia
785 680 904 762 fuerit
931 707 1010 762 una
1043 677 1066 762 ὲ
1097 677 1223 796 plagis
1250 676 1392 793 quibus
1425 679 1538 764 Deus
1564 701 1727 791 gentem
1755 673 1916 762 infidam

472 839 477 846 ·
507 815 677 873 ercunrt.
903 843 910 850 -

474 818 505 1002 xp
536 903 686 985 Venim
714 904 812 988 curn
837 902 934 1016 saepe
963 905 1075 1012 Deus
1104 904 1209 1020 apud
1243 935 1295 1020 po
1324 902 1434 990 usum
1469 902 1539 1017 sibi
1568 901 1756 990 dfleetum
1785 900 1917 988 sontes

468 1011 589 1128 ‘septi
616 1014 729 1100 iliicb
755 1015 937 1102 afflixerit
957 1025 1042 1124 (o),
1072 1026 1113 1100 δι
1138 1015 1236 1102 sicet
1310 1019 1414 1102 edici
1440 1016 1570 1132 plures
1598 1016 1701 1130 apud
1725 1013 1883 1105 Judaeos
1897 1073 1912 1120 ,

478 1129 575 1211 teste
589 1127 700 1212 sacro
713 1128 925 1242 scriptore,
943 1129 991 1213 ab
1008 1135 1120 1214 omni
1132 1161 1216 1216 aevo
1227 1134 1447 1236 extiterint,
1464 1155 1596 1216 tamen
1612 1127 1719 1213 nulla
1734 1127 1913 1212 adversus

467 1237 630 1354 iepram
647 1241 1031 1328 medicamentorum
1051 1247 1124 1328 fiat
1135 1247 1315 1350 mentio,
1337 1243 1403 1328 [εά
1417 1239 1596 1350 totaejus
1610 1273 1695 1328 non
1711 1271 1826 1346 cura,
1846 1237 1912 1326 sed

475 1353 708 1461 mundatio,
721 1355 991 1442 sacerdotibus
1005 1358 1123 1442 suerit
1137 1357 1361 1463 commissa,
1376 1356 1585 1452 verisimile
1598 1354 1775 1471 pluribus
1787 1353 1912 1438 doctis

476 1467 581 1552 inter
609 1467 755 1554 retibus
775 1469 901 1554 visum
921 1471 997 1554 suit
1007 1533 1021 1578 ,
1042 1469 1190 1584 flagelli
1213 1470 1336 1555 divini
1355 1469 1467 1554 usum
1486 1470 1691 1583 prestitisse
1716 1465 1911 1554 Hebraeo·

476 1607 567 1664 tum
582 1497 735 1696 iepram
745 1645 759 1690 ,
780 1613 863 1668 non
875 1583 1101 1670 tentandam
1117 1582 1436 1690 medicamentis,
1454 1582 1521 1668 sed
1535 1581 1718 1698 precibus
1731 1591 1773 1666 δι
1786 1584 1911 1693 poeni-

468 1693 600 1778 tentiis
611 1696 874 1782 avertendam.
891 1697 1043 1810 Quod,
1057 1698 1126 1782 etsi
1144 1725 1226 1782 non
1239 1697 1393 1810 semper
1411 1723 1550 1780 verum
1566 1692 1715 1780 fiiisseai
1759 1693 1910 1776 lurirnis

476 1793 768 1923 domentiam,
792 1815 925 1924 negati
944 1837 1079 1898 tamen
1097 1841 1181 1894 non
1198 1813 1323 1925 potest
1342 1809 1553 1920 aliquandi)
1568 1807 1707 1894 ordine
1727 1725 1908 1918 iugulari

475 1918 637 2025 divino,
655 1919 693 2004 le
722 1951 806 2003 rant
827 1928 869 2006 in
892 1953 1061 2039 corpora
1081 1949 1206 2038 poenae
1231 1924 1384 2009 addina
1404 1921 1616 2027 decidisse,
1638 1947 1682 2007 ut
1702 1919 1838 2034 paffim
1860 1945 1908 2002 ex

463 2033 663 2116 «historico
690 1951 800 2118 sicto
828 2035 1036 2123 deducitur
1049 2097 1065 2143 ,
1093 2065 1259 2146 eamque
1283 2041 1412 2120 tursbs
1438 2034 1569 2120 divini
1593 2036 1734 2150 pariter
1759 2029 1906 2116 miseri-

468 2142 615 2228 .cordiai
632 2145 874 2235 mundatam.
894 2151 1042 2233 Verirm
1059 2178 1106 2232 an
1121 2147 1257 2234 reveri
1270 2151 1373 2234 inter
1385 2147 1549 2235 morbos
1566 2175 1757 2233 cutaneos
1774 2171 1906 2230 recen·

472 2255 594 2340 senda
608 2261 654 2342 stt
665 2257 775 2373 iepra
793 2259 884 2367 illa,
902 2291 959 2346 an
974 2263 1256 2348 tantbmmodb
1280 2293 1353 2377 pro
1375 2259 1634 2377 plagidivini
1657 2256 1841 2346 habenda
1857 2255 1903 2342 ab

458 2373 725 2565 -exgosttione
742 2370 824 2479 ejus
841 2374 1148 2491 symptomatum
1166 2373 1321 2464 facilius
1347 2380 1422 2460 erit
1433 2453 1436 2462 .
1447 2373 1655 2458 hariolari?
1748 2451 1754 2472 ,

457 2491 483 2592 -j
552 2487 840 2572 riturincarne
853 2487 1025 2578 divetstu
1036 2487 1168 2593 color,
1184 2489 1263 2572 five
1303 2485 1439 2595 ustula,
1453 2514 1520 2573 aut
1531 2489 1635 2598 quast
1646 2484 1785 2572 lucens
1798 2483 1904 2596 quid·

469 2616 578 2790 pram
598 2597 659 2701 (b)
674 2596 823 2713 ,plaga
841 2603 894 2684 est
912 2599 1027 2716 lepra
1048 2603 1074 2684 [ι
1091 2599 1162 2715 pili
1175 2605 1217 2685 in
1232 2519 1367 2687 album
1382 2625 1579 2686 mutantur
1595 2608 1639 2685 δι
1653 2598 1762 2712 lepra
1779 2601 1903 2682 bumi-

491 2710 551 2790 'or
562 2713 618 2794 est
633 2737 725 2796 cute
740 2719 780 2796 dt
797 2742 913 2800 earne
928 2713 1100 2826 reliquit3
1115 2716 1170 2797 sm
1183 2740 1312 2799 autem
1324 2712 1463 2799 lucens
1479 2714 1629 2798 candor
1640 2716 1682 2795 in
1695 2735 1807 2817 cute,
1825 2739 1903 2796 nec

469 2821 1107 2944 humiliorcarnereliqui,&·pili
1122 2827 1272 2912 coloris
1286 2829 1450 2942 pristini,
1464 2829 1585 2943 sipost
1600 2822 1898 2938 quatuordecim

469 2929 555 3016 dies
575 2965 660 3019 non
678 2942 845 3023 creverit
856 3003 871 3045 ,
895 2941 1043 3027 scabies
1063 2946 1147 3040 est;
1173 2967 1349 3053 tuncque
1373 2939 1644 3026 obscuriorem
1668 2938 1808 3022 fastam
1829 2935 1901 3020 ob-

467 3043 597 3130 servat
625 3051 761 3132 nudor
790 3051 911 3137 sacer.
934 3055 1000 3136 oi·
1028 3049 1157 3139 autem
1189 3051 1331 3138 colore
1362 3053 1455 3138 albo
1479 3055 1699 3167 perstante,
1734 3046 1901 3163 pilisque

466 3163 650 3267 mutatis,
675 3167 880 3249 caroviva
902 3172 1141 3283 apparuerit,
1167 3167 1275 3282 lepra
1293 3167 1540 3253 vetustissima
1562 3165 1747 3270 videtur,
1782 3187 1902 3274 atque

464 3268 609 3356 inolita
625 3277 719 3359 cuti.
747 3275 889 3362 Liceat
914 3308 1020 3364 nunc
1041 3280 1226 3396 tantisper
1247 3277 1296 3362 ab
1323 3283 1482 3366 audone
1503 3279 1614 3364 sacro
1635 3275 1899 3364 discederent

464 3389 835 3504 notemusmcagi
861 3391 911 3477 de
926 3392 1015 3477 'uni
1041 3396 1194 3478 tantitm
1221 3389 1335 3507 lepra
1360 3394 1491 3508 specie
1517 3421 1601 3504 qua
1623 3417 1699 3506 ,per
1724 3387 1895 3484 macules

461 3497 648 3612 grassatur
667 3509 708 3586 δι
727 3525 854 3588 totam
870 3531 1004 3591 cutem
1020 3535 1103 3590 non
1115 3507 1293 3622 attingit,
1308 3535 1384 3592 nee
1396 3504 1570 3614 ulcerat,
1586 3503 1655 3588 sed
1670 3529 1798 3618 partes
1816 3499 1917 3607 ejru’

463 3615 641 3718 tantiam
656 3615 759 3696 hane
776 3613 925 3730 lepram
940 3617 1474 3733 particularemm'aculosam
1486 3616 1734 3706 vocabimus.
1760 3616 1894 3703 Postea

444 3717 698 3840 'agit-'ausint
713 3726 821 3812 sacer
838 3730 888 3815 de
905 3729 1113 3818 universali
1131 3729 1240 3848 lepri
1254 3739 1326 3838 (c).
1353 3732 1425 3818 Sin
1440 3759 1573 3818 autem
1590 3731 1809 3820 effloruerit
1825 3727 1895 3814 dis-

462 3864 623 3924 currens
641 3837 750 3954 lepra
772 3841 814 3921 in
834 3868 954 3948 cute,
979 3850 1237 3960 &operuerit
1254 3873 1417 3930 ornnem
1431 3859 1570 3932 cutem
1585 3842 1753 3957 bospite
1773 3842 1892 3953 usque

460 3951 510 4034 ad
536 3951 678 4064 pedes,
705 3950 896 4064 quidquid
920 3953 990 4039 sub
1016 3956 1212 4072 aspet'runr
1239 3956 1452 4044 oculorum
1477 3959 1608 4063 cadit,
1632 3959 1760 4044 teneti
1787 3951 1891 4070 lepti

445 4063 706 4149 :mundissimi
734 4063 992 4175 judicabitur,
1018 4073 1068 4154 eb
1123 4071 1206 4155 ubd
1234 4073 1364 4158 omnis
1391 4075 1432 4156 iri
1459 4072 1674 4158 eandorem
1699 4070 1810 4158 versa
1836 4071 1891 4152 [ιι.

461 4173 638 4282 Quando
652 4183 749 4264 verb
766 4205 861 4264 caro
877 4183 1014 4266 vivens
1027 4185 1069 4266 in
1080 4101 1126 4268 ed
1138 4188 1378 4300 apparuerit,
1396 4211 1492 4272 tunc
1507 4184 1721 4272 sacerdotis
1739 4179 1889 4288 judicio

498 4283 660 4372 ‘siuetm
692 4295 870 4378 &inter
903 4297 1182 4382 immundosr
1231 4295 1414 4383 nubitur.
1450 4300 1559 4386 Caro
1586 4299 1693 4390 enim
1720 4299 1836 4405 viva,
1863 4293 1890 4374 [ι

443 4397 451 4469 ἓ
535 4396 567 4531 [ι
591 4399 833 4535 aspergitur,
860 4408 1065 4494 immunda
1093 4323 1301 4495 ansilam
1328 4407 1519 4519 judicium
1546 4411 1655 4496 sacer
1683 4413 1822 4496 anaor
1849 4415 1892 4496 in

442 4509 620 4624 <capituli
644 4511 801 4626 reliquo
824 4521 936 4629 quod
956 4543 1090 4610 totum
1109 4521 1328 4639 legendum
1346 4527 1425 4635 est,
1444 4526 1542 4614 facit
1563 4523 1615 4610 de
1636 4521 1892 4612 cicatricibus

501 2577 516 2614 Ι

493 4725 550 4800 (ιι)
575 4721 691 4789 Levitic-
707 4749 764 4811 cap.
787 4749 836 4810 ιιι

492 4803 548 4882 (b)
571 4801 685 4870 Levitic.
702 4827 758 4890 cap.
780 4827 813 4889 13
833 4819 861 4876 ει
882 4835 929 4890 14·

491 4893 548 4970 (c)
568 4883 641 4972 cap.
658 4908 689 4970 ¹³
705 4893 757 4966 ,n
776 4907 824 4954 ιι.
949 4921 952 4926 ·
