4186 5908
645 465 1191 562 sorssors?
1485 401 1607 591 a„

180 631 355 753 ipseper
378 633 419 724 se
445 633 663 754 pruritdum
689 635 842 724 ferocia
868 637 919 724 ad
945 637 1193 750 curationem
1218 631 1382 730 miseros
1409 635 1628 734 scabiosos¹

178 753 332 840 invitet.
354 751 412 838 At
429 755 537 836 enim
553 753 700 838 etiamst
717 748 932 838 tolerandis
946 747 1024 838 illis
1038 749 1151 836 malis
1165 750 1206 835 se
1219 752 1307 836 satis
1322 749 1510 838 sentirent
1520 757 1630 844 ido·¹

177 891 296 970 neos,
315 893 399 949 non
410 863 564 951 idcircb
578 889 710 952 tantm
723 863 960 980 negligenda
976 864 1064 950 sunt
1078 864 1129 950 ad
1142 862 1255 973 hujus
1266 864 1613 958 sanationemartis
1666 971 1669 977 f

179 975 409 1087 molimina,
441 984 534 1063 cirm
562 1008 647 1064 non
669 1003 787 1064 vacet
808 976 957 1064 scabies
984 973 1178 1094 periculo.
1207 979 1298 1062 Imb
1323 979 1610 1068 inveterascens

179 1085 249 1288 inb
261 1091 473 1288 quaprdlahrn
486 1089 764 1181 volatilitatern
772 1094 940 1204 acquirit
951 1088 1028 1203 qul
1034 1092 1145 1177 retro
1157 1085 1346 1206 pellatur,
1363 1097 1405 1176 bt
1422 1087 1609 1182 intenora

197 1236 221 1286 u
251 1227 315 1288 eat
354 1233 399 1289 ac
445 1209 503 1290 its.
877 1273 879 1280 -
935 1209 939 1218 ’
1215 1207 1217 1219 ’

236 1315 305 1401 De
324 1315 468 1402 scabiei
482 1320 688 1405 curatione
703 1345 847 1434 magna
869 1319 922 1405 est
942 1313 1046 1435 apud
1068 1318 1246 1404 audiores
1265 1319 1511 1427 differentia,
1533 1349 1609 1409 nec

181 1427 285 1541 apud
306 1433 489 1544 antiquos
515 1439 692 1540 tantitas,
716 1435 988 1536 verumetiam
1007 1431 1111 1548 apud
1125 1434 1420 1518 recentissimos.
1447 1434 1506 1516 Hi
1533 1465 1611 1550 po«
1682 1509 1686 1517 .

182 1567 308 1626 crates
321 1549 384 1648 (α)
404 1549 512 1628 enim
525 1549 706 1632 omnium
722 1549 870 1660 primus
887 1543 936 1629 ad
948 1541 1121 1656 scabiem
1136 1544 1348 1630 curandam
1360 1547 1446 1660 post
1488 1549 1497 1566 '
1517 1575 1611 1634 uen-

182 1656 281 1738 tium
295 1653 408 1738 usum
422 1655 625 1743 fortissima
638 1655 895 1742 commendat
934 1654 1327 1771 urgantia,peplium,
1342 1655 1610 1768 helleborum,

181 1765 336 1877 aliaque
359 1766 593 1878 hujusmodi.
627 1769 814 1855 Praeterei
835 1685 1007 1853 scabiem
1037 1773 1233 1854 icaeteris'
1259 1774 1434 1858 cutaneis
1459 1770 1612 1860 morbis
1649 1795 1653 1803 '

180 1885 340 1996 pariam,
363 1907 430 1967 aut
450 1879 557 1970 nulli
577 1885 729 1971 ratione
754 1873 1012 1988 discriminat,
1036 1879 1217 1967 sedilios
1240 1890 1379 1968 omnes
1399 1883 1476 1967 una
1495 1891 1613 1970 cur'a-
1745 1939 1753 1952 ,

180 1995 293 2078 tione
319 1997 499 2110 attingit,
524 2001 579 2082 ita
604 2021 650 2081 ut
673 1993 805 2080 morbi
828 2021 1005 2080 naturam
1026 1993 1075 2079 ab
1094 1984 1264 2104 hum‘ore
1281 1996 1612 2110 praedominante,

182 2104 322 2222 pituiti
340 2139 378 2192 v.
391 2138 453 2222 g.,
470 2137 538 2194 aut
557 2107 638 2194 bile
655 2107 936 2215 hariolaretor,
953 2108 1077 2218 iisque
1092 2106 1185 2200 inde
1198 2106 1266 2192 sua
1280 2109 1347 2192 alst
1374 2134 1485 2193 naret
1494 2109 1615 2194 medi-

182 2222 349 2304 camina.
375 2221 546 2308 Ornavit
563 2226 811 2338 praceptoris
826 2219 1061 2306 methodum
1076 2217 1253 2304 Galenus
1264 2221 1315 2328 (b)
1325 2139 1520 2329 ,balmam
1539 2251 1614 2309 cu-

182 2330 382 2440 curbitas,
409 2329 597 2421 diluentis
614 2331 831 2422 admovens
852 2341 893 2419 bt
940 2335 1133 2417 harmacis
1152 2332 1320 2420 miscens
1341 2331 1612 2449 purgantibus.

180 2443 339 2530 Deinde
358 2449 609 2562 vero'topica
625 2445 881 2532 commendat
898 2365 1086 2531 detersiva
1094 2507 1110 2552 ‚
1134 2453 1176 2530 bt
1195 2443 1325 2558 aliq'ul
1344 2449 1495 2530 ratione
1516 2447 1618 2533 exe-s

184 2555 337 2664 dentis,
361 2586 411 2643 ex
429 2557 543 2668 aloe,
567 2557 755 2672 myrrha,
780 2587 874 2666 are,
896 2556 1070 2643 alumine
1082 2620 1096 2665 ,
1119 2561 1260 2665 thure,
1284 2560 1367 2641 imb
1383 2587 1466 2642 non
1485 2560 1614 2646 refor-

183 2671 348 2756 midavit
370 2671 663 2788 adstringentis,
693 2669 823 2782 qualia
851 2670 940 2754 sunt
963 2697 1013 2754 ex
1040 2668 1312 2784 vegetantibus
1336 2669 1614 2779 malicorium,

183 2786 383 2890 acaciam,
410 2783 572 2869 succum
603 2787 744 2894 myrti,-
769 2781 832 2867 Ex
860 2782 999 2865 samosr
1024 2779 1129 2866 illius
1152 2780 1396 2909 Asclepiadis
1422 2780 1616 2895 simulque
1715 2873 1720 2880 ,

181 2893 439 3028 Hippocratis
457 2895 594 2981 scholi
609 2894 826 3008 quautilia
843 2891 915 2976 fibi
931 2891 1165 2978 videbantur
1183 2922 1428 3092 conjungens
1450 2893 1613 3002 Celsus,

184 3010 441 3115 exercitium,
462 3007 670 3114 balneum,
696 3007 964 3092 abstinentiam
990 3003 1039 3090 ab
1064 3003 1217 3091 acribus
1239 3035 1311 3122 pro
1353 3006 1427 3091 olis
1450 3011 1624 3096 internis.

26 3223 30 3232 Ι
183 3119 365 3205 remediis
395 3122 437 3204 in
462 3121 575 3206 usum
598 3120 771 3207 adhibet.
807 3116 956 3204 Balnea
1007 3121 1127 3202 rimus
1154 3123 1336 3203 omnium.
1362 3122 1614 3231 antiquorum

184 3235 325 3316 nitrata
351 3234 607 3319 commendat
617 3234 697 3342 ,id
721 3236 844 3318 estex
866 3228 945 3315 sale
964 3261 985 3314 a
1029 3227 1088 3318 ali'
1105 3232 1211 3338 fixn,
1237 3228 1286 3315 ad
1310 3235 1422 3317 instar
1443 3259 1612 3344 natura,

183 3341 389 3429 minerales
408 3375 525 3460 aquas
542 3339 705 3431 saslitias
713 3409 727 3454 ,
743 3343 884 3457 quibus
903 3371 1047 3458 corpus
1062 3347 1315 3457 immergatur
1328 3351 1374 3450 (c)
1389 3377 1402 3444 ς
1419 3371 1458 3428 at
1466 3407 1482 3452 ,
1501 3371 1614 3434 caete-

183 3461 234 3542 ris
255 3456 439 3543 remediis
458 3462 619 3546 internis
637 3453 1023 3574 prorsirs'negleciis,
1044 3485 1234 3562 crocum,
1255 3461 1488 3570 eruginem,
1512 3484 1614 3568 myr-

182 3571 316 3677 rham,
352 3573 526 3682 nitrum,
561 3573 750 3657 cerussam
777 3574 818 3656 in
836 3571 1050 3682 'unguentis
1078 3565 1260 3682 applicat.
1296 3566 1446 3654 Forsan
1470 3570 1515 3652 in
1534 3597 1615 3652 ma-

183 3681 289 3766 xime
320 3682 584 3797 prurientibus
619 3691 660 3769 bt
690 3683 939 3768 inflammatis
969 3678 1157 3794 lupinos,
1184 3707 1352 3763 crocum
1363 3740 1379 3787 ,
1404 3677 1616 3767 lenticulas

185 3795 397 3908 pradicat3
415 3793 483 3880 sed
501 3798 616 3911 praeci
642 3793 695 3878 ue
711 3791 869 3879 celebre
890 3791 940 3876 'ad
958 3790 1079 3902 usque
1101 3792 1228 3875 nostra
1242 3817 1421 3986 tempora
1439 3819 1625 3906 unguens.
1691 3897 1696 3910 ι

185 3931 271 4014 turn
284 3905 432 3993 edocet
447 3905 469 3991 i
484 3825 695 4022 pecoribus
710 3905 759 3991 ad
771 3908 953 3991 homines
967 3905 1189 3990 transsatum
1198 3964 1212 4011 ,
1227 3931 1278 3988 ex
1294 3934 1322 3989 o
1340 3931 1412 4008 eo,
1432 3902 1617 4016 sulphure·

185 4023 227 4102 lit
241 4022 333 4135 pice
347 4021 588 4129 conflatum,
605 4018 715 4132 quod
731 4049 805 4104 nos
821 4020 942 4103 etiam
957 4017 1079 4102 hodie
1091 4019 1132 4102 in
1142 4015 1276 4123 usum,
1291 4018 1425 4129 paucis
1440 4017 1615 4123 mutans,

185 4132 437 4244 advocamus.
452 4131 791 4219 Therebentinam
803 4160 895 4217 cum
912 4127 1097 4246 sulphure
1114 4126 1247 4218 laudat
1260 4124 1615 4239 pariter-Oribasos

184 4243 274 4350 (d),
298 4242 551 4330 helleborum
574 4273 810 4358 utrumque,
834 4241 994 4360 lupinos
1021 4245 1196 4344 amaros,
1222 4239 1361 4328 limum
1385 4238 1615 4356 caprillum,

186 4363 266 4442 &c
297 4355 399 4442 Hac
427 4354 506 4444 illis
534 4357 758 4469 caterisque
787 4355 983 4448 inferioris
1012 4377 1115 4444 note
1140 4350 1290 4442 Grecis
1318 4353 1484 4442 intentio
1511 4353 1587 4441 suit
1598 4412 1615 4459 ,
1679 4443 1685 4450 ,

188 4470 280 4554 telle
309 4469 455 4559 eodem
481 4467 668 4556 Oribasro
696 4474 781 4576 (e),
811 4493 857 4558 ut
880 4480 1092 4584 purgarent
1122 4465 1273 4573 cutim,
1304 4471 1347 4554 δι
1374 4466 1528 4556 idcirco
1554 4463 1616 4556 illi
1668 4471 1677 4482 “

223 4629 283 4704 (a)
304 4627 366 4692 Lib.
385 4629 421 4691 de
438 4627 530 4694 effen.

229 4706 289 4788 (b)
310 4711 344 4776 L.
360 4709 506 4772 decom.
522 4711 587 4777 Art.
601 4707 728 4784 Medica.

219 4793 283 4863 ·l²)
304 4790 366 4858 Lib.
387 4809 421 4868 ς,
440 4812 498 4872 cap.
516 4797 571 4867 st,
595 4803 643 4858 16.

229 4867 288 4946 (cl)
308 4871 506 4957 Syoops.1.ib·
527 4891 568 4944 7,
588 4895 647 4960 cap.
668 4879 718 4950 ⁴⁸·

217 4955 291 5032 ,lai
310 4951 376 5020 Lib.
399 4971 439 5032 t,
461 4972 522 5040 cap·
540 4971 570 5030 7.
