4250 5898
660 427 1155 534 eurxuars
1369 428 1371 440 ’
1524 457 1630 566 sn

189 597 286 690 ebm
298 597 491 724 p'raecipub
505 603 669 694 illorum
686 639 887 696 navorum
904 636 1022 722 atque
1037 633 1241 725 pravarum
1257 605 1624 704 conformationum

190 745 353 806 exortus
383 723 434 809 ad
467 724 570 805 hanc
603 723 654 808 de
682 722 760 835 quai
788 727 995 810 vallamus
1026 725 1229 808 materiam
1265 728 1443 838 precarii>
1471 738 1624 818 tantbm

189 831 369 918 videatur
393 839 600 952 pertinere.

190 1054 1631 1134 m

558 1167 1326 1350 enpurrn(

201 1551 208 1562 ·
298 1481 384 1617 De
409 1483 574 1597 'Varia
602 1527 877 1592 venenorum
907 1487 960 1590 in
990 1522 1137 1590 curem
1151 1485 1314 1625 solam
1338 1489 1529 1594 aclione.

195 1685 375 1869 INTER
403 1800 450 1857 ea
472 1801 556 1884 quae
573 1772 756 1887 proxime
777 1801 911 1860 cutem
933 1775 1129 1888 attingunt
1146 1777 1387 1886 vegetantis,
1417 1786 1525 1864 &ea
1550 1810 1636 1890 quae

197 1888 435 1975 commercii
465 1913 583 1996 atque
606 1916 679 2001 pro
708 1889 907 1998 inquitatis
928 1885 1012 1992 jure
1032 1916 1127 1970 cum
1146 1884 1373 1971 hominibus
1395 1892 1534 1976 vivunt
1556 1895 1638 1975 ani«

198 1999 318 2087 maiia
336 1997 500 2082 minime
519 1917 762 2083 nocivalbnt
775 1998 841 2082 illa
856 2031 939 2110 quae
959 1999 1236 2082 tantummodo
1254 2002 1296 2080 in
1312 2007 1492 2118 corporis
1511 2005 1552 2089 su
1581 2032 1638 2089 er-

198 2118 333 2201 ficiem
358 2139 571 2224 cutemque
592 2111 716 2195 solam
739 2113 950 2198 vindielam
971 2136 1137 2196 exerunt
1158 2139 1417 2222 venenatam,
1438 2144 1513 2202 nec
1534 2035 1635 2204 ultra

199 2221 445 2342 penetrabile
460 2229 567 2310 virus
587 2225 812 2310 infundunt.
841 2225 991 2310 Verbm
1016 2250 1079 2307 tot
1104 2229 1145 2307 ὃ(
1165 2249 1245 2306 tam
1268 2229 1379 2308 variae
1408 2227 1496 2316 sunt
1518 2259 1638 2316 vene-

199 2369 345 2424 norum
367 2337 389 2420 ”a
410 2336 708 2452 vegetantibus,
735 2363 798 2420 tot
818 2335 866 2429 ab
889 2335 1120 2420 animalibus
1148 2334 1443 2452 desumptorum
1465 2342 1639 2457 species,

201 2477 268 2537 tot
292 2452 429 2534 formae
458 2447 632 2531 nocendi
661 2449 825 2554 dantur,
854 2474 900 2533 ut
923 2446 1060 2531 hercle
1085 2476 1227 2532 vanam
1257 2479 1341 2534 non
1369 2449 1512 2539 lusrllet
1542 2485 1641 2569 ope-

202 2593 288 2662 ram
315 2565 383 2674 qui
402 2564 506 2644 hane
527 2563 692 2644 historia
714 2560 896 2644 naturalis
916 2587 1065 2674 partem
1089 2557 1111 2646 ὲ
1132 2558 1272 2646 fabulis
1301 2567 1468 2648 omninb
1493 2594 1639 2681 expur-

204 2702 337 2798 gatam
355 2675 516 2785 exsequi
529 2671 736 2788 aggressus·
746 2673 840 2756 ellet
846 2735 860 2780 ,
881 2682 922 2757 δι
937 2676 979 2755 in
993 2672 1206 2758 saeviffimas
1226 2673 1539 2786 perturbationes
1561 2685 1645 2764 ani-

202 2785 367 2874 malium
393 2789 670 2892 funffionum,
699 2789 783 2868 imb
811 2793 853 2869 br
875 2788 918 2868 in
940 2783 1062 2901 ipsam
1093 2789 1269 2904 contagii
1298 2788 1523 2900 historiam,
1556 2823 1645 2880 non

203 2901 408 2988 minimam
435 2901 589 2985 afferret
609 2924 685 2982 nec
707 2896 963 3014 spernendam
985 2895 1132 2982 lucem.
1466 2945 1468 2953 =

261 3013 377 3098 Pleni
393 3012 481 3097 sunt
499 3027 584 3112 u'un
596 3036 775 3096 veterum
792 3017 852 3116 (a)
871 3016 959 3094 'tum
980 3015 1246 3096 recentiorum
1264 3011 1352 3096 libri
1369 3011 1419 3100 de
1437 3017 1645 3108 effefflbua

204 3157 255 3216 va
284 3155 400 3211 orum
415 3125 438 3210 ὲ
452 3123 593 3240 plantis
603 3121 886 3232 exhalantium,
902 3124 1112 3210 demorstis
1128 3124 1352 3208 animalium
1363 3127 1506 3214 nocivi
1517 3133 1647 3216 effica‘

207 3157 295 3347 cil,
318 3240 368 3324 de
384 3237 492 3323 succi
502 3236 729 3353 plantarum
740 3299 754 3346 ,
777 3263 895 3350 atque
910 3235 1136 3322 animalium
1151 3263 1217 3325 aut
1235 3237 1421 3347 decofli,
1444 3271 1509 3331 aut
1529 3245 1645 3330 crudi

206 3377 405 3440 venenato
431 3351 480 3434 ad
499 3348 635 3435 cibum
649 3351 733 3435 usu.
757 3351 813 3434 At
835 3353 969 3434 omnia
991 3352 1073 3436 hac
1093 3349 1141 3432 ab
1164 3350 1249 3436 aliis
1269 3351 1501 3440 refelluntur
1521 3391 1534 3460 3
1557 3361 1644 3442 imo

207 3475 254 3550 br
283 3495 367 3576 quae
398 3463 447 3548 de
480 3462 692 3580 phalangio
722 3462 868 3578 appula
901 3461 969 3546 seu
1000 3461 1192 3546 tarantulb
1222 3472 1264 3547 bt
1295 3463 1450 3578 Baglivi
1480 3477 1520 3552 δι
1547 3471 1646 3560 Ric.

210 3577 422 3662 Meadscri
452 3575 646 3676 serunrita
660 3575 781 3659 hodie
804 3577 995 3660 accuratis
1010 3571 1350 3662 observationibus
1364 3578 1538 3666 evilubre
1558 3583 1617 3690 (b)
1629 3645 1645 3694 ,

211 3717 258 3774 ut
276 3607 484 3804 stupentlos
509 3687 600 3772 illos
623 3690 788 3771 musrces
806 3689 967 3772 effertus
986 3714 1107 3770 nerno
1122 3717 1206 3771 non
1225 3687 1307 3772 falfi
1327 3691 1555 3808 redarguat,
1579 3726 1648 3786 aut

211 3801 349 3890 saltem
375 3831 459 3897 non
484 3798 626 3885 habear
650 3827 723 3913 pro
746 3799 886 3887 delusae
911 3801 1201 3914 imaginationis
1226 3800 1503 3894 deliramento.

221 4009 225 4020 ,
269 3915 359 4006 Jarn
381 3917 478 3998 verb
499 3912 651 4010 morsus
674 3907 769 3997 illos
799 3939 1037 4019 venenatos,
1074 3914 1158 3995 imb
1196 3917 1313 3998 etiam
1350 3919 1528 4008 hominis·
1558 3923 1647 4026 irati

214 4029 414 4134 morsum,
437 4053 482 4112 ut
500 4033 541 4108 br
561 4024 729 4113 aliorum
746 4053 994 4138 quorumque
1010 4025 1235 4112 animalium
1258 4031 1311 4111 ita
1328 4027 1483 4116 Medici
1499 4028 1653 4127 Arabes

217 4142 392 4228 exsecuti
410 4140 498 4224 sunt
513 4145 572 4244 (c)
584 4201 598 4247 ,
622 4141 791 4224 &variis
803 4141 998 4256 prosecuti
1012 4139 1099 4223 sunt
1111 4141 1432 4258 medicamentis,
1452 4173 1498 4233 ut
1510 4149 1557 4232 iis
1572 4177 1650 4240 nec

216 4253 380 4340 'credere
401 4255 568 4338 incautis
591 4249 711 4336 liceat
723 4314 738 4358 ,
763 4282 838 4337 nec
858 4257 1069 4369 inexpertis
1093 4251 1286 4336 refellere.
1389 4263 1394 4279 ⁹
1486 4263 1490 4270 '
1568 4341 1577 4360 ⁸

274 4367 322 4450 Id
350 4390 482 4452 tamen
515 4366 681 4449 omnino
712 4365 855 4450 scimus
882 4393 1033 4450 venena
1066 4369 1200 4447 omnia
1229 4395 1312 4476 quae
1340 4393 1389 4452 ex
1419 4371 1651 4464 animalibus

197 4495 199 4500 '
219 4477 497 4586 desumuntur,
512 4475 652 4598 utpote
665 4479 860 4562 altionem
874 4477 1063 4564 circuitbs
1077 4484 1120 4560 br
1134 4475 1277 4564 caloris
1293 4487 1654 4598 perpetubvivacis

234 4650 236 4659 ,
260 4691 323 4763 (a)
340 4685 459 4781 ⁸literius,
475 4685 554 4752 Teu.
569 4709 608 4761 4,
623 4685 704 4750 imm.
722 4709 753 4762 r,
770 4705 830 4770 rap.
846 4675 900 4764 30,
916 4689 1036 4762 403‘50·
1054 4675 1275 4772 Pantagian.
1288 4689 1336 4754 nb.
1351 4709 1378 4765 5.
1393 4690 1465 4758 Cels
1478 4695 1526 4762 lib,
1537 4685 1572 4761 ἵε,
1583 4701 1655 4762 m,

222 4766 383 4926 Papesslrp',
393 4789 602 4942 liliurentiiill.
621 4849 656 4911 de
671 4851 826 4922 rumara,
845 4847 995 4916 &forster
1011 4831 1140 4938 lomnep
1153 4867 1182 4912 to
1195 4825 1275 4936 ltaly'.
1349 4871 1352 4884 ·

261 4925 839 5009 (r)Aristan-Feu·6,u.4‚llb‚4.·
966 4941 1045 4968 ···¹=
1268 4959 1274 4969 ·
