4186 5908
436 385 522 470 206
882 374 989 465 on
1054 311 1420 462 monere

471 513 589 629 xNec
614 537 690 628 alia
711 535 795 628 sere
820 542 973 628 curatio
994 536 1096 624 illud
1121 535 1395 654 erysipelatum
1424 551 1549 651 gertus
1575 525 1883 733 comprehendit

470 657 553 742 uod
576 663 600 740 ὲ
620 652 863 741 rheumatica
889 651 981 738 labe
1005 651 1124 738 sumit
1145 649 1300 736 natalia.
1328 649 1461 764 Origo
1480 651 1588 734 enim
1606 675 1653 734 ea
1680 677 1778 749 em;
1802 675 1882 734 nec

440 685 577 856 differt
608 766 632 855 ir
667 770 848 854 catharro
878 767 1123 852 rheumatica
1156 761 1225 850 illa
1255 762 1455 896 dispositio
1467 823 1482 869 ,
1511 760 1581 844 nist
1612 760 1723 874 qubd
1749 760 1880 848 serum

442 885 572 969 acrius
590 882 636 970 stt
652 887 695 966 dt
707 883 850 968 vetetis
866 876 966 968 labis
989 882 1045 984 im
1074 876 1184 966 resse
1198 905 1388 964 tenacius.
1408 875 1706 963 Medicamenta
1725 880 1880 958 tantiam

445 999 596 1114 expetit
615 990 716 1080 illud
733 990 953 1078 valentiora
972 909 1114 1103 quibus
1135 993 1319 1106 impactas
1339 986 1416 1073 alte
1432 990 1612 1076 materias
1636 994 1679 1074 ὃ(
1695 991 1738 1072 in
1756 1015 1881 1072 mem-

443 1107 575 1195 branis
608 1134 822 1192 nervorum
853 1107 1070 1219 stagnantes
1101 1102 1285 1192 discutiat
1318 1127 1482 1208 namra,
1524 1099 1634 1212 quod
1670 1102 1760 1187 raro
1791 1103 1881 1186 heri

444 1223 603 1341 potest,
650 1218 718 1302 nist
758 1215 911 1304 summe
951 1216 1051 1329 aqul
1091 1214 1222 1304 dilutae
1266 1215 1413 1302 fuerint
1450 1212 1613 1299 actuosa
1655 1213 1693 1302 sa
1722 1240 1882 1300 onaceae

437 1330 685 1438 molmula,
709 1361 792 1446 qua
814 1334 1125 1419 attenuationem
1143 1327 1222 1416 alta
1241 1327 1439 1416 devehant
1457 1331 1499 1416 in
1519 1329 1659 1418 minuti
1691 1355 1771 1414 rma
1792 1326 1884 1412 vasa

445 1440 720 1558 penetrabiles.
741 1442 856 1532 Unde
874 1447 942 1529 hic
957 1444 1095 1551 usum,
1117 1441 1343 1554 quiescente
1357 1442 1511 1555 penitits
1528 1437 1661 1547 malo,
1682 1443 1885 1574 reperiunt

445 1561 572 1644 mixta
604 1558 828 1656 catharticis
858 1583 975 1669 atque
1008 1557 1183 1641 resrnosrs
1212 1552 1455 1640 solventibus
1509 1552 1754 1641 otentilhmrs
1781 1579 1883 1638 atte-

446 1673 634 1776 nuantia,
660 1671 869 1784 guaiacum
879 1728 896 1776 ‚
921 1661 1181 1784 sarsaparilla,
1200 1664 1394 1800 ’lignaque
1419 1583 1552 1758 indta
1572 1665 1880 1782 ponderosiora,

231 1747 244 1758 ⁸
292 1795 297 1810 '
446 1809 517 1868 aut
538 1781 677 1900 plantat
701 1779 805 1902 apud
821 1811 896 1868 nos
921 1777 1104 1870 volatiles
1132 1777 1445 1870 anuscorbuticae
1467 1779 1605 1888 diso,
1627 1804 1694 1863 aut
1714 1777 1813 1866 sales
1831 1807 1883 1863 ex

446 1892 681 1984 animalibus
707 1891 916 2002 volatiles,
960 1893 1103 2008 quibus
1130 1891 1393 2008 adjunguntur
1426 1891 1571 1982 sulfura
1602 1887 1670 1982 illa
1697 1895 1885 1982 tenuatis·

445 2007 543 2093 srma
570 2003 772 2093 mineralia
803 2009 1011 2092 antimonii
1043 2004 1254 2098 metallicis
1284 2003 1458 2121 partibus
1484 2003 1635 2116 juncta,
1665 2003 1810 2116 quibus
1837 2035 1886 2092 ea

446 2122 544 2206 inest
569 2116 669 2204 bene
695 2117 970 2210 observatione
998 2121 1189 2210 constanti
1213 2117 1473 2208 demonstrata
1500 2116 1690 2224 facultas,
1720 2143 1767 2206 ut
1794 2115 1885 2233 plus

445 2262 471 2317 a
527 2262 579 2320 uc
620 2231 913 2350 erspirationem
926 2229 1086 2346 juvent,
1104 2229 1222 2342 quhm
1240 2229 1424 2320 sudorem
1438 2228 1612 2318 eliciant.
1631 2230 1887 2322 Veriffimum

450 2348 558 2432 enim
577 2262 678 2431 llud
698 2349 942 2462 comperitur
955 2342 979 2430 al
994 2341 1163 2434 Desault
1181 2342 1450 2458 Burdigalenfi
1471 2341 1746 2452 observatum,
1773 2348 1886 2457 equis

448 2461 712 2544 antimonium
734 2455 977 2544 sumentibus
1002 2456 1127 2576 duplo
1151 2455 1239 2574 plus
1265 2454 1440 2548 sordium
1463 2455 1599 2563 eradi,
1627 2455 1746 2568 quam
1773 2483 1888 2544 ante·

449 2599 569 2687 quam
593 2568 666 2655 illo
688 2595 901 2668 uterentur.
930 2569 1013 2658 Sed
1038 2575 1081 2656 in
1103 2569 1179 2658 hic
1205 2567 1427 2688 peragendi
1454 2573 1659 2658 curatione
1683 2570 1888 2658 methodis

449 2680 637 2778 omnibus
656 2692 698 2769 dt
718 2683 1017 2780 medicamentis
1035 2681 1260 2772 celebribus
1280 2681 1453 2768 maxime
1473 2680 1644 2798 palmam
1662 2684 1888 2797 praeripiunt

448 2825 558 2909 aqua
579 2793 812 2906 thermales,
832 2797 1085 2912 srpraesertlm
1102 2794 1272 2882 solventi
1292 2793 1369 2907 qud
1390 2797 1610 2886 eminenter
1631 2792 1784 2912 pollent
1805 2798 1886 2886 vir·

425 2911 426 2916 ‘
449 2913 526 2996 tuti
550 2907 778 3001 facultatem
798 2913 918 3002 etiam
938 2909 1085 3006 addant
1105 2911 1372 3008 catharticam.

510 3018 666 3113 Harum
694 3025 888 3118 rationem
919 3022 1063 3138 agendi
1092 3048 1211 3134 atque
1238 3021 1395 3118 aduosa
1422 3021 1549 3134 princi
1577 3023 1615 3106 ia
1640 3047 1832 3112 excutere
1857 3025 1888 3110 li

451 3127 650 3240 velimus,
681 3136 811 3219 adum
838 3161 955 3254 agere
975 3134 1188 3236 videamur.
1219 3133 1458 3234 Consulatur
1477 3052 1576 3220 antl
1589 3132 1689 3219 alios
1715 3133 1890 3226 Carolus

449 3239 492 3330 le
516 3244 604 3328 Roi
657 3245 699 3329 ui
723 3270 806 3344 arte
829 3249 978 3339 nativas
1001 3247 1173 3332 emulari
1192 3247 1287 3346 ditm
1309 3248 1432 3346 dotet
1444 3309 1459 3358 ,
1487 3245 1722 3366 pauperibus
1748 3251 1892 3366 ingens

452 3359 602 3472 paravit
621 3273 842 3459 subiciunt
870 3363 931 3448 vir
961 3357 1254 3446 celeberrimus.
1294 3359 1416 3459 Certe
1451 3363 1574 3456 iniis
1607 3361 1715 3446 sacra
1754 3363 1892 3477 sigitur

449 3473 725 3668 iprotantium
759 3469 808 3564 ab
837 3471 1064 3586 erysipelate
1095 3499 1321 3573 recurrente
1350 3474 1525 3566 anchora
1548 3504 1562 3582 ς
1589 3472 1756 3590 plusque
1784 3478 1890 3592 apud

449 3583 463 3604 “
499 3613 539 3668 as
562 3581 696 3679 auxilii
716 3586 929 3698 reperiant,
951 3585 1071 3702 quam
1088 3590 1131 3671 in
1144 3585 1295 3684 incertd
1310 3589 1474 3684 cauterii
1493 3587 1674 3684 inurendi
1689 3591 1892 3680 methodo

450 3695 565 3812 'quod
585 3697 674 3811 ipsrs
695 3693 804 3805 jure,
835 3727 886 3788 an
910 3697 1047 3807 injurii
1072 3697 1231 3817 plurimi
1251 3699 1425 3798 suadent.

509 3808 565 3894 Et
583 3808 692 3895 certe
717 3810 746 3892 st
768 3835 896 3924 partes
915 3809 1063 3924 aliquas
1086 3819 1175 3900 vitae
1194 3839 1260 3900 aut
1283 3811 1453 3906 sensibus
1504 3811 1664 3900 retiosas
1685 3813 1891 3905 adoriatur

451 3919 687 4039 erysipelas,
716 3920 817 4010 illud
837 3922 1059 4011 revulsione
1083 3925 1183 4012 fadai
1204 3930 1247 4010 in
1274 3929 1402 4020 minias
1427 3843 1583 4012 nobiles
1607 3953 1733 4056 partes
1760 3929 1889 4014 advo·

454 4061 547 4130 care
568 4035 625 4121 fas
644 4037 745 4144 erit,
770 4065 867 4150 quas
892 4063 958 4124 aut
978 4037 1250 4124 cantharidum
1273 4038 1432 4150 morsu,
1464 4065 1531 4123 aut
1551 4038 1650 4156 ligni
1674 4041 1754 4130 sani
1774 4042 1890 4154 quod

455 4172 647 4256 mezereon
668 4177 817 4250 vocant
835 4151 1105 4278 impressione,
1133 4149 1200 4238 vel
1216 4152 1378 4237 demum
1404 4155 1631 4268 chirurgico
1659 4153 1790 4262 serto,
1821 4183 1892 4242 aut

457 4260 619 4341 cauterii
637 4258 901 4374 applicatione
915 4265 1102 4354 irritando
1121 4263 1376 4380 suscipiendis
1392 4269 1503 4382 vagis
1523 4291 1640 4378 atque
1660 4267 1893 4362 errabundis

457 4367 691 4456 humoribus
714 4401 773 4460 ars
795 4374 831 4464 sa
860 4407 908 4466 ax
931 4375 1081 4472 habiles
1106 4378 1247 4474 reddit,
1274 4375 1396 4465 Tune
1417 4377 1485 4464 sua
1504 4383 1681 4465 cauterio
1707 4377 1793 4468 laus
1817 4385 1895 4472 erit

459 4505 580 4580 certa.
606 4479 711 4568 Illud
729 4487 813 4598 poti
846 4494 969 4578 smum
988 4491 1209 4579 efficaciam
1227 4519 1390 4578 omnem
1410 4518 1597 4583 exercere
1614 4492 1734 4579 debet
1758 4497 1800 4578 in
1823 4494 1893 4580 illa

456 4589 692 4786 erysipelatis
724 4596 857 4787 ¹specie
891 4629 973 4710 que
997 4602 1153 4804 pendet
1182 4604 1205 4690 *a
1236 4633 1394 4692 veneno
1417 4630 1606 4690 extraneo
1635 4604 1893 4720 reliquiisque

739 4734 762 4790 e

455 4732 547 4794 mor
574 4706 588 4787 i
608 4707 700 4815 qui,·
764 4708 857 4796 dato
877 4715 994 4808 incen
1025 4717 1064 4800 'o
1076 4777 1091 4823 ,
1115 4714 1288 4842 partibus
1310 4743 1442 4812 umen
1456 4720 1611 4814 nocivis
1625 4747 1708 4814 non
1722 4725 1893 4814 omnmo

455 4845 603 4946 corpus
627 4819 811 4914 exhaust.
