4188 5916
449 388 535 467 a„
623 385 642 399 ·
885 303 1430 448 os·uons1s

461 496 472 518 ⁸
507 520 643 610 Primo
661 525 948 646 praeparationis
966 547 1147 655 tempore
1163 518 1303 614 balnea
1304 517 1430 716 plura
1447 517 1654 634 imperavit
1662 582 1678 628 ,
1698 523 1888 611 rernedia·

452 667 530 750 que
544 646 723 753 pauca&
737 635 965 754 praescriptis
979 633 1127 720 similia.
1143 635 1304 740 Dein,a
1333 635 1745 720 motothermometro
1758 638 1888 724 Reau·

451 755 656 859 muriano,
685 753 740 860 ita
758 748 989 834 cubiculum
1009 747 1141 834 claudi
1161 746 1324 833 volebat
1335 808 1352 854 ,
1375 772 1419 830 ut
1441 744 1592 862 semper
1614 749 1746 834 eidem
1763 751 1886 866 gradu

418 862 424 872 ’
451 865 743 980 athmosphaerae
768 863 908 948 inisero
932 858 1200 968 subjiceretur.
1229 861 1324 944 Erat
1349 855 1418 944 ille
1443 871 1492 944 r6
1512 861 1718 974 graduum.
1741 863 1887 949 Paucis

450 977 679 1090 selectisque
695 973 850 1062 cibariis
863 973 1045 1087 utebatur
1058 975 1107 1084 ad
1120 972 1289 1091 pondus.
1308 971 1416 1056 Tirm
1428 972 1581 1088 ptisana
1595 974 1709 1059 mane
1722 975 1887 1088 seroque

452 1092 675 1178 sudoriserae
688 1119 738 1174 ex
751 1087 1085 1204 guaiaco&sarsi
1094 1084 1232 1204 parilli
1243 1085 1292 1172 ad
1302 1087 1459 1170 unciam
1469 1090 1637 1172 unamin
1648 1117 1755 1199 aquae
1765 1087 1887 1176 lib.2.

453 1205 591 1290 addito
600 1202 782 1320 'pauxillo
798 1201 885 1288 salis
901 1199 1058 1288 alcalini
1072 1202 1229 1286 sortiter
1245 1200 1417 1285 decoetae
1432 1196 1697 1284 addicebatur.
1714 1203 1887 1317 AEgrota

452 1321 600 1404 intercal
608 1380 621 1420 ,
642 1325 684 1400 dt
699 1319 784 1431 post
799 1319 947 1432 primos
963 1315 1171 1400 sudoriseri
1186 1311 1468 1420 adhibiti-dies,
1487 1314 1621 1426 paucis
1633 1318 1761 1426 granis
1772 1345 1888 1430 pana·

454 1459 534 1516 cea:
550 1430 792 1520 mercurialis
810 1426 1004 1524 utebatur.
1025 1427 1148 1513 Porus
1166 1431 1249 1512 era't
1262 1455 1312 1511 ex
1326 1426 1502 1512 secundo
1519 1433 1559 1510 ὅ(
1574 1425 1717 1510 leviori
1733 1455 1887 1512 earum·

453 1544 546 1630 dem
567 1543 785 1659 plantarum
812 1540 996 1628 decoeo.
1029 1541 1122 1625 Nec
1151 1537 1278 1624 ullum
1305 1565 1389 1624 erat
1414 1563 1569 1652 tempus
1595 1543 1714 1624 noeiu
1739 1541 1888 1654 diuque

452 1655 476 1742 ir
494 1655 700 1750 sudoribus
717 1682 895 1739 vacuum·
908 1681 978 1770 per
1001 1653 1083 1738 dies
1103 1657 1278 1767 integros
1294 1651 1549 1764 quadraginta
1555 1713 1569 1756 ‚
1588 1681 1673 1736 non
1690 1654 1769 1738 stne
1782 1659 1887 1740 into-

452 1768 617 1856 lerando
633 1766 954 1854 muliercularum
969 1767 1121 1850 fastidio
1136 1797 1149 1866 3
1166 1765 1233 1850 sed
1247 1763 1438 1876 quidquid
1452 1765 1791 1875 contradicerent,
1812 1769 1888 1852 sor·

453 1887 545 1968 riter
556 1876 767 1998 pergebat,
782 1878 896 1964 diaeti
910 1878 1088 1990 alioquin
1105 1877 1185 1964 levi
1201 1887 1244 1964 &t
1257 1873 1494 1991 vegetabili,
1516 1883 1538 1959 i
1558 1875 1701 1991 butyro
1721 1882 1887 1967 interdi-

453 2025 560 2081 cens.
586 1996 770 2078 Sanctam
788 1989 865 2078 haic
882 1991 1077 2077 methodo
1096 1991 1178 2076 vidi
1196 2020 1278 2074 non
1295 2019 1412 2074 unam
1429 2020 1441 2089 3
1463 1992 1641 2076 nocuisse
1656 2015 1790 2076 tamen
1808 1995 1886 2109 plu·

454 2107 561 2192 ribus
581 2100 934 2192 delicatioribus&
954 2108 1120 2190 thorace
1137 2107 1297 2188 infirmo
1312 2103 1479 2217 praeditis
1501 2106 1612 2188 cettb
1635 2103 1741 2211 scio,
1767 2109 1822 2192 ita
1843 2135 1888 2192 ut

452 2249 538 2364 unaA
552 2221 651 2304 mihi
674 2215 800 2332 probe
827 2220 989 2332 cognita
1009 2245 1061 2302 ex
1083 2219 1131 2303 iis
1147 2217 1340 2332 phthisrca
1360 2211 1619 2327 occubuerit,
1642 2244 1735 2302 cute
1756 2245 1887 2307 nmen

452 2333 556 2418 sana.

507 2446 663 2530 Incerta
687 2445 765 2550 et,
793 2471 869 2530 nec
898 2445 1084 2553 cuiquam
1112 2442 1224 2527 certb
1251 2439 1435 2528 concessa
1460 2443 1672 2530 methodus
1698 2446 1887 2530 humores

453 2584 524 2672 per
547 2561 677 2642 urinas
701 2555 933 2671 ablegandi,
961 2560 1016 2640 ita
1039 2579 1084 2640 ut
1103 2551 1187 2640 fere
1210 2557 1328 2638 unica
1351 2557 1398 2640 fit
1421 2561 1539 2648 urinae
1562 2561 1740 2643 excretio
1766 2585 1885 2666 quam

454 2668 564 2756 nulli
582 2673 625 2754 in
643 2672 830 2786 regione,
849 2667 963 2754 nullo
986 2665 1056 2750 sub
1081 2666 1191 2752 coelo
1208 2669 1326 2782 possis
1343 2669 1547 2755 adnutum
1564 2661 1722 2756 elicere.
1749 2669 1885 2754 Cona-

454 2807 518 2868 tus
536 2787 577 2868 in
592 2786 697 2868 hanc
716 2808 863 2868 metam
882 2785 1016 2866 inanes
1036 2781 1078 2884 id
1093 2807 1225 2865 tamen
1241 2779 1388 2868 habent
1408 2783 1513 2868 utilis
1533 2783 1645 2895 qubd
1663 2789 1754 2868 cum
1773 2781 1883 2868 nulla

454 2896 538 2980 sere
568 2898 616 2982 srt
643 2895 861 2982 differentia
897 2896 1001 2979 inter
1031 2891 1222 2978 diuretica
1254 2901 1296 2979 ὃ(
1325 2922 1372 2979 ea
1401 2926 1485 3007 quae
1512 2897 1669 3012 proprie
1701 2898 1864 2982 dicuntu

405 3039 409 3062 ¹
453 3011 665 3126 aperientis
671 3071 686 3116 ,
699 3011 840 3124 partim
853 3010 988 3092 tonica
995 3067 1009 3112 ,
1022 3009 1162 3120 partim
1174 3007 1392 3124 saponacea
1397 3071 1411 3115 ,
1425 3014 1558 3094 omnia
1571 3039 1655 3120 quae
1668 3010 1718 3094 ad
1730 2925 1891 3096 elicies·

454 3123 523 3208 das
533 3126 664 3210 urinas
677 3147 895 3227 tentamur,
914 3119 963 3204 ad
976 3119 1186 3204 sanandam
1200 3119 1333 3206 morbi
1348 3123 1502 3206 causam
1519 3121 1737 3208 collineant
1752 3156 1765 3224 ;
1780 3125 1885 3210 unde

454 3238 668 3324 methodus
684 3237 860 3324 curativa
871 3229 981 3318 nulla
993 3260 1101 3319 caret
1117 3234 1316 3320 diuteticis
1324 3297 1339 3342 ,
1356 3239 1534 3347 quamvis
1548 3235 1644 3352 sepe
1661 3265 1794 3322 careat
1808 3238 1886 3322 diu·

453 3352 538 3436 rest.
566 3351 748 3466 Superest
768 3375 866 3464 ergo
892 3345 1041 3462 largior
1060 3377 1143 3458 quae
1190 3377 1233 3432 er
1253 3346 1385 3432 alvum
1409 3351 1577 3464 aperitur
1600 3348 1777 3456 sentina,
1804 3381 1885 3461 quat

454 3491 628 3579 corpote
653 3459 755 3548 bene
780 3487 993 3576 preparato
1006 3521 1022 3568 ,
1049 3381 1241 3546 meatibus
1268 3460 1434 3570 liberis,
1461 3466 1709 3573 humoreque
1732 3463 1882 3572 fluassi,

453 3578 544 3664 tari>
563 3575 666 3662 sallit
682 3599 828 3662 euentu
848 3607 861 3676 3
886 3575 914 3658 fi
959 3574 1048 3659 ussit
1068 3601 1201 3660 tamen
1219 3574 1397 3659 efficacia
1415 3576 1570 3660 cursam
1589 3581 1782 3692 attingere
1801 3607 1885 3688 quae

450 3689 667 3802 aliquandi>
680 3688 845 3775 remedii
854 3603 983 3774 eludit
995 3689 1178 3772 effessum
1186 3751 1200 3797 ,
1217 3715 1393 3801 tuncque
1413 3688 1434 3773 i
1449 3689 1701 3805 purgantibus
1718 3692 1893 3776 siccatur·

454 3833 601 3920 corpur
621 3813 664 3890 δι
684 3799 797 3888 altius
817 3803 1033 3888 intenditur
1050 3808 1092 3886 bt
1109 3803 1355 3909 incurratur,
1375 3830 1420 3889 ut
1435 3800 1596 3888 barbare
1613 3803 1781 3914 loquar,
1802 3833 1885 3888 ma-

450 3923 571 4006 teries
603 3917 778 4024 aridior,
813 3916 937 4026 fitque
967 3913 1297 4022 immedicabilis,
1330 3944 1406 4000 nec
1432 3914 1563 4030 posted
1590 3915 1883 4002 obsecrarem

452 4029 700 4146 expellenda.
720 4029 838 4116 Unde
855 4033 896 4114 in
913 4024 1142 4114 adhibendis
1160 4030 1458 4115 medicamentis
1474 4027 1729 4146 purgantibus
1746 4031 1883 4116 sedulb

447 4145 735 4231 attendendum
755 4147 809 4231 est
830 4143 878 4230 ad
898 4167 946 4229 ea
964 4172 1048 4253 quae
1066 4163 1219 4228 veteres
1240 4143 1444 4226 medicine
1462 4171 1588 4257 patres
1609 4147 1728 4230 toties
1750 4145 1883 4260 pradi-

451 4261 624 4358 cavere3
649 4287 820 4371 corpora
841 4287 925 4369 quae
943 4283 1110 4372 purgare
1135 4253 1309 4340 volueris
1335 4256 1455 4340 fluida
1480 4257 1598 4341 facias
1625 4281 1799 4372 oportet.
1827 4261 1883 4342 At

447 4365 615 4482 ttbquae
650 4371 833 4455 humata
870 4374 1066 4456 omntiura
1077 4369 1221 4483 spetiat
1230 4367 1721 4484 regula‚nonadeb1iritib
1731 4369 1882 4456 leviora
1943 4437 1950 4451 .

451 4507 546 4566 com
594 4400 757 4568 ebendir
769 4403 1043 4569 medicamina.
1054 4481 1170 4568 Unde
1181 4507 1226 4567 ut
1237 4485 1277 4566 in
1287 4487 1476 4598 gravitate
1487 4481 1580 4566 mali
1594 4492 1636 4568 br
1650 4479 1734 4590 ejus
1745 4481 1882 4570 rebelli

451 4591 590 4680 indue
612 4593 741 4728 plures
767 4595 855 4682 sunt
878 4598 1044 4710 gradus,
1069 4601 1123 4680 esi
1145 4601 1264 4681 etiam
1289 4604 1372 4681 tiam
1396 4600 1436 4678 in
1461 4625 1536 4709 pra
1564 4601 1742 4682 aratoriis
1762 4598 1883 4684 medi·

450 4731 670 4812 muru,
696 4713 781 4794 tiam
802 4713 843 4794 in
865 4713 1173 4795 catharticorum
1196 4710 1265 4792 usu
1289 4713 1426 4822 ingens
1454 4627 1647 4826 graduum
1670 4712 1881 4796 diversitas.

506 4816 625 4910 Plura
641 4817 731 4908 seru
744 4819 969 4930 bujufinodi
984 4819 1149 4932 mala,s1
1163 4823 1579 4948 noninveterarperint,
1595 4855 1680 4938 qua:
1692 4827 1884 4916 nostrates
