4292 5904
500 393 589 481 ω
944 385 1052 484 nn
1118 343 1488 474 mon-nti

506 557 574 664 qui
588 556 657 638 vix
674 552 723 638 ad
739 547 841 638 cutis
852 548 1079 666 &pilorum
1092 551 1255 640 morbos
1275 557 1464 668 pertinet,
1508 545 1641 634 nando
1659 543 1823 656 quidem
1842 541 1942 640 nibil

505 672 573 750 hic
602 667 740 750 contri
769 693 944 749 naturam
972 668 1046 770 est,
1071 691 1207 780 praeter
1232 666 1428 750 inversum
1451 581 1522 777 pili
1547 659 1732 744 naturalis
1756 663 1877 746 strum
1901 671 1944 750 bt

507 779 726 866 accidentia
749 776 797 860 ab
824 781 905 860 hoc
930 781 1054 892 positu
1082 778 1327 864 deducenda.
1386 785 1389 792 ’
1823 887 1826 892 Ι

566 893 820 976 Contrarium
845 893 952 996 imo,
977 900 1019 974 bt
1048 897 1206 1006 promite
1232 892 1458 1036 oppofitum
1479 890 1532 972 est
1556 886 1705 974 malum
1730 881 1943 976 madarost

506 1027 592 1118 quat
613 1007 762 1087 Graecis'
784 1001 983 1111 uulc'pilm
996 1004 1251 1113 mellificis,
1272 1003 1290 1092 it
1306 1013 1462 1108 μῶησις
1479 1002 1636 1089 diclttlr.
1652 1000 1857 1086 Dlffluunt
1874 1003 1944 1086 sci·

507 1117 605 1204 licet
624 1117 692 1230 pili
717 1117 739 1200 ὲ
758 1116 884 1222 ciliis,
911 1126 953 1200 bt
972 1116 1163 1233 palpebre·
1187 1141 1389 1202 remanent
1408 1113 1572 1230 glabre,
1595 1145 1678 1198 non
1699 1117 1779 1198 sme
1798 1114 1942 1200 oculo·

509 1261 597 1316 rum
617 1239 658 1312 dt
678 1231 781 1314 vistis
803 1231 1031 1315 offensrone.
1058 1232 1102 1314 Si
1128 1230 1277 1340 aliquid
1297 1231 1590 1314 inflammatotii
1612 1228 1732 1333 adsit,
1758 1234 1801 1310 ὁ(
1826 1227 1943 1314 rube-

509 1343 642 1432 dinem
668 1346 904 1430 contrahant
926 1341 1199 1458 palpebrarum
1225 1341 1368 1449 limbi,
1394 1365 1527 1446 tundet
1545 1339 1577 1436 ii
1602 1363 1776 1442 μιλφωσις
1801 1340 1946 1426 dicitur

508 1452 636 1540 Paulo
653 1457 848 1568 AEginetae
872 1464 965 1560 (o);
992 1458 1167 1566 quamvis
1193 1455 1260 1540 alii
1281 1459 1461 1541 audores
1485 1453 1709 1568 promiscue
1734 1451 1946 1566 milphosrn

508 1576 552 1663 dt
574 1568 790 1658 madarosm
809 1570 917 1654 idem
933 1567 1081 1655 malum
1098 1589 1260 1656 vocent.
1279 1569 1432 1655 Vetbm
1453 1571 1561 1650 aiunt
1581 1564 1724 1652 Paulus
1745 1573 1789 1650 ὅ(
1806 1569 1947 1655 Aetius

509 1678 580 1770 'rtis
598 1681 733 1792 reptile
748 1685 833 1767 fieri
852 1688 893 1768 in
914 1683 1096 1799 milphosr
1117 1683 1271 1793 tpulptlrs
1284 1677 1429 1772 {attolus
1448 1702 1571 1782 μιλτο
1588 1717 1633 1768 ‘ru
1653 1680 1761 1795 χροῖω
1780 1677 1946 1784 rubrica,

510 1793 668 1880 ssmiles.
697 1797 787 1879 Imb
807 1795 1201 1902 increscente'malo,
1216 1797 1589 1882 &inflammatione
1610 1798 1728 1878 etiam
1751 1795 1794 1874 in
1819 1793 1945 1878 oculo

513 1907 747 2014 constituti,
775 1911 820 1992 fit
841 1910 989 2020 ptilosrs
1001 1973 1015 2016 ,
1040 1911 1255 1997 defluvium
1277 1908 1450 2024 pilorum
1471 1905 1734 2022 exrpalpebris
1757 1903 1945 1992 induratis

508 2046 631 2128 atque
646 2020 923 2126 tumentibus,
945 2025 1030 2104 imo
1056 2031 1098 2104 ἃ
1123 2022 1291 2131 callosrt.
1320 2019 1436 2104 Unde
1461 2023 1600 2106 Aetius
1628 2015 1763 2103 scribit
1787 2017 1942 2131 ptilosm

420 2186 424 2196 ι
511 2131 589 2218 elle
614 2133 797 2216 affectum
825 2136 1090 2246 compositum
1116 2161 1166 2218 ex
1198 2135 1389 2219 madarosr
1422 2142 1463 2218 bt
1488 2129 1829 2247 sclerophtalmii,
1855 2161 1945 2241 que

511 2240 661 2357 ptilosrs
691 2243 890 2358 lipporum
919 2247 1054 2330 senum
1083 2249 1135 2330 est
1160 2247 1319 2330 affectus
1353 2249 1559 2360 proprius,
1587 2275 1693 2330 nunc
1717 2269 1868 2328 acutum
1893 2247 1935 2329 in

511 2383 668 2442 morem
688 2357 873 2466 saeviens,
899 2389 1004 2442 nunc
1029 2361 1255 2445 chronicus.
1288 2356 1516 2467 Aliquando
1535 2361 1655 2442 etiam
1672 2387 1755 2442 non
1777 2359 1943 2442 omninb

511 2495 622 2554 caret
642 2467 729 2582 pilis
750 2469 921 2583 ptilosrs,
947 2474 1125 2582 quamvis
1146 2471 1323 2558 Galenus
1343 2473 1406 2576 (b)
1430 2467 1656 2586 simpliciter
1673 2471 1806 2562 vellate
1823 2498 1948 2554 voca·

512 2583 615 2664 verit
639 2580 730 2665 illos
757 2582 898 2692 quibus
922 2609 1052 2670 careat
1079 2582 1167 2698 pilis
1195 2583 1391 2699 palpebra,
1422 2585 1503 2670 Sed
1526 2583 1624 2698 saepb
1651 2583 1718 2667 alii
1741 2581 1949 2672 molliore

508 2689 795 2780 subnascuntur
827 2703 913 2803 (c),
948 2695 1082 2806 quales
1114 2696 1366 2782 renascuntur
1395 2695 1635 2782 avicularum
1697 2695 1789 2782 ullis
1814 2697 1948 2811 deplu-

509 2809 628 2890 matis
649 2811 717 2917 qui
734 2806 887 2891 idcircb
907 2810 1010 2923 apud
1033 2809 1197 2896 Graecos
1221 2810 1346 2898 telmai
1360 2808 1620 2897 vocabantur.
1677 2817 1789 2894 erbm
1810 2839 1950 2898 omnes

512 2919 557 3004 hi
581 2917 740 3024 morbi,
765 2927 849 3004 titm
871 2923 1016 3036 gradu,
1044 2929 1128 3006 tbm
1152 2926 1443 3038 compositione
1463 2923 1629 3029 diversr,
1650 2925 1706 3008 ad
1729 2923 1949 3010 madarosm

512 3053 648 3116 tamen
663 3033 904 3141 reseruntur,
931 3066 1015 3144 quae
1035 3039 1087 3122 est
1106 3060 1353 3147 petamus,
1371 3035 1437 3122 seu
1459 3036 1635 3123 calvities
1659 3034 1722 3152 pal
1752 3034 1949 3122 ebraturn.

571 3143 795 3228 Aviccnnas
826 3153 868 3229 dt
897 3145 1047 3232 Arabes
1075 3149 1125 3233 de
1155 3151 1299 3234 eodem
1328 3147 1472 3233 morbo
1499 3165 1663 3263 egerunt
1687 3068 1759 3233 sub
1788 3153 1948 3238 nomine

501 3249 629 3366 stlat,
654 3253 722 3337 sed
745 3281 883 3368 prater
902 3287 1052 3343 nomen
1079 3261 1178 3342 nihil
1207 3291 1339 3376 graecae
1368 3265 1563 3348 curationi
1594 3262 1853 3370 addiderunt,
1883 3287 1950 3348 aut

510 3391 775 3452 mutaverunt.
801 3367 860 3452 Ea
884 3397 1015 3454 autem
1038 3370 1310 3487 palpebrarum
1332 3375 1508 3484 calvities
1529 3375 1675 3490 pendet
1694 3372 1742 3459 ab
1764 3375 1949 3462 omnibus-

507 3481 637 3566 causrs
661 3509 745 3590 quae
765 3478 848 3566 aliis
866 3483 907 3565 in
929 3482 1032 3570 locis
1056 3485 1271 3570 defluvium
1290 3515 1357 3571 aut
1372 3485 1519 3592 barbae,
1541 3517 1607 3573 aut
1628 3485 1866 3604 capillorum
1886 3493 1947 3574 in·

505 3589 616 3681 serre
634 3592 811 3706 possunt,
837 3595 1044 3708 prasertim
1064 3600 1161 3682 verb
1187 3595 1235 3684 ab
1261 3599 1444 3684 acredine
1462 3601 1681 3709 erodente,
1704 3633 1774 3688 aut
1799 3607 1951 3688 inflam-

503 3717 647 3788 -mant'e
682 3706 883 3819 herpetict
897 3771 914 3813 ,
949 3709 1055 3794 unde
1090 3711 1206 3823 srgnis
1243 3710 1291 3795 ab
1329 3716 1472 3800 horum
1504 3713 1735 3804 morborum
1773 3719 1950 3831 diagnost

504 3819 683 3930 petitis,
719 3819 894 3902 interior
919 3823 1133 3908 humorum
1171 3824 1351 3910 conditio
1383 3854 1433 3910 ex
1467 3825 1603 3915 iisdem
1640 3829 1948 3916 indicationibut

515 3957 685 4014 curatur.
713 3927 901 4015 Praeterei
920 3931 1017 4047 sape
1044 3933 1066 4018 it
1088 3935 1270 4042 variolis,
1288 3965 1356 4022 aut
1374 3943 1580 4054 eruptione
1600 3942 1836 4028 accidentali
1855 3941 1946 4026 bul·

501 4037 590 4128 ‚bos
604 4043 806 4128 inficiente
823 4043 1066 4130 destruuntur
1080 4047 1138 4131 illi
1150 4111 1163 4154 ,
1177 4052 1343 4160 tarsrque
1360 4051 1442 4138 fere
1457 4053 1642 4138 denudati
1657 4056 1947 4167 relinquuntur,

514 4152 620 4239 unde
639 4155 685 4238 fit
700 4154 907 4242 madarosu
923 4159 1240 4246 immedicabilis.
1260 4165 1410 4249 Veritm
1434 4167 1502 4250 nist
1523 4167 1698 4254 calvities
1722 4167 1948 4254 universalis

516 4266 612 4350 adfrt
629 4274 670 4349 dt
694 4267 866 4380 pilorum
890 4272 1137 4379 defluvium,
1164 4277 1251 4360 τετὸ
1273 4277 1482 4366 madarosrs
1503 4279 1668 4394 simplex
1692 4278 1952 4388 observatur,

498 4375 584 4464 sed
606 4382 736 4490 potius
761 4379 974 4493 milphosrs.
1070 4453 1073 4462 ,
1378 4389 1382 4396 ’
1791 4470 1795 4478 .

496 4544 501 4561 ·
574 4489 694 4575 Certe
718 4521 856 4580 omnes
879 4494 1130 4585 madaroseos
1145 4499 1294 4614 species
1316 4499 1464 4588 malum
1485 4507 1617 4617 potitis
1639 4505 1947 4594 incommodum

476 4679 481 4685 ⁵
558 4700 616 4773 (a)
642 4697 721 4759 Paul.
743 4701 790 4760 lib.
813 4724 918 4788 3,tap
946 4723 994 4766 ιι.
1013 4703 1138 4770 Galenus
1157 4707 1190 4768 de
1210 4707 1385 4796 Compcscc,
1402 4713 1482 4790 loce,
1499 4713 1546 4782 lib.
1562 4735 1599 4790 4,
1616 4734 1677 4801 cup.
1695 4733 1724 4796 ς,

557 4775 614 4853 (l)
635 4775 736 4838 Galen.
754 4802 813 4862 cap.
837 4803 894 4858 15,
913 4787 959 4847 lib.
979 4806 1034 4864 14,
1052 4787 1144 4853 metb
1162 4789 1239 4856 Mel.

552 4860 604 4942 (c)
623 4856 740 4927 Acium.
757 4862 803 4926 ub.
822 4885 854 4942 ι,
872 4887 933 4950 cap.
949 4887 979 4939 7.
