4226 5916
638 327 1160 488 'corausto

308 691 317 706 ·
571 517 1233 665 Anr1ouuus1n

387 821 390 834 ·
525 764 593 850 De
616 768 756 858 Morbo
779 771 875 858 dido
896 772 1051 886 Lepian
1074 802 1125 854 ou
1148 769 1286 898 Epion.
1325 771 1328 776 ’
1395 729 1397 734 ¹

171 993 174 1002 ·
248 957 446 1068 Quamvis
457 957 581 1046 multa
597 961 691 1045 huic
706 959 850 1048 morbo
867 989 959 1048 cum
974 963 1147 1076 superius
1159 961 1355 1075 descripto
1371 974 1629 1078 conveniant,

193 1067 314 1154 idem*
323 1098 447 1184 genus
468 1071 686 1158 affeiiionis
705 1075 931 1181 constituit,
946 1073 1117 1187 speciem
1139 1073 1355 1181 diversam,
1377 1105 1420 1162 ut
1438 1079 1503 1166 Cl.
1524 1085 1626 1166 Sau-
1683 1097 1688 1108 “

194 1185 313 1292 uages
338 1190 401 1286 (a)
429 1210 631 1292 autumat,
661 1192 702 1270 br
729 1213 836 1299 patet
854 1215 904 1272 ex
924 1187 1125 1299 utriusque
1144 1185 1267 1270 deseri
1297 1186 1482 1277 tionibus.
1507 1195 1629 1279 Licet

194 1289 397 1380 fatendum
414 1297 460 1379 sn
474 1295 780 1412 descriptionem
799 1327 916 1408 quam
933 1298 1049 1383 nobis
1069 1296 1227 1408 reliquit
1242 1218 1374 1386 iiiustr.
1399 1301 1547 1388 Sloane
1561 1307 1627 1408 (b)

194 1401 327 1492 morbi
354 1407 446 1494 diui
473 1409 576 1524 apud
603 1408 865 1500 Jamaicenses
899 1409 1037 1498 Yoer
1066 1408 1206 1494 melius
1240 1413 1455 1497 convenire
1482 1413 1627 1500 morbo

196 1515 393 1630 descripto
411 1518 480 1606 sub
497 1523 660 1606 nomine
674 1521 777 1606 Pion
790 1519 812 1605 {a
824 1523 879 1606 D.
893 1521 1047 1636 Virgile
1066 1554 1086 1606 a
1116 1522 1168 1606 ud
1181 1521 1246 1610 Gl.
1263 1525 1461 1638 Sauvages
1473 1589 1494 1633 ,Ι
1509 1525 1629 1637 quim

194 1627 261 1720 illi,
277 1634 345 1740 qui
369 1631 416 1714 ab
439 1663 641 1746 anonymo
658 1633 796 1747 Anglo
809 1660 853 1718 ut
868 1631 1005 1718 Yoer
1024 1553 1266 1722 deliribitur.
1293 1638 1400 1722 Nam
1424 1642 1629 1724 curatione

197 1743 290 1938 dtpm
312 1748 524 1856 convenit,
547 1745 738 1862 discrepat
756 1773 921 1858 uterque
939 1751 1074 1832 audior
1093 1751 1136 1830 in
1157 1747 1378 1834 enarrandis
1392 1749 1629 1865 symptoma-

193 1881 312 1949 trus.
1144 1943 1146 1946 ,

251 1966 423 2055 Morbus
440 1971 580 2086 incipit
588 1971 644 2057 'ab
658 1971 794 2058 ulcere
808 1971 968 2060 sordido
986 1973 1095 2084 quod
1109 1975 1342 2087 momopion,
1366 1976 1444 2058 srve
1463 1989 1629 2062 matrem

193 2083 403 2276 pianorum
415 2111 575 2172 vocant.
592 2085 728 2170 Posteit
739 2086 970 2174 excrescunt
984 2083 1131 2195 ubique
1144 2084 1317 2200 fungosae
1331 2087 1627 2195 excrescentia,

226 2192 438 2286 accasrubi
451 2195 536 2281 idai
550 2196 801 2306 exhibentes,
822 2204 865 2281 bt
882 2195 1044 2302 colore,
1062 2203 1104 2280 bt
1123 2194 1350 2304 volumine,
1370 2205 1411 2283 bt
1423 2201 1629 2284 consisten-

193 2305 1136 2424 tii.Tertiumsymptomaestexcoriatioplantae
1173 2309 1307 2416 edum,
1321 2307 1388 2393 vel
1429 2309 1538 2395 alma
1553 2342 1630 2394 ma·

195 2419 318 2506 noum
340 2451 423 2530 quat
442 2420 585 2502 dicitur
600 2420 742 2505 Craba.
765 2421 866 2505 Haec
884 2419 1052 2534 duplicis
1071 2423 1123 2504 est
1139 2340 1284 2534 iireciei
1293 2482 1308 2531 ,
1323 2341 1428 2506 andi
1443 2423 1628 2512 dividitur

195 2531 237 2616 in
261 2530 433 2618 Crabom
457 2531 625 2616 viridem
647 2541 689 2616 ὃ(
713 2533 868 2620 siccam.

251 2642 378 2733 Ulcus
403 2645 598 2758 primum,
623 2647 702 2729 five
723 2643 935 2761 manzopiorr
954 2642 977 2728 a
993 2671 1075 2754 quo
1095 2640 1259 2726 morbus
1284 2643 1446 2756 incipit,
1469 2644 1518 2728 ad
1538 2648 1631 2762 pol-

195 2751 286 2844 licis
294 2820 309 2863 ,
328 2756 394 2841 v'el
408 2758 544 2840 manus
556 2755 803 2843 latitudinem
815 2755 1037 2843 extenditur
1046 2755 1375 2866 superficiarium,
1391 2757 1628 2866 mucosum,

195 2873 432 2984 pertinacius
453 2870 505 2953 est
519 2867 653 2954 ulcere
666 2866 818 3064 vulpam
826 2931 841 2978 ,
857 2895 932 2952 nec
948 2867 1129 2953 remediis
1144 2867 1244 2950 adeo
1259 2863 1376 2950 facile
1391 2867 1509 2952 cedit.
1529 2869 1631 2954 Hoc

195 2979 312 3068 ulcus
328 2980 473 3094 ubique
485 2983 719 3088 innascitur,
756 2982 808 3066 ed
825 2980 930 3066 tibiis
947 2981 1166 3093 prasertim.
1182 2976 1318 3062 Posteb
1337 2983 1405 3089 qui
1419 2980 1629 3068 nascuntur
1728 3069 1731 3074 ,

60 3163 62 3170 ,
198 3093 337 3207 fungi,
358 3094 446 3182 sunt
463 3091 613 3182 coloris
634 3095 736 3178 rosei
747 3155 762 3200 ,
777 3092 842 3184 vel
863 3091 1007 3208 pallide
1024 3090 1156 3196 rubri,
1174 3088 1272 3174 nulli
1294 3087 1442 3197 ulceri,
1463 3092 1531 3177 sed
1546 3097 1632 3182 cuti

197 3203 492 3313 adhaerescunt,
549 3205 720 3314 ranulis,
745 3208 811 3291 seu
827 3203 980 3328 papillis
996 3203 1234 3318 exasperati,
1260 3233 1380 3288 muco
1398 3203 1631 3298 rubescente

198 3319 393 3404 continub
410 3238 569 3404 madiis.
593 3320 638 3402 Si
658 3320 809 3433 copiosa
828 3317 938 3424 sunt,
958 3321 1087 3410 nunus
1106 3313 1297 3400 volumen
1314 3316 1495 3408 obtinent
1508 3323 1578 3423 (c),
1601 3320 1630 3404 st

197 3432 432 3545 pauciores,
455 3430 683 3546 grandiores
710 3431 798 3514 sunt
825 3430 874 3515 ad
898 3429 1021 3540 usque
1039 3432 1153 3512 nucis
1178 3428 1501 3540 magnitudinem.
1522 3429 1630 3518 ·Nec

199 3541 404 3630 fidendum
424 3547 476 3626 est
496 3541 747 3656 paucioribus
768 3540 1074 3658 erumpentibus.
1094 3537 1210 3623 Undb
1223 3535 1353 3624 solent
1369 3539 1482 3648 hujus
1504 3540 1629 3652 depu-

197 3657 393 3742 rationem
419 3659 663 3741 excrementi
691 3655 878 3739 cardiacis
911 3651 1157 3751 sollicitare;
1194 3677 1322 3736 metus
1355 3655 1407 3736 est
1442 3656 1549 3744 enim
1575 3679 1627 3744 ne

176 3850 180 3860 ,
197 3767 363 3872 morbus
383 3768 610 3876 reviviscat,
630 3791 676 3851 ut
695 3795 792 3881 pote
811 3797 893 3850 non
914 3764 1084 3877 perfebib
1102 3765 1152 3850 de
1180 3791 1324 3850 uratus.
1535 3773 1537 3776 ’

241 3877 378 3964 Crabae
390 3880 533 3967 virides
548 3880 637 3968 iirnt
650 3877 786 3993 amplo
801 3881 1092 3969 excoriationes
1104 3794 1177 3960 sub
1188 3875 1368 3992 pedibus,
1379 3871 1446 3958 vel
1458 3877 1498 3957 in
1511 3877 1628 3966 mani-

198 3991 271 4076 bus
288 4021 452 4101 exortae,
472 3997 716 4108 pertinaces,
733 3989 845 4074 nullo
860 4017 1037 4098 tumore,
1060 3989 1126 4082 sed
1142 3988 1286 4073 eodem
1302 3985 1469 4092 colore,
1488 3985 1628 4072 eidem

197 4103 326 4188 forma
343 4107 533 4220 praeditae,
555 4135 601 4188 ac
616 4106 644 4187 st
659 4103 856 4191 musculus
872 4107 1036 4186 omnino
1052 4101 1179 4186 nudus
1194 4099 1298 4191 effer.
1318 4096 1502 4179 Humidae
1518 4097 1627 4205 sunt,

197 4217 308 4302 sensu
328 4222 518 4329 exquisito
537 4217 711 4332 praedita.
724 4213 860 4299 Crabae
876 4217 984 4299 ficcae
1000 4217 1054 4302 stc
1073 4213 1181 4298 didiae
1197 4209 1382 4292 differunt
1401 4206 1422 4292 b
1439 4208 1627 4296 viridibus
1675 4229 1679 4238 ’

200 4329 309 4438 quod
329 4333 372 4417 in
392 4331 530 4415 iisdem
548 4329 651 4420 locis
672 4355 767 4411 caro
792 4327 837 4412 fit
856 4331 1036 4409 coriacea
1048 4327 1111 4430 (A)
1134 4324 1257 4427 ficca,
1277 4320 1416 4407 dolens
1436 4347 1567 4418 tamen
1585 4328 1628 4410 bt

200 4439 356 4556 aspera,
378 4441 656 4553 albescensque
670 4465 787 4549 atque
801 4436 969 4521 farinosa
984 4445 1026 4520 bt
1041 4437 1145 4547 quast
1162 4437 1324 4550 virgata,

236 4599 293 4672 (a)
317 4597 458 4678 &irreges
473 4595 614 4678 Nosolog.
627 4593 690 4656 CL.
703 4591 744 4654 X·
759 4613 793 4674 23
809 4600 835 4653 or
849 4611 896 4662 24,

241 4677 300 4752 (b)
321 4675 444 4736 Histoire
463 4675 608 4737 Naturelle
624 4674 661 4736 of
672 4675 802 4744 Jama'r'ca
821 4669 925 4736 lotrod.
941 4689 1006 4762 pag.
1027 4678 1095 4740 ηε.

240 4761 298 4838 (t)
322 4757 440 4824 Sloane.
457 4757 522 4817 loco
539 4760 633 4817 citato.

240 4836 301 4920 (d)
323 4837 465 4924 Sauvages
474 4880 485 4912 ,
504 4835 569 4900 locu
586 4839 680 4904 citato.
