4246 5900
387 355 485 522 *is
619 429 726 520 DE
788 433 1158 524 MO’RBIS
1224 435 1712 530 CUTANEIS.

428 623 475 683 ut
502 595 664 682 sinibriae
693 596 900 714 longiores
932 601 1105 685 striarum
1135 596 1367 715 longiorum
1402 607 1691 692 extremitatem
1722 597 1871 692 consti·

429 735 554 798 tuaiit.
588 713 636 794 In
660 711 858 826 unguibus
886 712 1111 804 animalium
1138 709 1402 830 solidipedum
1432 743 1561 804 textus
1590 715 1687 821 ille,
1715 721 1798 800 tiam
1825 719 1871 798 iit

428 851 593 935 ungue,
629 831 714 910 tiim
746 829 786 910 in
824 852 915 912 cute
948 824 1182 911 correlativi
1212 834 1407 916 maximus
1435 836 1487 916 est
1518 841 1559 916 dt
1588 829 1870 932 solidissimus,

429 938 602 1046 striaeque
624 947 666 1022 dt
686 937 924 1053 multiplices
948 947 990 1022 dt
1036 939 1213 1028 rosundae
1233 971 1406 1054 unguem
1431 943 1631 1056 plicaturis
1652 941 1873 1024 numerosis

429 1051 600 1136 firmant.
633 1051 713 1139 Sed
746 1056 826 1136 hoc
853 1049 984 1137 subtili
1030 1083 1101 1136 mae
1125 1049 1281 1140 sabricae
1312 1059 1521 1140 artificium
1552 1059 1617 1141 hic
1646 1052 1874 1144 describere

429 1165 589 1252 nonest
614 1166 730 1246 nostri
754 1167 925 1248 instituti.

432 1349 439 1364 .
489 1275 595 1359 Cum
616 1276 856 1391 epidermide
878 1267 1002 1391 potest
1023 1280 1165 1388 unguis
1183 1275 1400 1384 bsubjeslis
1420 1275 1593 1389 partibus
1613 1277 1743 1364 avelli.
1765 1279 1872 1387 Quae

427 1389 640 1502 epidermis
663 1386 852 1502 plicatus
874 1389 1046 1474 radicem
1071 1393 1214 1502 unguis
1238 1393 1389 1497 firmat,
1414 1400 1456 1476 dt
1476 1393 1516 1472 in
1536 1390 1616 1474 sese
1635 1391 1759 1478 redux
1777 1417 1871 1475 eum
2005 1495 2010 1504 ι

428 1499 585 1588 deserit.
605 1505 660 1586 Ar
678 1501 770 1588 inde
788 1530 938 1616 ungues
960 1530 1032 1613 pro
1054 1501 1162 1610 mersi
1211 1505 1434 1590 rotensrone
1453 1503 1704 1618 epidermidis
1724 1500 1873 1588 haberi·

427 1612 506 1704 dos
530 1643 613 1697 non
633 1641 770 1700 verum
793 1617 868 1721 est,
889 1617 982 1700 ciirn
1004 1611 1137 1700 subtus
1155 1533 1215 1700 illi
1238 1614 1390 1702 alantur
1402 1681 1416 1723 ,
1444 1625 1486 1702 dt
1509 1617 1598 1701 vasa
1621 1614 1644 1700 a
1667 1642 1777 1700 textu
1806 1642 1872 1698 re-

428 1724 585 1819 ticulari
602 1729 820 1840 accipiant,
843 1759 926 1836 quae
943 1731 1061 1814 etiarn
1077 1755 1216 1814 eorum
1230 1727 1476 1817 substantiam
1492 1727 1698 1844 penetrent
1707 1790 1725 1835 ‚
1739 1726 1870 1840 qualia

429 1837 622 1923 dubitanti
642 1841 739 1922 mihi
759 1838 938 1924 exhibuit
952 1839 1118 1956 collega
1136 1844 1264 1928 noster
1282 1842 1512 1928 Descemet.

487 1955 649 2066 Ungues
668 1956 710 2038 in
731 1953 835 2036 soetu
853 1952 1068 2039 mollissimi
1091 1963 1133 2038 dt
1154 1955 1363 2046 tenuissimi
1390 1956 1439 2040 ad
1463 1971 1592 2040 aerem
1614 1951 1870 2060 indurantur,

427 2071 472 2156 ὃ(
496 2065 740 2151 increscente
763 2093 873 2152 aetate
897 2069 996 2154 fiunt
1017 2068 1205 2152 durissimi
1226 2101 1238 2169 ;
1262 2071 1347 2152 imb
1370 2073 1411 2152 iii
1436 2068 1617 2156 aridis&
1641 2063 1872 2150 atrabilariis

427 2183 749 2294 temperamentis
776 2211 829 2265 un
886 2209 928 2266 es
956 2181 1101 2293 pedum
1130 2180 1276 2266 calceis
1311 2183 1577 2297 apprelsorum
1602 2179 1803 2264 finduntur
1826 2182 1871 2264 in

412 2289 620 2399 laminas,
649 2292 801 2408 semper
849 2292 1162 2408 ongitudinalem
1190 2296 1372 2379 ordinem
1400 2297 1624 2382 affetlantes
1637 2355 1652 2398 ‚
1683 2295 1768 2378 imo
1795 2289 1869 2375 ali-

427 2405 588 2514 quando
622 2407 803 2490 videntur
839 2409 882 2490 in
921 2437 1048 2494 cornu
1083 2406 1345 2513 excrescere,
1383 2417 1425 2492 dt
1461 2408 1652 2493 summani
1686 2405 1870 2490 affeslare

427 2517 649 2603 crassitiem.
675 2517 753 2602 Ubi
771 2547 905 2606 tenera
922 2521 975 2604 cst
993 2524 1095 2606 curis
1116 2528 1159 2606 dt
1179 2551 1233 2606 un
1262 2523 1322 2606 uis
1340 2519 1546 2606 substantia
1566 2516 1749 2622 mollior,
1766 2516 1870 2632 pres-

427 2630 556 2717 siones
576 2657 792 2746 corporum
815 2659 1091 2718 extraneorum
1115 2551 1311 2718 macufiim
1333 2662 1501 2746 opacam
1520 2629 1651 2716 albam
1670 2627 1868 2742 unguibus

428 2743 684 2858 imprimunt,
710 2775 793 2854 quae
818 2745 914 2828 dum
938 2746 1079 2832 crescit
1105 2747 1246 2858 unguis
1270 2744 1318 2828 ab
1341 2745 1476 2832 infims
1495 2743 1577 2848 ejus
1600 2770 1710 2856 parte
1731 2741 1780 2826 ad
1799 2769 1867 2826 ex·

338 2905 341 2912 ·
427 2869 595 2940 tremam
621 2857 744 2968 usque
770 2856 907 2942 sensim
934 2857 1094 2970 pellitur
1122 2867 1164 2944 dt
1189 2859 1349 2945 tandein
1375 2857 1574 2972 disparet3
1603 2856 1644 2938 id
1670 2857 1788 2943 etiam
1814 2852 1869 2938 de

428 2966 595 3061 maculis
622 2967 840 3080 sanguineis
868 2996 1006 3052 vetum
1034 2973 1088 3058 est
1100 3030 1115 3075 ‚
1147 3001 1231 3081 quae
1259 2976 1351 3057 clim
1375 2970 1551 3060 tarde&
1609 2969 1664 3052 ost
1693 2962 1868 3075 plurium

427 3079 619 3166 mensium
640 3078 890 3165 interuallum
914 3081 1154 3196 dispareant,
1181 3091 1223 3168 ὅ(
1250 3085 1298 3170 ad
1326 3111 1500 3176 extrema
1528 2999 1781 3167 disdindenda
1804 3078 1867 3164 se·

429 3217 561 3275 rantur
573 3254 588 3297 ‚
612 3189 763 3278 indicio
786 3192 876 3279 sunt
894 3192 1011 3304 quini
1033 3195 1143 3282 tarde
1166 3201 1329 3282 nutritio
1354 3225 1473 3309 atque
1494 3219 1747 3309 augmentum
1771 3193 1868 3276 siam

428 3305 471 3396 in
495 3301 717 3418 unguibus3
738 3305 849 3416 quod
871 3310 1005 3396 animo
1028 3309 1242 3395 tenendum
1268 3313 1343 3418 est,
1364 3313 1520 3421 quoties
1544 3304 1705 3394 morbus
1726 3303 1869 3414 aliquis

427 3445 580 3532 ungues
596 3444 664 3503 aut
682 3418 859 3527 invadit,
889 3446 956 3506 aut
980 3427 1138 3539 perimit
1156 3455 1168 3526 3
1191 3425 1372 3536 adebque
1394 3452 1523 3510 novus
1549 3423 1689 3534 unguis
1717 3419 1740 3504 ὲ
1761 3447 1868 3534 penu

427 3557 572 3620 natura
595 3531 886 3661 depromendis
909 3537 973 3620 esi.

430 3703 439 3714 -
485 3643 686 3756 Unguium
714 3673 875 3734 externa
897 3645 1042 3736 lamina
1067 3647 1176 3734 sensu
1203 3651 1360 3760 ptorsiis
1386 3647 1601 3732 destituitur
1616 3645 1639 3754 ‚‘
1659 3645 1866 3730 interiores

427 3785 523 3839 cuin
545 3761 736 3870 proximis
767 3758 922 3894 papillis
949 3765 1100 3847 nerveis
1125 3765 1178 3846 ita
1205 3761 1533 3866 confunduntur,
1555 3787 1600 3844 ut
1624 3787 1757 3846 earum
1782 3754 1866 3840 sen-

427 3869 493 3954 stis
517 3871 722 3958 videantur
749 3874 834 3959 fieri
858 3877 1065 3989 participes
1085 3906 1098 3975 ;
1125 3877 1192 3986 qui
1214 3877 1270 3959 ita
1295 3902 1431 3960 acutus
1456 3878 1508 3958 est
1534 3897 1576 3958 ut
1603 3871 1658 3954 ibi
1681 3879 1721 3954 dr
1742 3895 1867 3984 punc·

427 4007 522 4069 turae
545 3983 794 4101 summopere
824 3989 1044 4072 cruciantes
1071 3989 1168 4092 sint,
1191 3995 1233 4070 dt
1263 3987 1316 4070 ob
1346 3986 1672 4100 compressionem
1705 4011 1752 4067 ac
1776 4007 1866 4094 par-

428 4097 530 4182 tium
554 4103 810 4185 arditionem
832 4102 950 4184 etiam
976 4097 1216 4215 periculosa.
1247 4099 1526 4211 Tyrannomm
1552 4126 1640 4180 mos
1665 4096 1739 4180 fuit
1763 4091 1865 4177 anti·

428 4237 530 4320 quus
565 4209 741 4296 sontibus
775 4241 925 4328 ungues
957 4211 1210 4298 avelletead
1237 4217 1372 4296 vivum
1402 4215 1557 4298 summo
1589 4208 1760 4313 dolore,
1796 4205 1865 4316 qui

428 4347 563 4404 tamen
579 4384 593 4428 ‚
623 4325 707 4436 post
735 4324 1051 4436 suppurationem
1082 4327 1160 4412 sine
1197 4323 1282 4408 ullo
1318 4324 1462 4411 dolore
1495 4322 1712 4426 decidunt,
1737 4319 1865 4406 modo

426 4436 582 4546 integra
602 4431 746 4520 ulceris
767 4443 964 4524 maturitas
987 4440 1150 4524 nervosa
1172 4436 1331 4524 vincula
1353 4438 1513 4524 solverit
1535 4435 1714 4521 omnini).
1733 4431 1865 4516 Pluri-

430 4543 572 4638 busin
600 4547 748 4634 morbis
773 4549 815 4634 id
843 4550 1000 4635 accidit.
1035 4553 1126 4636 linb
1152 4553 1292 4638 dantur
1317 4555 1434 4636 etiam
1465 4547 1625 4634 affeeus
1652 4543 1865 4656 inquibus

430 4657 512 4742 sine
530 4657 610 4746 ulls
629 4661 906 4778 suppuratione
923 4662 1113 4750 decidunt
1133 4664 1190 4753 iili
1209 4695 1284 4780 pra
1305 4663 1424 4750 nimii
1439 4661 1664 4776 asperitate,
1683 4665 1724 4744 dt
1745 4660 1867 4744 exsic-

426 4774 592 4860 catione
613 4773 681 4890 sup
711 4777 812 4862 ositae
834 4779 948 4864 cutis.
974 4777 1020 4860 In
1041 4779 1241 4892 phthisicis
1261 4777 1451 4864 familiare
1478 4775 1531 4859 est
1550 4769 1644 4860 illos
1667 4769 1866 4858 incurvari

432 4885 488 4978 ob
513 4884 662 4976 cellulo
682 4921 711 4976 a
732 4887 819 4977 telae
842 4893 1158 4982 emaciatioiiem.
1701 4997 1740 5085 U

1739 5021 1866 5114 riguus
