4188 5916
648 428 1137 536 ourxnnrs
1528 365 1613 556 ,ᾗ

178 601 298 694 'faciei
331 605 476 692 morbo
507 603 760 726 descripserit.
792 613 1020 727 Incipientis
1053 607 1183 696 morbi
1211 604 1279 697 sub
1311 608 1496 696 'exordiis-
1519 643 1548 695 ae
1578 617 1611 700 ri

182 719 282 804 tardi
299 721 407 827 sunt,
423 721 683 830 somnolenti,
700 729 772 808 otii
784 752 976 830 amantes,
993 723 1126 808 alvum
1144 722 1278 806 duram
1296 724 1453 810 habent.
1473 644 1607 809 Atsirb

183 835 318 946 primis
331 831 412 940 ejus
428 839 680 920 incrementis
692 838 891 950 respiratio
903 836 1020 952 pravd
1035 834 1139 942 olet,
1157 833 1210 918 ob
1223 838 1364 919 interni
1377 837 1529 950 spiritds
1542 866 1610 922 ex·
1654 879 1658 882 ·

181 942 425 1048 bulationem
438 979 450 1045 3
465 945 836 1056 lotiumturbidum,
851 947 1007 1054 album,
1024 945 1139 1058 quale
1153 944 1418 1052 jumentorum
1431 981 1443 1049 ;
1458 948 1611 1054 (forsan

183 1055 292 1139 idem
316 1056 415 1142 illud
442 1062 495 1142 est
522 1060 631 1169 quod
651 1058 721 1143 sub
747 1065 910 1146 nomine
935 1064 1054 1144 urinae
1078 1059 1213 1144 scateae
1239 1058 1461 1144 Paraceisus
1483 1068 1545 1165 (o)
1570 1064 1611 1144 in

182 1164 299 1274 hujus
327 1167 457 1278 morbi
491 1175 736 1286 exposrtione
764 1173 961 1288 descripsit
979 1179 1020 1275 ):
1052 1171 1092 1256 di
1119 1173 1218 1255 estio
1236 1170 1366 1272 ,facilis
1388 1173 1548 1283 quidem
1567 1181 1610 1258 bt

185 1309 396 1396 prompta,
418 1283 484 1368 sed
505 1284 625 1368 cruda
647 1294 689 1369 ὅ(
707 1287 931 1400 imperfesia
942 1348 956 1391 ,
979 1295 1019 1368 dt
1035 1203 1193 1395 scybala
1207 1313 1290 1368 non
1307 1288 1421 1368 cous
1442 1284 1613 1370 formam

184 1419 317 1477 tamen
347 1399 637 1486 concoiiorum
663 1395 869 1502 obtinent,
900 1397 1030 1481 forsan
1057 1393 1112 1480 ob
1139 1395 1319 1480 ardorem
1353 1425 1433 1508 quo
1463 1399 1614 1482 interna
1662 1395 1664 1405 ’

187 1531 364 1590 uruntur.
392 1508 491 1592 Haec
510 1512 551 1591 in
572 1509 696 1623 primi
716 1509 847 1593 morbi
867 1508 1047 1623 periodo.
1075 1506 1212 1592 Posteit
1234 1511 1330 1593 verb
1350 1535 1525 1594 tumores
1549 1505 1616 1592 alii

185 1613 294 1725 juxta
314 1618 411 1703 alios
434 1620 674 1733 exsurgunt,
706 1621 883 1705 nondirm
905 1618 1108 1724 continui,
1133 1619 1201 1703 sed
1222 1621 1329 1703 craffi
1347 1628 1389 1704 be
1409 1621 1555 1735 asperi,
1572 1628 1616 1703 dt

187 1732 432 1816 interstitium
451 1759 653 1816 tumorum
678 1727 874 1818 discissum
892 1737 964 1838 est,
992 1759 1038 1816 ut
1057 1731 1119 1816 ele
1147 1735 1273 1816 hantis
1301 1737 1467 1816 corium.
1495 1734 1616 1816 Venae

187 1837 273 1924 latae
285 1843 372 1928 sunt
381 1906 395 1950 ,
412 1874 494 1928 non
505 1844 559 1928 ob
571 1846 767 1958 sanguinis
782 1844 1094 1950 redundantiam,
1108 1763 1175 1928 sid
1217 1871 1349 1958 ropter
1365 1848 1465 1928 cutis
1481 1843 1618 1928 infarc-

187 1977 274 2036 tum
300 1963 342 2038 &
363 1958 582 2040 crassitiem.
607 1955 683 2042 Pili
704 1962 746 2043 in
772 1961 901 2042 omnis
926 1961 1105 2072 corporis
1124 1875 1273 2040 ambitu
1296 1961 1616 2070 ptaemoriuntur,

189 2068 231 2148 in
259 2068 464 2174 manibus,
493 2067 734 2174 femoribus,
763 2079 803 2154 ὃ(
828 2068 944 2154 tibiis.
971 2071 1018 2152 In
1046 2068 1149 2182 pube
1175 2077 1224 2151 &.
1246 2095 1381 2152 mento
1403 2073 1476 2151 rari
1505 2069 1617 2173 sunt,

189 2205 236 2262 ut
262 2188 304 2262 bt
329 2184 371 2262 in
393 2183 560 2266 cesarie.
599 2183 750 2295 Capitis
779 2186 878 2267 cutis
906 2181 1101 2294 profunde
1127 2181 1277 2265 rescissa
1298 2184 1380 2264 est:
1409 2185 1514 2262 rimae
1538 2180 1619 2263 fre-

190 2318 375 2402 quentes,
397 2293 621 2406 profunde,
647 2294 795 2407 aspera.
825 2295 1025 2377 Tumores
1046 2297 1087 2375 in
1111 2291 1214 2376 facie
1235 2292 1347 2397 duri,
1369 2295 1473 2375 acuti
1485 2354 1500 2397 ,
1525 2322 1621 2374 non·
1643 2288 1651 2300 ’

190 2434 391 2514 nunquam
419 2407 567 2516 fastigio
594 2404 754 2510 albido,
783 2407 861 2488 basr
890 2405 1090 2490 viridiore.
1120 2403 1255 2488 Pulsus
1279 2403 1429 2518 pusilli,
1459 2431 1620 2514 graves,

192 2516 316 2621 tardi,
365 2519 441 2597 uasr
460 2545 528 2629 per
551 2547 711 2598 coenum
727 2522 793 2600 vix
813 2517 854 2601 fe
874 2542 1078 2601 moventes
1096 2515 1157 2619 (b)
1176 2547 1187 2614 ;
1206 2543 1313 2600 vena
1333 2542 1412 2599 tem
1443 2545 1556 2600 orum
1579 2523 1622 2599 bt

192 2658 276 2738 quae
305 2547 374 2710 sub
401 2626 456 2709 lin
487 2627 534 2711 ui
562 2625 694 2735 jacent
721 2631 904 2712 inflantur
933 2625 1054 2737 atque
1077 2626 1353 2710 distenduntur.
1426 2653 1553 2710 entres
1581 2630 1623 2709 in

190 2739 267 2824 haic
281 2739 449 2854 periodo
459 2660 592 2824 biliosr
598 2801 613 2846 ,
631 2743 699 2850 qui
719 2745 823 2855 prius
838 2740 938 2824 tardi
951 2765 1071 2823 erant.
1092 2739 1250 2849 Lingua
1268 2737 1508 2852 grandinosis
1522 2741 1624 2822 varis

192 2853 466 2964 exasperatur,
496 2860 538 2937 bt
561 2855 714 2966 opinari
739 2850 836 2936 licet
857 2851 967 2961 quod
990 2848 1326 2934 observationibus
1348 2847 1625 2962 comprobavit

192 2968 437 3077 Archigenes
453 2970 519 3070 (c),
538 2993 700 3047 omnem
712 2967 890 3079 corporis
905 2963 1059 3074 adipem
1072 2959 1212 3045 talibus
1227 2958 1624 3065 scateretuberculis,

192 3077 514 3188 quandoquidem
538 3080 580 3159 in
602 3080 768 3160 visiimis
797 3105 930 3190 pravas
962 3082 1004 3158 ὅ(
1028 3072 1292 3187 elephanticas
1316 3100 1451 3158 carnes
1476 3071 1627 3157 haben-

191 3187 297 3272 tibus
306 3252 320 3293 ,
336 3190 454 3303 adeps
469 3187 610 3272 talibus
624 3189 787 3273 refertus
800 3186 1014 3272 tuberculis
1030 3210 1206 3300 apparet,
1222 3189 1315 3269 &in
1328 3183 1458 3270 suibus
1472 3184 1626 3269 latentis

193 3299 462 3414 elephantiasis
491 3303 642 3414 signum
669 3305 725 3384 isti
749 3300 954 3414 grandines
988 3299 1081 3384 dant
1112 3297 1391 3396 certissimum
1424 3301 1491 3407 qui
1515 3327 1631 3410 gran-

194 3412 305 3496 dines
326 3417 366 3496 in
384 3417 466 3498 hoc
484 3413 710 3496 animalium
732 3441 876 3607 genere
893 3412 963 3496 sub
983 3409 1118 3524 linguai
1139 3412 1309 3600 primirm
1331 3434 1528 3522 apparent.
1555 3411 1627 3492 Sin
1697 3461 1700 3466 -

193 3551 327 3608 autern
345 3529 473 3636 inquit
489 3526 687 3631 Aretaeus,
711 3555 732 3608 a
780 3529 935 3610 interno
954 3525 1095 3608 fomite
1117 3551 1138 3602 a
1155 3524 1230 3604 tibs
1248 3547 1449 3714 concepto
1464 3518 1626 3604 morbus

195 3640 366 3750 erumpit
390 3647 429 3720 bt
453 3642 494 3721 in
517 3636 826 3722 extremitatibus
850 3640 1020 3733 omicat3
1040 3661 1136 3716 tunc
1161 3636 1352 3747 impetigo
1392 3661 1548 3716 ummos
1564 3635 1627 3718 in.-
1734 3711 1753 3718 -

196 3749 308 3832 festat
323 3749 491 3861 digitos,
518 3778 646 3862 genua
666 3753 870 3863 pruriunt,
894 3747 1059 3850 ardent,
1071 3742 1272 3828 finduntur
1295 3771 1472 3858 ungues,
1495 3741 1627 3827 amissa

196 3859 454 3970 humiditate,
475 3869 516 3945 b(
533 3861 772 3945 scinduntur.
1106 3945 1110 3950 .

235 3977 292 4058 At
306 3973 449 4058 morbo
465 3979 505 4058 in
521 4001 739 4058 extremum
750 3977 902 4087 apicem
917 3971 1144 4077 constituto,
1157 3968 1272 4054 scena
1285 3995 1390 4051 nova
1401 3964 1481 4050 sese
1493 3968 1626 4162 aperit.

197 4085 398 4170 Tumores
424 4086 591 4172 ulcerosi
617 4085 876 4196 undequaque
900 4085 1082 4168 diffluunt
1095 4144 1109 4189 ,
1139 4113 1223 4194 quae
1247 4078 1378 4161 ulcera
1399 4077 1506 4161 infan
1534 4107 1556 4162 a
1584 4085 1627 4162 dt

198 4196 424 4282 insanabilia
446 4198 521 4283 alia
542 4199 626 4282 aliis
651 4199 945 4312 supercrescunt
965 4193 1176 4298 retorrida,
1200 4189 1333 4300 quoad
1348 4219 1453 4272 nune
1469 4189 1627 4274 excidat

199 4312 311 4394 nasus
320 4373 334 4416 ,
351 4341 455 4395 nunc
469 4311 603 4426 digiti,
626 4313 709 4393 imo
722 4319 762 4393 ὅ(
777 4311 917 4423 pedes,
941 4316 982 4390 bt
997 4334 1134 4387 manus
1152 4328 1245 4384 totae
1254 4361 1269 4406 ,
1289 4303 1343 4384 ita
1357 4325 1403 4384 ut
1413 4329 1484 4416 per
1499 4326 1625 4414 partes

198 4419 363 4506 morbus
391 4423 561 4510 maxims
588 4420 789 4536 longevus
825 4416 1136 4504 &fetidissimus
1167 4417 1287 4500 vitam
1317 4409 1462 4499 adimat
1489 4411 1626 4498 miser-

199 4562 352 4620 rimam.
952 4581 954 4586 ,
1214 4569 1217 4576 Δ

238 4747 295 4820 (a)
317 4741 430 4826 Paragr.
450 4743 546 4818 r,.lib.
564 4752 599 4818 6,
613 4763 673 4826 sap.
696 4762 722 4806 a·
787 4789 791 4794 =

237 4821 294 4897 (b)
315 4823 453 4895 Arescus,
471 4825 517 4885 lib.
538 4847 554 4884 ι
566 4868 578 4898 ,
594 4847 654 4908 cap.
677 4845 723 4905 13·

237 4909 296 4986 (c)
320 4901 397 4965 Loco
413 4906 508 4966 citato.
