4250 5898
518 363 600 466 5a4
828 378 832 387 ·
953 315 1493 436 namonnrs

547 515 692 600 nostica
721 513 818 598 verb
845 512 951 624 srgna
979 515 1020 594 in
1053 511 1320 624 magnitudine
1357 518 1400 596 ot
1434 507 1645 594 duratione
1676 503 1963 619 pradisiotunt

517 545 822 742 symptomatum
842 648 927 706 tota
943 624 1343 738 comprehenduntur.
1366 625 1476 706 Nam
1495 617 1663 704 stmulo
1681 627 1956 735 &permagna

516 741 589 824 fmt
606 737 700 842 illa,
716 741 783 822 vix
798 737 1010 824 tremendis
1025 735 1227 820 effeclibus
1243 738 1409 820 reststere
1426 735 1543 851 possit
1559 731 1745 816 irtfamilis
1766 735 1952 816 machina

517 853 613 962 quin
633 847 821 934 convulsa
841 875 973 962 pereat
983 912 997 955 ,
1023 857 1064 932 iit
1082 845 1159 955 jam
1179 845 1343 960 *alongo
1361 873 1542 958 tempore
1564 845 1778 959 perdurans
1800 845 1951 928 macies

517 965 569 1052 eb
587 959 708 1072 usqub
724 959 892 1073 produci
911 959 1054 1064 debet,
1072 988 1117 1045 ut
1138 957 1244 1044 nulli
1267 986 1349 1043 arte
1374 960 1621 1063 resarciatur,
1642 957 1825 1066 adeoque
1849 983 1950 1040 con·

516 1073 679 1190 sumptis
705 1080 746 1155 &
770 1073 970 1158 exfrccatis
988 1072 1200 1158 visceribus
1222 1071 1465 1184 pereundum
1488 1075 1552 1156 est.
1579 1071 1798 1154 Narrantur
1815 1096 1951 1156 tamen

517 1199 562 1278 dt
592 1185 694 1300 apud
721 1185 957 1298 Mangetum
983 1191 1044 1289 (u)
1080 1193 1121 1268 ὃ(
1155 1184 1259 1299 apud
1289 1185 1532 1268 Schenkium
1564 1179 1747 1298 exempla
1776 1181 1951 1296 plurium

512 1305 713 1420 infantum
732 1325 781 1384 ex
799 1301 879 1383 hoc
900 1296 1043 1382 morbo
1065 1299 1312 1400 sanatorum,
1366 1327 1422 1380 uae
1447 1298 1609 1408 quidem
1631 1296 1843 1406 quomodo
1865 1323 1952 1408 per·

517 1421 601 1502 asia
626 1411 671 1496 stt
694 1415 847 1496 curatio
870 1408 918 1493 ab
940 1415 985 1494 iis
1010 1411 1267 1525 repetendum
1289 1326 1405 1494 nobis
1424 1409 1617 1525 superest,
1643 1413 1735 1491 cum
1757 1408 1825 1521 ipsr
1846 1439 1949 1490 nun-

518 1559 636 1641 quam
656 1535 697 1610 &
713 1521 853 1610 similes
870 1521 1055 1630 morbos,
1073 1550 1140 1607 aut
1153 1525 1399 1606 curationem
1415 1551 1548 1636 parem
1562 1523 1775 1606 viderimus
1784 1581 1798 1626 ‚
1816 1549 1949 1630 quarn·

517 1647 577 1730 vis
607 1637 706 1724 olim
735 1667 755 1720 a
784 1637 837 1724 ud
866 1635 1144 1721 Narbonenses
1173 1635 1356 1745 frequens
1388 1635 1531 1741 fuerit,
1553 1631 1721 1719 testibus
1750 1631 1916 1718 Borcllo
1931 1695 1946 1737 ,

516 1751 735 1856 Jouberto‚
802 1749 1038 1860 eylfonerio,
1050 1745 1440 1861 Schyrone,malum
1454 1747 1564 1858 quod
1577 1745 1709 1831 forsan
1723 1744 1946 1858 diligentiis

517 1863 676 1954 exculta
699 1862 908 1944 mundities
933 1862 1175 1972 persanavit,
1202 1887 1270 1946 aut
1295 1860 1489 1945 destruxit.

570 1977 740 2060 Curatio
765 1975 862 2056 verb
887 1976 1029 2085 partim
1056 1974 1347 2085 symptomata,
1374 1976 1515 2083 partim
1536 2000 1690 2058 vermes
1717 1973 1848 2088 ipsos,
1865 1997 1945 2056 ceu

519 2087 674 2174 causam
707 2081 840 2168 morbi
870 2087 1025 2198 attingit
1051 2115 1064 2185 3
1095 2083 1234 2168 ultima
1262 2088 1360 2170 verb
1389 2085 1581 2169 indicatio
1613 2085 1682 2170 illa
1706 2115 1787 2195 quae
1812 2082 1862 2168 ab
1885 2086 1945 2166 his

516 2199 625 2285 illata
653 2197 855 2315 supersunt
882 2195 1142 2282 incommoda
1169 2195 1312 2282 tollere
1344 2195 1493 2311 satagit.
1523 2197 1682 2312 Vigiliis
1707 2224 1820 2306 atque
1849 2225 1939 2278 cru-

516 2311 683 2409 claribus
709 2307 958 2426 praesentibus
980 2337 1101 2423 opem
1123 2310 1226 2396 serre
1237 2373 1252 2415 ,
1275 2335 1319 2392 ut
1339 2310 1594 2395 necessarium
1615 2314 1690 2416 est,
1720 2313 1774 2394 ita
1792 2310 1942 2394 dictam

516 2425 735 2514 diluentem
757 2449 874 2533 atque
896 2421 1190 2536 refrigerantem
1214 2425 1405 2537 imperare
1429 2423 1582 2508 necesse
1597 2427 1660 2508 esi.
1677 2423 1787 2506 Titm
1803 2427 1942 2526 ctiam,

514 2537 701 2654 fugienda
733 2533 982 2648 alioquinin
1013 2532 1256 2620 infantilibus
1287 2535 1549 2649 corporibus,
1579 2539 1785 2620 narcotica
1813 2535 1943 2640 admo

513 2651 642 2740 venda
662 2649 748 2736 sunt
768 2656 809 2736 δι
831 2646 1075 2753 adhibenda,
1093 2647 1176 2732 dost
1190 2647 1351 2758 quidem
1366 2647 1526 2734 rofredi
1537 2712 1553 2754 ‚
1575 2652 1676 2734 inter
1693 2679 1779 2760 quae
1797 2645 1939 2762 optime

513 2767 557 2852 in
571 2764 682 2850 usum
697 2787 890 2848 vocantur
909 2760 1048 2846 leviter
1062 2763 1279 2874 hypnotica
1298 2789 1345 2846 ex
1360 2789 1551 2874 papavere
1571 2765 1740 2848 nostrate
1752 2763 1938 2866 conflata,

395 2977 398 2986 Δ
514 2878 677 2992 syrupus
695 2875 746 2962 de
764 2873 979 2979 diacodio,
998 2874 1077 2960 five
1090 2873 1140 2956 de
1153 2901 1343 2988 papavere
1363 2871 1478 2979 albo,
1494 2879 1694 2987 papaveris
1709 2875 1939 2978 decessum,

514 2995 729 3084 extraiium
756 2988 1034 3106 papaverinum
1057 2989 1230 3094 nostras,
1255 2989 1297 3092 itt
1321 2985 1476 3072 emulsrs
1502 2987 1585 3072 dost
1610 2987 1822 3103 suspensi,
1850 2985 1941 3074 hod

512 3103 642 3190 somni
663 3100 808 3188 oblata.

514 3293 519 3300 .
571 3217 680 3302 Dein
703 3216 800 3300 verb
820 3211 1040 3296 Schenkius
1055 3211 1116 3318 (b)
1140 3213 1374 3300 methodum
1389 3213 1439 3298 ad
1463 3213 1620 3298 causam
1639 3213 1775 3301 morbi
1797 3214 1941 3302 tollen-

514 3329 605 3416 dam
629 3328 892 3440 chirurgicam
917 3325 968 3408 stc
993 3325 1203 3426 describit3
1229 3325 1413 3410 mulieres
1437 3327 1485 3412 ad
1510 3329 1748 3441 hypocausta
1774 3338 1817 3414 dt
1839 3328 1942 3412 suda·

512 3445 616 3532 toria
646 3439 812 3524 infantes
842 3436 1075 3544 deducunt,
1101 3437 1341 3524 musculosas
1365 3439 1521 3524 affesias
1544 3467 1672 3554 partes
1694 3440 1842 3528 blanda
1865 3445 1941 3556 pri·

512 3564 622 3646 msam
655 3549 811 3638 inducti
844 3579 961 3633 manu
995 3551 1242 3664 perfricant,
1278 3553 1379 3666 post·
1399 3556 1519 3638 etiam
1554 3553 1673 3640 melle
1707 3581 1943 3668 perungunt.

513 3665 605 3756 Hftc
623 3691 724 3769 arte,
741 3662 809 3748 ubi
822 3659 987 3776 prolesli
1000 3661 1212 3775 plurimbm
1228 3666 1373 3750 fuerint
1383 3664 1611 3772 vermiculi,
1627 3691 1726 3752 tunc
1741 3669 1942 3784 Chirutgo

497 3783 566 3868 -im
620 3805 704 3862 rant
726 3803 770 3860 ut
791 3771 986 3860 novaculis
1009 3775 1252 3862 exsertorum
1274 3776 1444 3891 capitula
1466 3775 1623 3861 abradat
1645 3787 1689 3863 ὅ(
1708 3781 1886 3866 dimetat.

607 3899 716 3978 etinn
739 3887 932 3993 objiciunt
956 3883 1069 3970 multi
1096 3895 1155 3992 (c)
1183 3893 1284 3976 hanc
1311 3889 1545 3976 methodum
1571 3920 1654 3974 non
1681 3919 1817 3980 carere
1841 3899 1940 4008 peri·

511 4005 636 4109 culo,
678 4009 770 4088 ciant
802 3998 995 4114 capitibus
1024 4005 1172 4084 tantitm
1203 4002 1364 4088 exfeilis
1391 3999 1612 4115 periculum
1639 4005 1687 4090 stt
1714 4033 1767 4094 ne
1794 4007 1942 4094 residua

510 4115 580 4212 sub
611 4143 703 4202 cute
731 4111 963 4228 corpuscula
992 4114 1226 4225 putrescant.
1263 4115 1353 4198 Imb
1379 4141 1532 4202 vermes
1562 4113 1623 4198 illi
1652 4143 1698 4200 ut
1728 4117 1944 4232 plurimitm

510 4257 686 4314 naturam
710 4227 950 4342 polyporum
978 4227 1205 4332 aquatilium
1237 4227 1411 4332 servant,
1439 4231 1490 4312 ita
1516 4254 1582 4330 ut,
1615 4229 1643 4310 st
1667 4257 1751 4314 non
1774 4235 1943 4315 omnino

509 4338 630 4424 abrasa
650 4342 817 4446 suerint,
839 4369 890 4426 ex
910 4341 985 4424 suis
1008 4337 1211 4426 funeribus
1232 4341 1463 4434 reviviscant
1490 4372 1503 4441 3
1530 4339 1636 4428 ands
1654 4347 1792 4430 truslot
1807 4347 1858 4430 cll
1877 4343 1943 4450 (d)

548 4575 605 4658 (al
624 4582 692 4642 Bibl.
712 4586 787 4646 mea
804 4585 897 4648 Prasi.
914 4587 963 4652 lib.
982 4607 1010 4666 3·

550 4665 610 4742 (b)
630 4663 700 4724 Loc.
717 4671 766 4728 cit.

547 4747 607 4828 (c)
628 4742 765 4816 Winziut,
786 4747 910 4831 Append.
926 4749 960 4811 dt
974 4747 1067 4812 More
1082 4746 1184 4817 Instat.

544 4825 605 4912 ld>
627 4823 701 4890 tot.
719 4826 764 4892 cir.
