<?xml version="1.0" encoding="UTF-8"?>
<!DOCTYPE html PUBLIC "-//W3C//DTD XHTML 1.0 Transitional//EN"
    "http://www.w3.org/TR/xhtml1/DTD/xhtml1-transitional.dtd">
<html xmlns="http://www.w3.org/1999/xhtml" xml:lang="en" lang="en">
 <head>
  <title>
</title>
<meta http-equiv="Content-Type" content="text/html;charset=utf-8" />
  <meta name='ocr-system' content='tesseract 3.04.00' />
  <meta name='ocr-capabilities' content='ocr_page ocr_carea ocr_par ocr_line ocrx_word'/>
</head>
<body>
  <div class='ocr_page' id='page_1' title='image "./tractatusdemorb00cavegoog_0037.png"; bbox 0 0 4190 5884; ppageno 0'>
   <div class='ocr_carea' id='block_1_1' title="bbox 445 369 1608 536">
    <p class='ocr_par' dir='ltr' id='par_1_1' title="bbox 445 369 1608 536">
     <span class='ocr_line' id='line_1_1' title="bbox 445 369 1608 536; baseline 0.004 -6"><span class='ocrx_word' id='word_1_1' title='bbox 445 473 493 530; x_wconf 71' lang='grc' dir='ltr'>ιο</span> <span class='ocrx_word' id='word_1_2' title='bbox 556 457 560 472; x_wconf 88' lang='grc'><em>·</em></span> <span class='ocrx_word' id='word_1_3' title='bbox 681 437 775 527; x_wconf 81' lang='lat' dir='ltr'>oa</span> <span class='ocrx_word' id='word_1_4' title='bbox 826 369 1131 526; x_wconf 80' lang='lat' dir='ltr'>Monars</span> <span class='ocrx_word' id='word_1_5' title='bbox 1190 439 1608 536; x_wconf 81' lang='lat' dir='ltr'>curauats.</span> 
     </span>
    </p>
   </div>
   <div class='ocr_carea' id='block_1_2' title="bbox 355 599 1940 4898">
    <p class='ocr_par' dir='ltr' id='par_1_2' title="bbox 443 599 1886 1736">
     <span class='ocr_line' id='line_1_2' title="bbox 444 599 1873 708; baseline 0.007 -18"><span class='ocrx_word' id='word_1_6' title='bbox 444 607 632 708; x_wconf 85' lang='lat' dir='ltr'>destruet,</span> <span class='ocrx_word' id='word_1_7' title='bbox 650 605 703 686; x_wconf 89' lang='lat' dir='ltr'>ita</span> <span class='ocrx_word' id='word_1_8' title='bbox 730 606 837 690; x_wconf 92' lang='lat' dir='ltr'>utin</span> <span class='ocrx_word' id='word_1_9' title='bbox 884 605 989 687; x_wconf 89' lang='lat' dir='ltr'>rimis</span> <span class='ocrx_word' id='word_1_10' title='bbox 1004 599 1301 692; x_wconf 87' lang='lat' dir='ltr'>ebullitionibus</span> <span class='ocrx_word' id='word_1_11' title='bbox 1326 615 1368 694; x_wconf 79' lang='lat' dir='ltr'>dt</span> <span class='ocrx_word' id='word_1_12' title='bbox 1393 611 1493 694; x_wconf 86' lang='lat' dir='ltr'>cutis</span> <span class='ocrx_word' id='word_1_13' title='bbox 1516 613 1631 696; x_wconf 68' lang='lat' dir='ltr'>cosia</span> <span class='ocrx_word' id='word_1_14' title='bbox 1654 609 1810 698; x_wconf 86' lang='lat' dir='ltr'>densror</span> <span class='ocrx_word' id='word_1_15' title='bbox 1830 613 1873 700; x_wconf 74' lang='grc' dir='ltr'>δι’</span> 
     </span>
     <span class='ocr_line' id='line_1_3' title="bbox 443 635 1879 834; baseline 0.006 -30"><span class='ocrx_word' id='word_1_16' title='bbox 443 718 593 834; x_wconf 86' lang='lat' dir='ltr'>spishor</span> <span class='ocrx_word' id='word_1_17' title='bbox 619 743 827 832; x_wconf 86' lang='lat' dir='ltr'>appareat,</span> <span class='ocrx_word' id='word_1_18' title='bbox 852 635 1043 827; x_wconf 74' lang='lat' dir='ltr'>simulque</span> <span class='ocrx_word' id='word_1_19' title='bbox 1066 716 1197 802; x_wconf 89' lang='lat' dir='ltr'>cultro</span> <span class='ocrx_word' id='word_1_20' title='bbox 1217 719 1364 807; x_wconf 84' lang='lat' dir='ltr'>secanti</span> <span class='ocrx_word' id='word_1_21' title='bbox 1390 725 1564 807; x_wconf 87' lang='lat' dir='ltr'>tenerior</span> <span class='ocrx_word' id='word_1_22' title='bbox 1590 721 1706 810; x_wconf 84' lang='lat' dir='ltr'>cedat</span> <span class='ocrx_word' id='word_1_23' title='bbox 1733 724 1879 812; x_wconf 74' lang='lat' dir='ltr'>sacilli·</span> 
     </span>
     <span class='ocr_line' id='line_1_4' title="bbox 445 826 1867 954; baseline 0.004 -38"><span class='ocrx_word' id='word_1_24' title='bbox 445 831 539 932; x_wconf 71' lang='lat' dir='ltr'>me;</span> <span class='ocrx_word' id='word_1_25' title='bbox 564 829 697 944; x_wconf 77' lang='lat' dir='ltr'>posted</span> <span class='ocrx_word' id='word_1_26' title='bbox 718 857 851 914; x_wconf 90' lang='lat' dir='ltr'>tamen</span> <span class='ocrx_word' id='word_1_27' title='bbox 871 826 941 912; x_wconf 88' lang='lat' dir='ltr'>illa</span> <span class='ocrx_word' id='word_1_28' title='bbox 963 830 1091 916; x_wconf 89' lang='lat' dir='ltr'>omnis</span> <span class='ocrx_word' id='word_1_29' title='bbox 1115 857 1288 918; x_wconf 87' lang='lat' dir='ltr'>vertetur</span> <span class='ocrx_word' id='word_1_30' title='bbox 1310 835 1353 918; x_wconf 89' lang='lat' dir='ltr'>in</span> <span class='ocrx_word' id='word_1_31' title='bbox 1377 834 1622 949; x_wconf 71' lang='lat' dir='ltr'>galatiam,</span> <span class='ocrx_word' id='word_1_32' title='bbox 1647 841 1783 954; x_wconf 84' lang='lat' dir='ltr'>paucis</span> <span class='ocrx_word' id='word_1_33' title='bbox 1803 866 1867 924; x_wconf 86' lang='lat' dir='ltr'>cx-</span> 
     </span>
     <span class='ocr_line' id='line_1_5' title="bbox 444 939 1867 1060; baseline 0.006 -32"><span class='ocrx_word' id='word_1_34' title='bbox 444 947 575 1060; x_wconf 85' lang='lat' dir='ltr'>ceptis</span> <span class='ocrx_word' id='word_1_35' title='bbox 609 975 692 1056; x_wconf 87' lang='lat' dir='ltr'>quae</span> <span class='ocrx_word' id='word_1_36' title='bbox 722 939 948 1027; x_wconf 86' lang='lat' dir='ltr'>cellulatcm</span> <span class='ocrx_word' id='word_1_37' title='bbox 977 967 1131 1028; x_wconf 90' lang='lat' dir='ltr'>textum</span> <span class='ocrx_word' id='word_1_38' title='bbox 1169 945 1457 1034; x_wconf 86' lang='lat' dir='ltr'>constituebant</span> <span class='ocrx_word' id='word_1_39' title='bbox 1517 947 1675 1035; x_wconf 88' lang='lat' dir='ltr'>artibus.</span> <span class='ocrx_word' id='word_1_40' title='bbox 1710 953 1801 1036; x_wconf 91' lang='lat' dir='ltr'>Nec</span> <span class='ocrx_word' id='word_1_41' title='bbox 1826 955 1867 1036; x_wconf 92' lang='lat' dir='ltr'>in</span> 
     </span>
     <span class='ocr_line' id='line_1_6' title="bbox 445 980 1886 1170; baseline 0.007 -30"><span class='ocrx_word' id='word_1_42' title='bbox 445 1084 558 1144; x_wconf 87' lang='lat' dir='ltr'>tanto</span> <span class='ocrx_word' id='word_1_43' title='bbox 577 1087 817 1170; x_wconf 87' lang='lat' dir='ltr'>organorum</span> <span class='ocrx_word' id='word_1_44' title='bbox 836 1083 1002 1140; x_wconf 87' lang='lat' dir='ltr'>nurnero</span> <span class='ocrx_word' id='word_1_45' title='bbox 1027 1084 1146 1168; x_wconf 89' lang='lat' dir='ltr'>atque</span> <span class='ocrx_word' id='word_1_46' title='bbox 1173 1061 1341 1144; x_wconf 85' lang='lat' dir='ltr'>artificio</span> <span class='ocrx_word' id='word_1_47' title='bbox 1363 980 1515 1169; x_wconf 81' lang='lat' dir='ltr'>aliquid</span> <span class='ocrx_word' id='word_1_48' title='bbox 1527 1091 1714 1152; x_wconf 77' lang='lat' dir='ltr'>remanet</span> <span class='ocrx_word' id='word_1_49' title='bbox 1734 1063 1886 1150; x_wconf 57' lang='lat' dir='ltr'>residui,</span> 
     </span>
     <span class='ocr_line' id='line_1_7' title="bbox 446 1167 1870 1286; baseline 0.004 -34"><span class='ocrx_word' id='word_1_50' title='bbox 446 1168 784 1286; x_wconf 86' lang='lat' dir='ltr'>praeterpanculas</span> <span class='ocrx_word' id='word_1_51' title='bbox 801 1195 927 1284; x_wconf 89' lang='lat' dir='ltr'>partes</span> <span class='ocrx_word' id='word_1_52' title='bbox 944 1167 1113 1276; x_wconf 87' lang='lat' dir='ltr'>solidas,</span> <span class='ocrx_word' id='word_1_53' title='bbox 1132 1198 1209 1255; x_wconf 88' lang='lat' dir='ltr'>nec</span> <span class='ocrx_word' id='word_1_54' title='bbox 1227 1171 1374 1282; x_wconf 86' lang='lat' dir='ltr'>aliquid</span> <span class='ocrx_word' id='word_1_55' title='bbox 1394 1198 1461 1256; x_wconf 92' lang='lat' dir='ltr'>aut</span> <span class='ocrx_word' id='word_1_56' title='bbox 1479 1175 1652 1258; x_wconf 85' lang='lat' dir='ltr'>tendinei</span> <span class='ocrx_word' id='word_1_57' title='bbox 1661 1241 1676 1282; x_wconf 85' lang='lat'><em>,</em></span> <span class='ocrx_word' id='word_1_58' title='bbox 1690 1205 1757 1262; x_wconf 91' lang='lat' dir='ltr'>aut</span> <span class='ocrx_word' id='word_1_59' title='bbox 1773 1177 1870 1259; x_wconf 84' lang='lat' dir='ltr'>mus·</span> 
     </span>
     <span class='ocr_line' id='line_1_8' title="bbox 446 1281 1872 1398; baseline 0.002 -28"><span class='ocrx_word' id='word_1_60' title='bbox 446 1281 573 1370; x_wconf 80' lang='lat' dir='ltr'>culon</span> <span class='ocrx_word' id='word_1_61' title='bbox 610 1283 786 1398; x_wconf 89' lang='lat' dir='ltr'>superest.</span> <span class='ocrx_word' id='word_1_62' title='bbox 815 1283 875 1364; x_wconf 90' lang='lat' dir='ltr'>Ita</span> <span class='ocrx_word' id='word_1_63' title='bbox 903 1281 1126 1386; x_wconf 76' lang='lat' dir='ltr'>durissima,</span> <span class='ocrx_word' id='word_1_64' title='bbox 1169 1290 1211 1367; x_wconf 71' lang='grc' dir='ltr'>ὅ(</span> <span class='ocrx_word' id='word_1_65' title='bbox 1245 1284 1315 1367; x_wconf 92' lang='lat' dir='ltr'>usu</span> <span class='ocrx_word' id='word_1_66' title='bbox 1348 1285 1490 1368; x_wconf 84' lang='lat' dir='ltr'>detrita</span> <span class='ocrx_word' id='word_1_67' title='bbox 1514 1291 1624 1370; x_wconf 89' lang='lat' dir='ltr'>coria</span> <span class='ocrx_word' id='word_1_68' title='bbox 1647 1288 1872 1372; x_wconf 89' lang='lat' dir='ltr'>animalium</span> 
     </span>
     <span class='ocr_line' id='line_1_9' title="bbox 444 1392 1873 1509; baseline 0.002 -29"><span class='ocrx_word' id='word_1_69' title='bbox 444 1422 598 1484; x_wconf 86' lang='lat' dir='ltr'>uertere</span> <span class='ocrx_word' id='word_1_70' title='bbox 621 1399 665 1479; x_wconf 92' lang='lat' dir='ltr'>in</span> <span class='ocrx_word' id='word_1_71' title='bbox 696 1392 859 1509; x_wconf 90' lang='lat' dir='ltr'>gluten,</span> <span class='ocrx_word' id='word_1_72' title='bbox 888 1395 993 1478; x_wconf 86' lang='lat' dir='ltr'>&amp;in</span> <span class='ocrx_word' id='word_1_73' title='bbox 1019 1393 1232 1508; x_wconf 87' lang='lat' dir='ltr'>gelatinam</span> <span class='ocrx_word' id='word_1_74' title='bbox 1263 1421 1415 1481; x_wconf 88' lang='lat' dir='ltr'>mutare</span> <span class='ocrx_word' id='word_1_75' title='bbox 1444 1427 1660 1484; x_wconf 83' lang='lat' dir='ltr'>conmrunc</span> <span class='ocrx_word' id='word_1_76' title='bbox 1687 1403 1741 1485; x_wconf 89' lang='lat' dir='ltr'>est</span> <span class='ocrx_word' id='word_1_77' title='bbox 1759 1403 1873 1493; x_wconf 53' lang='lat' dir='ltr'>arrisi:</span> 
     </span>
     <span class='ocr_line' id='line_1_10' title="bbox 444 1505 1876 1621; baseline 0.003 -27"><span class='ocrx_word' id='word_1_78' title='bbox 444 1514 579 1616; x_wconf 87' lang='lat' dir='ltr'>cium,</span> <span class='ocrx_word' id='word_1_79' title='bbox 606 1517 647 1593; x_wconf 72' lang='grc' dir='ltr'>ὅ(</span> <span class='ocrx_word' id='word_1_80' title='bbox 679 1506 775 1620; x_wconf 74' lang='lat' dir='ltr'>sape</span> <span class='ocrx_word' id='word_1_81' title='bbox 801 1510 842 1588; x_wconf 92' lang='lat' dir='ltr'>in</span> <span class='ocrx_word' id='word_1_82' title='bbox 871 1505 1140 1590; x_wconf 89' lang='lat' dir='ltr'>obsrdionibus</span> <span class='ocrx_word' id='word_1_83' title='bbox 1167 1507 1325 1594; x_wconf 89' lang='lat' dir='ltr'>urbium</span> <span class='ocrx_word' id='word_1_84' title='bbox 1353 1511 1400 1594; x_wconf 90' lang='lat' dir='ltr'>iis</span> <span class='ocrx_word' id='word_1_85' title='bbox 1423 1509 1504 1595; x_wconf 87' lang='lat' dir='ltr'>sese</span> <span class='ocrx_word' id='word_1_86' title='bbox 1534 1510 1673 1621; x_wconf 88' lang='lat' dir='ltr'>alere,</span> <span class='ocrx_word' id='word_1_87' title='bbox 1708 1521 1750 1598; x_wconf 80' lang='lat' dir='ltr'>dt</span> <span class='ocrx_word' id='word_1_88' title='bbox 1773 1518 1876 1600; x_wconf 85' lang='lat' dir='ltr'>vires</span> 
     </span>
     <span class='ocr_line' id='line_1_11' title="bbox 445 1620 1146 1736; baseline 0 -30"><span class='ocrx_word' id='word_1_89' title='bbox 445 1624 652 1706; x_wconf 87' lang='lat' dir='ltr'>sustentate</span> <span class='ocrx_word' id='word_1_90' title='bbox 668 1620 763 1702; x_wconf 91' lang='lat' dir='ltr'>dura</span> <span class='ocrx_word' id='word_1_91' title='bbox 779 1624 914 1736; x_wconf 68' lang='lat' dir='ltr'>coegit</span> <span class='ocrx_word' id='word_1_92' title='bbox 930 1620 1146 1706; x_wconf 85' lang='lat' dir='ltr'>neceffitas.</span> 
     </span>
    </p>

    <p class='ocr_par' dir='ltr' id='par_1_3' title="bbox 355 1730 1882 2191">
     <span class='ocr_line' id='line_1_12' title="bbox 502 1730 1877 1843; baseline 0.007 -26"><span class='ocrx_word' id='word_1_93' title='bbox 502 1733 617 1843; x_wconf 87' lang='lat' dir='ltr'>Quid</span> <span class='ocrx_word' id='word_1_94' title='bbox 646 1730 725 1838; x_wconf 87' lang='lat' dir='ltr'>jam</span> <span class='ocrx_word' id='word_1_95' title='bbox 758 1737 823 1816; x_wconf 84' lang='lat' dir='ltr'>hic</span> <span class='ocrx_word' id='word_1_96' title='bbox 852 1735 960 1818; x_wconf 88' lang='lat' dir='ltr'>vatia</span> <span class='ocrx_word' id='word_1_97' title='bbox 987 1761 1255 1820; x_wconf 88' lang='lat' dir='ltr'>memoremus</span> <span class='ocrx_word' id='word_1_98' title='bbox 1282 1737 1544 1820; x_wconf 85' lang='lat' dir='ltr'>coriariorum</span> <span class='ocrx_word' id='word_1_99' title='bbox 1566 1739 1730 1822; x_wconf 86' lang='lat' dir='ltr'>artificia</span> <span class='ocrx_word' id='word_1_100' title='bbox 1766 1736 1877 1828; x_wconf 90' lang='lat' dir='ltr'>idem</span> 
     </span>
     <span class='ocr_line' id='line_1_13' title="bbox 444 1843 1879 1964; baseline 0.003 -33"><span class='ocrx_word' id='word_1_101' title='bbox 444 1848 613 1932; x_wconf 86' lang='lat' dir='ltr'>omninb</span> <span class='ocrx_word' id='word_1_102' title='bbox 630 1843 847 1960; x_wconf 86' lang='lat' dir='ltr'>probantia.</span> <span class='ocrx_word' id='word_1_103' title='bbox 868 1847 1045 1930; x_wconf 91' lang='lat' dir='ltr'>Primum</span> <span class='ocrx_word' id='word_1_104' title='bbox 1064 1853 1121 1934; x_wconf 88' lang='lat' dir='ltr'>eis</span> <span class='ocrx_word' id='word_1_105' title='bbox 1142 1849 1353 1960; x_wconf 72' lang='lat' dir='ltr'>artificium</span> <span class='ocrx_word' id='word_1_106' title='bbox 1374 1852 1427 1934; x_wconf 90' lang='lat' dir='ltr'>est</span> <span class='ocrx_word' id='word_1_107' title='bbox 1451 1847 1574 1964; x_wconf 85' lang='lat' dir='ltr'>pelles</span> <span class='ocrx_word' id='word_1_108' title='bbox 1601 1849 1728 1964; x_wconf 74' lang='lat' dir='ltr'>probe</span> <span class='ocrx_word' id='word_1_109' title='bbox 1742 1846 1879 1958; x_wconf 85' lang='lat' dir='ltr'>lotas,</span> 
     </span>
     <span class='ocr_line' id='line_1_14' title="bbox 444 1959 1880 2078; baseline 0.004 -35"><span class='ocrx_word' id='word_1_110' title='bbox 444 1959 494 2043; x_wconf 88' lang='lat' dir='ltr'>ab</span> <span class='ocrx_word' id='word_1_111' title='bbox 509 1963 620 2044; x_wconf 93' lang='lat' dir='ltr'>omni</span> <span class='ocrx_word' id='word_1_112' title='bbox 637 1989 759 2044; x_wconf 90' lang='lat' dir='ltr'>muco</span> <span class='ocrx_word' id='word_1_113' title='bbox 773 1988 895 2074; x_wconf 90' lang='lat' dir='ltr'>expur</span> <span class='ocrx_word' id='word_1_114' title='bbox 923 1988 1016 2068; x_wconf 87' lang='lat' dir='ltr'>arc,</span> <span class='ocrx_word' id='word_1_115' title='bbox 1034 1961 1144 2072; x_wconf 93' lang='lat' dir='ltr'>quod</span> <span class='ocrx_word' id='word_1_116' title='bbox 1155 1959 1281 2071; x_wconf 79' lang='lat' dir='ltr'>aquai,</span> <span class='ocrx_word' id='word_1_117' title='bbox 1303 1962 1496 2075; x_wconf 77' lang='lat' dir='ltr'>pressione</span> <span class='ocrx_word' id='word_1_118' title='bbox 1506 1961 1749 2068; x_wconf 90' lang='lat' dir='ltr'>,lotionibus</span> <span class='ocrx_word' id='word_1_119' title='bbox 1766 1991 1880 2078; x_wconf 85' lang='lat' dir='ltr'>repe-</span> 
     </span>
     <span class='ocr_line' id='line_1_15' title="bbox 355 1991 1882 2191; baseline 0.002 -33"><span class='ocrx_word' id='word_1_120' title='bbox 355 2167 357 2174; x_wconf 42' lang='lat'><em>,</em></span> <span class='ocrx_word' id='word_1_121' title='bbox 446 2077 528 2158; x_wconf 79' lang='lat' dir='ltr'>titis</span> <span class='ocrx_word' id='word_1_122' title='bbox 555 2073 623 2178; x_wconf 85' lang='lat' dir='ltr'>fit,</span> <span class='ocrx_word' id='word_1_123' title='bbox 649 2070 779 2186; x_wconf 69' lang='lat' dir='ltr'>posted</span> <span class='ocrx_word' id='word_1_124' title='bbox 799 1991 962 2158; x_wconf 67' lang='lat' dir='ltr'>cessuim</span> <span class='ocrx_word' id='word_1_125' title='bbox 979 2074 1027 2157; x_wconf 90' lang='lat' dir='ltr'>ad</span> <span class='ocrx_word' id='word_1_126' title='bbox 1049 2073 1089 2158; x_wconf 89' lang='lat' dir='ltr'>se</span> <span class='ocrx_word' id='word_1_127' title='bbox 1113 2074 1209 2158; x_wconf 88' lang='lat' dir='ltr'>forti</span> <span class='ocrx_word' id='word_1_128' title='bbox 1229 2076 1423 2187; x_wconf 85' lang='lat' dir='ltr'>ptelsrone</span> <span class='ocrx_word' id='word_1_129' title='bbox 1446 2105 1467 2158; x_wconf 88' lang='lat' dir='ltr'>a</span> <span class='ocrx_word' id='word_1_130' title='bbox 1494 2079 1691 2191; x_wconf 90' lang='lat' dir='ltr'>primunt,</span> <span class='ocrx_word' id='word_1_131' title='bbox 1707 2075 1882 2161; x_wconf 87' lang='lat' dir='ltr'>utnulla</span> 
     </span>
    </p>

    <p class='ocr_par' dir='ltr' id='par_1_4' title="bbox 443 2107 1883 2859">
     <span class='ocr_line' id='line_1_16' title="bbox 444 2107 1881 2303; baseline 0.005 -36"><span class='ocrx_word' id='word_1_132' title='bbox 444 2183 520 2267; x_wconf 76' lang='lat' dir='ltr'>ana</span> <span class='ocrx_word' id='word_1_133' title='bbox 545 2187 669 2298; x_wconf 91' lang='lat' dir='ltr'>magis</span> <span class='ocrx_word' id='word_1_134' title='bbox 700 2211 883 2299; x_wconf 86' lang='lat' dir='ltr'>turgeat,</span> <span class='ocrx_word' id='word_1_135' title='bbox 913 2185 1121 2298; x_wconf 71' lang='lat' dir='ltr'>additsque</span> <span class='ocrx_word' id='word_1_136' title='bbox 1144 2187 1434 2302; x_wconf 86' lang='lat' dir='ltr'>adstringentis,</span> <span class='ocrx_word' id='word_1_137' title='bbox 1462 2107 1529 2272; x_wconf 73' lang='lat' dir='ltr'>seu</span> <span class='ocrx_word' id='word_1_138' title='bbox 1555 2191 1687 2303; x_wconf 89' lang='lat' dir='ltr'>potius</span> <span class='ocrx_word' id='word_1_139' title='bbox 1707 2191 1881 2303; x_wconf 85' lang='lat' dir='ltr'>stypticae</span> 
     </span>
     <span class='ocr_line' id='line_1_17' title="bbox 444 2295 1879 2417; baseline 0.006 -37"><span class='ocrx_word' id='word_1_140' title='bbox 444 2295 577 2381; x_wconf 88' lang='lat' dir='ltr'>scobis</span> <span class='ocrx_word' id='word_1_141' title='bbox 597 2297 776 2382; x_wconf 66' lang='lat' dir='ltr'>efficacis</span> <span class='ocrx_word' id='word_1_142' title='bbox 794 2302 836 2384; x_wconf 91' lang='lat' dir='ltr'>in</span> <span class='ocrx_word' id='word_1_143' title='bbox 855 2301 894 2384; x_wconf 94' lang='lat' dir='ltr'>se</span> <span class='ocrx_word' id='word_1_144' title='bbox 919 2303 1212 2415; x_wconf 84' lang='lat' dir='ltr'>constringrmt,</span> <span class='ocrx_word' id='word_1_145' title='bbox 1239 2304 1499 2412; x_wconf 87' lang='lat' dir='ltr'>vinciuntque</span> <span class='ocrx_word' id='word_1_146' title='bbox 1521 2299 1693 2417; x_wconf 88' lang='lat' dir='ltr'>partibus</span> <span class='ocrx_word' id='word_1_147' title='bbox 1715 2306 1879 2410; x_wconf 87' lang='lat' dir='ltr'>terreis,</span> 
     </span>
     <span class='ocr_line' id='line_1_18' title="bbox 445 2411 1883 2529; baseline 0.005 -36"><span class='ocrx_word' id='word_1_148' title='bbox 445 2411 502 2494; x_wconf 85' lang='lat' dir='ltr'>ita</span> <span class='ocrx_word' id='word_1_149' title='bbox 528 2435 572 2492; x_wconf 91' lang='lat' dir='ltr'>ut</span> <span class='ocrx_word' id='word_1_150' title='bbox 594 2437 666 2492; x_wconf 92' lang='lat' dir='ltr'>cor</span> <span class='ocrx_word' id='word_1_151' title='bbox 694 2439 738 2494; x_wconf 85' lang='lat' dir='ltr'>us</span> <span class='ocrx_word' id='word_1_152' title='bbox 760 2439 924 2527; x_wconf 87' lang='lat' dir='ltr'>exurgat</span> <span class='ocrx_word' id='word_1_153' title='bbox 949 2415 1184 2520; x_wconf 78' lang='lat' dir='ltr'>uniforme,</span> <span class='ocrx_word' id='word_1_154' title='bbox 1216 2413 1328 2524; x_wconf 91' lang='lat' dir='ltr'>quod</span> <span class='ocrx_word' id='word_1_155' title='bbox 1350 2443 1399 2500; x_wconf 91' lang='lat' dir='ltr'>ex</span> <span class='ocrx_word' id='word_1_156' title='bbox 1425 2413 1578 2529; x_wconf 70' lang='lat' dir='ltr'>pristini</span> <span class='ocrx_word' id='word_1_157' title='bbox 1615 2411 1883 2500; x_wconf 88' lang='lat' dir='ltr'>cellulosrtate</span> 
     </span>
     <span class='ocr_line' id='line_1_19' title="bbox 446 2441 1879 2638; baseline 0.004 -34"><span class='ocrx_word' id='word_1_158' title='bbox 446 2520 547 2604; x_wconf 91' lang='lat' dir='ltr'>nihil</span> <span class='ocrx_word' id='word_1_159' title='bbox 572 2441 692 2605; x_wconf 76' lang='lat' dir='ltr'>aliud</span> <span class='ocrx_word' id='word_1_160' title='bbox 697 2529 840 2608; x_wconf 88' lang='lat' dir='ltr'>retinet</span> <span class='ocrx_word' id='word_1_161' title='bbox 860 2551 996 2638; x_wconf 79' lang='lat' dir='ltr'>prater</span> <span class='ocrx_word' id='word_1_162' title='bbox 1022 2525 1370 2612; x_wconf 86' lang='lat' dir='ltr'>&amp;flexibilitatem</span> <span class='ocrx_word' id='word_1_163' title='bbox 1384 2535 1426 2610; x_wconf 77' lang='lat' dir='ltr'>dt</span> <span class='ocrx_word' id='word_1_164' title='bbox 1448 2525 1747 2612; x_wconf 87' lang='lat' dir='ltr'>extensrlitatcm</span> <span class='ocrx_word' id='word_1_165' title='bbox 1773 2527 1879 2610; x_wconf 87' lang='lat' dir='ltr'>sum-</span> 
     </span>
     <span class='ocr_line' id='line_1_20' title="bbox 444 2635 1881 2755; baseline 0.006 -38"><span class='ocrx_word' id='word_1_166' title='bbox 444 2645 551 2718; x_wconf 83' lang='lat' dir='ltr'>mam</span> <span class='ocrx_word' id='word_1_167' title='bbox 582 2664 700 2744; x_wconf 88' lang='lat' dir='ltr'>quarn</span> <span class='ocrx_word' id='word_1_168' title='bbox 735 2635 868 2720; x_wconf 88' lang='lat' dir='ltr'>frustra</span> <span class='ocrx_word' id='word_1_169' title='bbox 898 2641 940 2720; x_wconf 91' lang='lat' dir='ltr'>in</span> <span class='ocrx_word' id='word_1_170' title='bbox 964 2637 1121 2722; x_wconf 87' lang='lat' dir='ltr'>funibus</span> <span class='ocrx_word' id='word_1_171' title='bbox 1162 2640 1485 2754; x_wconf 62' lang='lat' dir='ltr'>&amp;vegetandum</span> <span class='ocrx_word' id='word_1_172' title='bbox 1523 2667 1648 2755; x_wconf 87' lang='lat' dir='ltr'>regno</span> <span class='ocrx_word' id='word_1_173' title='bbox 1693 2641 1881 2725; x_wconf 88' lang='lat' dir='ltr'>conflatis</span> 
     </span>
     <span class='ocr_line' id='line_1_21' title="bbox 443 2752 628 2859; baseline -0.005 -27"><span class='ocrx_word' id='word_1_174' title='bbox 443 2752 628 2859; x_wconf 87' lang='lat' dir='ltr'>requiras.</span> 
     </span>
    </p>

    <p class='ocr_par' dir='ltr' id='par_1_5' title="bbox 404 2859 1940 4435">
     <span class='ocr_line' id='line_1_22' title="bbox 518 2859 1883 2981; baseline 0.005 -37"><span class='ocrx_word' id='word_1_175' title='bbox 518 2859 731 2968; x_wconf 76' lang='lat' dir='ltr'>Ptaeterci,</span> <span class='ocrx_word' id='word_1_176' title='bbox 746 2859 813 2947; x_wconf 90' lang='lat' dir='ltr'>vel</span> <span class='ocrx_word' id='word_1_177' title='bbox 840 2861 890 2946; x_wconf 89' lang='lat' dir='ltr'>ad</span> <span class='ocrx_word' id='word_1_178' title='bbox 917 2860 1044 2947; x_wconf 88' lang='lat' dir='ltr'>visum</span> <span class='ocrx_word' id='word_1_179' title='bbox 1068 2861 1350 2978; x_wconf 71' lang='lat' dir='ltr'>simpliciorem</span> <span class='ocrx_word' id='word_1_180' title='bbox 1362 2925 1377 2971; x_wconf 87' lang='lat'>‚</span> <span class='ocrx_word' id='word_1_181' title='bbox 1405 2863 1560 2948; x_wconf 87' lang='lat' dir='ltr'>summo</span> <span class='ocrx_word' id='word_1_182' title='bbox 1591 2865 1759 2948; x_wconf 85' lang='lat' dir='ltr'>artificio</span> <span class='ocrx_word' id='word_1_183' title='bbox 1783 2897 1883 2981; x_wconf 83' lang='lat' dir='ltr'>prat-</span> 
     </span>
     <span class='ocr_line' id='line_1_23' title="bbox 444 2971 1886 3090; baseline 0.007 -35"><span class='ocrx_word' id='word_1_184' title='bbox 444 2999 574 3085; x_wconf 88' lang='lat' dir='ltr'>patata</span> <span class='ocrx_word' id='word_1_185' title='bbox 598 2977 708 3057; x_wconf 93' lang='lat' dir='ltr'>cotia</span> <span class='ocrx_word' id='word_1_186' title='bbox 740 2971 931 3058; x_wconf 82' lang='lat' dir='ltr'>exhibent</span> <span class='ocrx_word' id='word_1_187' title='bbox 960 2973 1191 3059; x_wconf 85' lang='lat' dir='ltr'>cellularum</span> <span class='ocrx_word' id='word_1_188' title='bbox 1217 2979 1377 3090; x_wconf 84' lang='lat' dir='ltr'>vestigia</span> <span class='ocrx_word' id='word_1_189' title='bbox 1392 2985 1434 3061; x_wconf 77' lang='lat' dir='ltr'>dt</span> <span class='ocrx_word' id='word_1_190' title='bbox 1454 2976 1632 3083; x_wconf 87' lang='lat' dir='ltr'>areolas,</span> <span class='ocrx_word' id='word_1_191' title='bbox 1654 3007 1737 3086; x_wconf 85' lang='lat' dir='ltr'>quae</span> <span class='ocrx_word' id='word_1_192' title='bbox 1766 3009 1886 3065; x_wconf 88' lang='lat' dir='ltr'>nunc</span> 
     </span>
     <span class='ocr_line' id='line_1_24' title="bbox 446 3083 1940 3286; baseline 0.008 -119"><span class='ocrx_word' id='word_1_193' title='bbox 446 3083 610 3167; x_wconf 80' lang='lat' dir='ltr'>extensa</span> <span class='ocrx_word' id='word_1_194' title='bbox 638 3085 924 3198; x_wconf 87' lang='lat' dir='ltr'>grandescunt,</span> <span class='ocrx_word' id='word_1_195' title='bbox 950 3117 1057 3171; x_wconf 89' lang='lat' dir='ltr'>nunc</span> <span class='ocrx_word' id='word_1_196' title='bbox 1079 3089 1304 3286; x_wconf 67' lang='lat' dir='ltr'>compressa</span> <span class='ocrx_word' id='word_1_197' title='bbox 1323 3085 1614 3204; x_wconf 89' lang='lat' dir='ltr'>complicantur</span> <span class='ocrx_word' id='word_1_198' title='bbox 1635 3116 1751 3199; x_wconf 87' lang='lat' dir='ltr'>arque</span> <span class='ocrx_word' id='word_1_199' title='bbox 1779 3122 1886 3178; x_wconf 90' lang='lat' dir='ltr'>con·</span> <span class='ocrx_word' id='word_1_200' title='bbox 1937 3141 1940 3154; x_wconf 48' lang='lat' dir='ltr'>v</span> 
     </span>
     <span class='ocr_line' id='line_1_25' title="bbox 444 3196 1889 3306; baseline 0.008 -26"><span class='ocrx_word' id='word_1_201' title='bbox 444 3200 661 3280; x_wconf 79' lang='lat' dir='ltr'>trahuntur.</span> <span class='ocrx_word' id='word_1_202' title='bbox 677 3196 833 3281; x_wconf 83' lang='lat' dir='ltr'>Alcalia</span> <span class='ocrx_word' id='word_1_203' title='bbox 848 3201 1005 3306; x_wconf 89' lang='lat' dir='ltr'>omnia,</span> <span class='ocrx_word' id='word_1_204' title='bbox 1025 3203 1054 3284; x_wconf 89' lang='lat' dir='ltr'>sr</span> <span class='ocrx_word' id='word_1_205' title='bbox 1078 3205 1131 3286; x_wconf 91' lang='lat' dir='ltr'>ita</span> <span class='ocrx_word' id='word_1_206' title='bbox 1183 3200 1358 3288; x_wconf 89' lang='lat' dir='ltr'>ebilitata</span> <span class='ocrx_word' id='word_1_207' title='bbox 1381 3205 1455 3287; x_wconf 88' lang='lat' dir='ltr'>srnr</span> <span class='ocrx_word' id='word_1_208' title='bbox 1473 3229 1519 3286; x_wconf 91' lang='lat' dir='ltr'>ut</span> <span class='ocrx_word' id='word_1_209' title='bbox 1532 3225 1696 3286; x_wconf 89' lang='lat' dir='ltr'>mucum</span> <span class='ocrx_word' id='word_1_210' title='bbox 1713 3204 1753 3284; x_wconf 92' lang='lat' dir='ltr'>in</span> <span class='ocrx_word' id='word_1_211' title='bbox 1773 3209 1889 3290; x_wconf 88' lang='lat' dir='ltr'>cutis</span> 
     </span>
     <span class='ocr_line' id='line_1_26' title="bbox 445 3307 1887 3421; baseline 0.008 -29"><span class='ocrx_word' id='word_1_212' title='bbox 445 3335 609 3394; x_wconf 77' lang='lat' dir='ltr'>mortua</span> <span class='ocrx_word' id='word_1_213' title='bbox 634 3307 790 3397; x_wconf 90' lang='lat' dir='ltr'>cellulis</span> <span class='ocrx_word' id='word_1_214' title='bbox 812 3315 1023 3398; x_wconf 84' lang='lat' dir='ltr'>haetentem</span> <span class='ocrx_word' id='word_1_215' title='bbox 1046 3343 1128 3398; x_wconf 90' lang='lat' dir='ltr'>non</span> <span class='ocrx_word' id='word_1_216' title='bbox 1145 3314 1331 3421; x_wconf 86' lang='lat' dir='ltr'>solvant,</span> <span class='ocrx_word' id='word_1_217' title='bbox 1353 3342 1417 3400; x_wconf 89' lang='lat' dir='ltr'>eas</span> <span class='ocrx_word' id='word_1_218' title='bbox 1441 3318 1680 3400; x_wconf 87' lang='lat' dir='ltr'>contrahunt</span> <span class='ocrx_word' id='word_1_219' title='bbox 1708 3318 1816 3400; x_wconf 85' lang='lat' dir='ltr'>&amp;in</span> <span class='ocrx_word' id='word_1_220' title='bbox 1839 3318 1887 3404; x_wconf 91' lang='lat' dir='ltr'>se</span> 
     </span>
     <span class='ocr_line' id='line_1_27' title="bbox 445 3422 1888 3540; baseline 0.008 -36"><span class='ocrx_word' id='word_1_221' title='bbox 445 3449 688 3537; x_wconf 89' lang='lat' dir='ltr'>aggregant;</span> <span class='ocrx_word' id='word_1_222' title='bbox 717 3449 757 3508; x_wconf 90' lang='lat' dir='ltr'>at</span> <span class='ocrx_word' id='word_1_223' title='bbox 784 3422 811 3508; x_wconf 87' lang='lat' dir='ltr'>st</span> <span class='ocrx_word' id='word_1_224' title='bbox 840 3426 1101 3538; x_wconf 76' lang='lat' dir='ltr'>potentissima</span> <span class='ocrx_word' id='word_1_225' title='bbox 1119 3427 1290 3535; x_wconf 71' lang='lat' dir='ltr'>fixerint,</span> <span class='ocrx_word' id='word_1_226' title='bbox 1316 3458 1479 3512; x_wconf 91' lang='lat' dir='ltr'>mucum</span> <span class='ocrx_word' id='word_1_227' title='bbox 1503 3425 1632 3512; x_wconf 89' lang='lat' dir='ltr'>oculis</span> <span class='ocrx_word' id='word_1_228' title='bbox 1656 3426 1888 3540; x_wconf 87' lang='lat' dir='ltr'>exhibent,</span> 
     </span>
     <span class='ocr_line' id='line_1_28' title="bbox 445 3533 1888 3648; baseline 0.008 -30"><span class='ocrx_word' id='word_1_229' title='bbox 445 3562 564 3645; x_wconf 84' lang='lat' dir='ltr'>atque</span> <span class='ocrx_word' id='word_1_230' title='bbox 595 3533 756 3621; x_wconf 90' lang='lat' dir='ltr'>lacinias</span> <span class='ocrx_word' id='word_1_231' title='bbox 791 3559 886 3648; x_wconf 80' lang='lat' dir='ltr'>quas</span> <span class='ocrx_word' id='word_1_232' title='bbox 922 3539 950 3620; x_wconf 89' lang='lat' dir='ltr'>st</span> <span class='ocrx_word' id='word_1_233' title='bbox 977 3541 1020 3620; x_wconf 92' lang='lat' dir='ltr'>in</span> <span class='ocrx_word' id='word_1_234' title='bbox 1049 3537 1217 3626; x_wconf 82' lang='lat' dir='ltr'>cellulas</span> <span class='ocrx_word' id='word_1_235' title='bbox 1243 3540 1439 3626; x_wconf 83' lang='lat' dir='ltr'>resolvere</span> <span class='ocrx_word' id='word_1_236' title='bbox 1459 3538 1663 3646; x_wconf 87' lang='lat' dir='ltr'>volucris,</span> <span class='ocrx_word' id='word_1_237' title='bbox 1692 3542 1888 3630; x_wconf 88' lang='lat' dir='ltr'>inutilem</span> 
     </span>
     <span class='ocr_line' id='line_1_29' title="bbox 444 3645 1888 3764; baseline 0.01 -34"><span class='ocrx_word' id='word_1_238' title='bbox 444 3645 558 3732; x_wconf 87' lang='lat' dir='ltr'>ludes</span> <span class='ocrx_word' id='word_1_239' title='bbox 585 3675 759 3763; x_wconf 90' lang='lat' dir='ltr'>operam.</span> <span class='ocrx_word' id='word_1_240' title='bbox 787 3650 1032 3735; x_wconf 88' lang='lat' dir='ltr'>Lacerantur</span> <span class='ocrx_word' id='word_1_241' title='bbox 1055 3657 1185 3759; x_wconf 89' lang='lat' dir='ltr'>enim,</span> <span class='ocrx_word' id='word_1_242' title='bbox 1207 3653 1522 3764; x_wconf 87' lang='lat' dir='ltr'>necquidquam</span> <span class='ocrx_word' id='word_1_243' title='bbox 1550 3655 1724 3739; x_wconf 87' lang='lat' dir='ltr'>offerunt</span> <span class='ocrx_word' id='word_1_244' title='bbox 1745 3655 1888 3744; x_wconf 88' lang='lat' dir='ltr'>oculis</span> 
     </span>
     <span class='ocr_line' id='line_1_30' title="bbox 446 3760 1888 3880; baseline 0.007 -36"><span class='ocrx_word' id='word_1_245' title='bbox 446 3760 777 3860; x_wconf 68' lang='lat' dir='ltr'>memorandum</span> <span class='ocrx_word' id='word_1_246' title='bbox 806 3762 913 3846; x_wconf 90' lang='lat' dir='ltr'>idem</span> <span class='ocrx_word' id='word_1_247' title='bbox 940 3763 990 3848; x_wconf 92' lang='lat' dir='ltr'>de</span> <span class='ocrx_word' id='word_1_248' title='bbox 1006 3767 1137 3880; x_wconf 83' lang='lat' dir='ltr'>stygiis</span> <span class='ocrx_word' id='word_1_249' title='bbox 1162 3766 1240 3874; x_wconf 85' lang='lat' dir='ltr'>illis</span> <span class='ocrx_word' id='word_1_250' title='bbox 1270 3766 1394 3854; x_wconf 88' lang='lat' dir='ltr'>acidis</span> <span class='ocrx_word' id='word_1_251' title='bbox 1412 3767 1626 3853; x_wconf 89' lang='lat' dir='ltr'>dicendum</span> <span class='ocrx_word' id='word_1_252' title='bbox 1643 3769 1707 3853; x_wconf 89' lang='lat' dir='ltr'>cst.</span> <span class='ocrx_word' id='word_1_253' title='bbox 1729 3767 1888 3877; x_wconf 89' lang='lat' dir='ltr'>Quod-</span> 
     </span>
     <span class='ocr_line' id='line_1_31' title="bbox 445 3873 1887 3992; baseline 0.006 -34"><span class='ocrx_word' id='word_1_254' title='bbox 445 3901 619 3982; x_wconf 88' lang='lat' dir='ltr'>cumque</span> <span class='ocrx_word' id='word_1_255' title='bbox 634 3877 740 3958; x_wconf 89' lang='lat' dir='ltr'>enim</span> <span class='ocrx_word' id='word_1_256' title='bbox 755 3873 874 3958; x_wconf 67' lang='lat' dir='ltr'>nimis</span> <span class='ocrx_word' id='word_1_257' title='bbox 888 3879 929 3960; x_wconf 92' lang='lat' dir='ltr'>vi</span> <span class='ocrx_word' id='word_1_258' title='bbox 941 3880 1022 3988; x_wconf 90' lang='lat' dir='ltr'>agit</span> <span class='ocrx_word' id='word_1_259' title='bbox 1031 3939 1044 3982; x_wconf 87' lang='lat'><strong>,</strong></span> <span class='ocrx_word' id='word_1_260' title='bbox 1055 3907 1196 3963; x_wconf 86' lang='lat' dir='ltr'>naturae</span> <span class='ocrx_word' id='word_1_261' title='bbox 1211 3885 1369 3992; x_wconf 77' lang='lat' dir='ltr'>prorsus</span> <span class='ocrx_word' id='word_1_262' title='bbox 1386 3882 1542 3963; x_wconf 88' lang='lat' dir='ltr'>destruit</span> <span class='ocrx_word' id='word_1_263' title='bbox 1553 3881 1758 3986; x_wconf 90' lang='lat' dir='ltr'>ordinem,</span> <span class='ocrx_word' id='word_1_264' title='bbox 1769 3883 1887 3966; x_wconf 68' lang='lat' dir='ltr'>unde</span> 
     </span>
     <span class='ocr_line' id='line_1_32' title="bbox 445 3984 1886 4104; baseline 0.006 -35"><span class='ocrx_word' id='word_1_265' title='bbox 445 3984 494 4069; x_wconf 84' lang='lat' dir='ltr'>ab</span> <span class='ocrx_word' id='word_1_266' title='bbox 517 3987 685 4072; x_wconf 89' lang='lat' dir='ltr'>escharis</span> <span class='ocrx_word' id='word_1_267' title='bbox 706 3991 899 4072; x_wconf 86' lang='lat' dir='ltr'>&amp;crustis</span> <span class='ocrx_word' id='word_1_268' title='bbox 922 3985 1000 4072; x_wconf 73' lang='lat' dir='ltr'>alte</span> <span class='ocrx_word' id='word_1_269' title='bbox 1020 3989 1326 4104; x_wconf 77' lang='lat' dir='ltr'>impreffis-nihil</span> <span class='ocrx_word' id='word_1_270' title='bbox 1352 3993 1449 4075; x_wconf 90' lang='lat' dir='ltr'>novi</span> <span class='ocrx_word' id='word_1_271' title='bbox 1466 3990 1522 4074; x_wconf 88' lang='lat' dir='ltr'>fas</span> <span class='ocrx_word' id='word_1_272' title='bbox 1542 3995 1595 4074; x_wconf 88' lang='lat' dir='ltr'>est</span> <span class='ocrx_word' id='word_1_273' title='bbox 1616 3989 1886 4078; x_wconf 87' lang='lat' dir='ltr'>concludere.</span> 
     </span>
     <span class='ocr_line' id='line_1_33' title="bbox 446 4097 1890 4218; baseline 0.006 -36"><span class='ocrx_word' id='word_1_274' title='bbox 446 4098 653 4213; x_wconf 86' lang='lat' dir='ltr'>Stringunt</span> <span class='ocrx_word' id='word_1_275' title='bbox 674 4097 889 4186; x_wconf 86' lang='lat' dir='ltr'>aluminosa</span> <span class='ocrx_word' id='word_1_276' title='bbox 906 4135 915 4185; x_wconf 90' lang='lat'>:</span> <span class='ocrx_word' id='word_1_277' title='bbox 932 4125 971 4184; x_wconf 92' lang='lat' dir='ltr'>at</span> <span class='ocrx_word' id='word_1_278' title='bbox 994 4103 1105 4213; x_wconf 94' lang='lat' dir='ltr'>quod</span> <span class='ocrx_word' id='word_1_279' title='bbox 1124 4105 1165 4186; x_wconf 93' lang='lat' dir='ltr'>in</span> <span class='ocrx_word' id='word_1_280' title='bbox 1188 4129 1280 4188; x_wconf 91' lang='lat' dir='ltr'>cute</span> <span class='ocrx_word' id='word_1_281' title='bbox 1302 4099 1495 4189; x_wconf 68' lang='lat' dir='ltr'>viventii</span> <span class='ocrx_word' id='word_1_282' title='bbox 1522 4100 1642 4218; x_wconf 73' lang='lat' dir='ltr'>longi</span> <span class='ocrx_word' id='word_1_283' title='bbox 1666 4103 1890 4190; x_wconf 85' lang='lat' dir='ltr'>acidorurn</span> 
     </span>
     <span class='ocr_line' id='line_1_34' title="bbox 443 4213 1892 4334; baseline 0.008 -42"><span class='ocrx_word' id='word_1_284' title='bbox 443 4213 600 4296; x_wconf 78' lang='lat' dir='ltr'>aslionc</span> <span class='ocrx_word' id='word_1_285' title='bbox 628 4215 820 4321; x_wconf 88' lang='lat' dir='ltr'>viderim,</span> <span class='ocrx_word' id='word_1_286' title='bbox 848 4218 914 4300; x_wconf 81' lang='lat' dir='ltr'>hle</span> <span class='ocrx_word' id='word_1_287' title='bbox 941 4213 1086 4302; x_wconf 86' lang='lat' dir='ltr'>referre</span> <span class='ocrx_word' id='word_1_288' title='bbox 1113 4245 1197 4302; x_wconf 92' lang='lat' dir='ltr'>non</span> <span class='ocrx_word' id='word_1_289' title='bbox 1219 4214 1396 4334; x_wconf 89' lang='lat' dir='ltr'>pigebit,</span> <span class='ocrx_word' id='word_1_290' title='bbox 1426 4243 1518 4301; x_wconf 88' lang='lat' dir='ltr'>curn</span> <span class='ocrx_word' id='word_1_291' title='bbox 1547 4215 1648 4302; x_wconf 90' lang='lat' dir='ltr'>nihil</span> <span class='ocrx_word' id='word_1_292' title='bbox 1669 4213 1795 4301; x_wconf 87' lang='lat' dir='ltr'>sunile</span> <span class='ocrx_word' id='word_1_293' title='bbox 1819 4213 1892 4304; x_wconf 86' lang='lat' dir='ltr'>le-</span> 
     </span>
     <span class='ocr_line' id='line_1_35' title="bbox 404 4321 904 4435; baseline 0.018 -32"><span class='ocrx_word' id='word_1_294' title='bbox 404 4374 409 4381; x_wconf 84' lang='lat'><strong>·</strong></span> <span class='ocrx_word' id='word_1_295' title='bbox 445 4323 571 4435; x_wconf 84' lang='lat' dir='ltr'>gerim</span> <span class='ocrx_word' id='word_1_296' title='bbox 594 4321 642 4406; x_wconf 90' lang='lat' dir='ltr'>ab</span> <span class='ocrx_word' id='word_1_297' title='bbox 665 4323 744 4407; x_wconf 86' lang='lat' dir='ltr'>alio</span> <span class='ocrx_word' id='word_1_298' title='bbox 766 4325 904 4412; x_wconf 89' lang='lat' dir='ltr'>visum.</span> 
     </span>
    </p>

    <p class='ocr_par' dir='ltr' id='par_1_6' title="bbox 446 4433 1893 4898">
     <span class='ocr_line' id='line_1_36' title="bbox 504 4433 1893 4528; baseline 0.007 -10"><span class='ocrx_word' id='word_1_299' title='bbox 504 4433 626 4520; x_wconf 68' lang='lat' dir='ltr'>Novi</span> <span class='ocrx_word' id='word_1_300' title='bbox 655 4443 697 4521; x_wconf 78' lang='lat' dir='ltr'>dt</span> <span class='ocrx_word' id='word_1_301' title='bbox 719 4437 892 4522; x_wconf 71' lang='lat' dir='ltr'>inaudita</span> <span class='ocrx_word' id='word_1_302' title='bbox 919 4443 1113 4528; x_wconf 89' lang='lat' dir='ltr'>methodo</span> <span class='ocrx_word' id='word_1_303' title='bbox 1148 4441 1313 4528; x_wconf 84' lang='lat' dir='ltr'>fistulam</span> <span class='ocrx_word' id='word_1_304' title='bbox 1339 4441 1389 4527; x_wconf 90' lang='lat' dir='ltr'>ad</span> <span class='ocrx_word' id='word_1_305' title='bbox 1423 4471 1541 4528; x_wconf 89' lang='lat' dir='ltr'>anum</span> <span class='ocrx_word' id='word_1_306' title='bbox 1567 4439 1774 4526; x_wconf 88' lang='lat' dir='ltr'>sanandam</span> <span class='ocrx_word' id='word_1_307' title='bbox 1798 4438 1893 4527; x_wconf 86' lang='lat' dir='ltr'>sus-</span> 
     </span>
     <span class='ocr_line' id='line_1_37' title="bbox 446 4551 1892 4666; baseline 0.01 -36"><span class='ocrx_word' id='word_1_308' title='bbox 446 4571 606 4660; x_wconf 87' lang='lat' dir='ltr'>ceperat</span> <span class='ocrx_word' id='word_1_309' title='bbox 630 4575 787 4662; x_wconf 84' lang='lat' dir='ltr'>agyrta‚</span> <span class='ocrx_word' id='word_1_310' title='bbox 815 4577 982 4662; x_wconf 86' lang='lat' dir='ltr'>eamque</span> <span class='ocrx_word' id='word_1_311' title='bbox 1002 4559 1236 4664; x_wconf 89' lang='lat' dir='ltr'>quotidiano</span> <span class='ocrx_word' id='word_1_312' title='bbox 1262 4555 1332 4640; x_wconf 88' lang='lat' dir='ltr'>usu</span> <span class='ocrx_word' id='word_1_313' title='bbox 1353 4555 1520 4666; x_wconf 90' lang='lat' dir='ltr'>liquoris</span> <span class='ocrx_word' id='word_1_314' title='bbox 1546 4553 1649 4640; x_wconf 90' lang='lat' dir='ltr'>acidi</span> <span class='ocrx_word' id='word_1_315' title='bbox 1680 4551 1892 4644; x_wconf 86' lang='lat' dir='ltr'>debilitati</span> 
     </span>
     <span class='ocr_line' id='line_1_38' title="bbox 446 4657 1892 4782; baseline 0.012 -42"><span class='ocrx_word' id='word_1_316' title='bbox 446 4659 756 4746; x_wconf 88' lang='lat' dir='ltr'>consumendam</span> <span class='ocrx_word' id='word_1_317' title='bbox 794 4663 1044 4772; x_wconf 76' lang='lat' dir='ltr'>crediderat,</span> <span class='ocrx_word' id='word_1_318' title='bbox 1073 4671 1236 4754; x_wconf 83' lang='lat' dir='ltr'>infausto</span> <span class='ocrx_word' id='word_1_319' title='bbox 1273 4669 1434 4782; x_wconf 87' lang='lat' dir='ltr'>quidem</span> <span class='ocrx_word' id='word_1_320' title='bbox 1464 4657 1636 4772; x_wconf 72' lang='lat' dir='ltr'>eventia,</span> <span class='ocrx_word' id='word_1_321' title='bbox 1671 4695 1761 4748; x_wconf 91' lang='lat' dir='ltr'>nam</span> <span class='ocrx_word' id='word_1_322' title='bbox 1804 4665 1892 4758; x_wconf 62' lang='lat' dir='ltr'>illa</span> 
     </span>
     <span class='ocr_line' id='line_1_39' title="bbox 446 4773 1891 4898; baseline 0.011 -44"><span class='ocrx_word' id='word_1_323' title='bbox 446 4773 488 4854; x_wconf 88' lang='lat' dir='ltr'>in</span> <span class='ocrx_word' id='word_1_324' title='bbox 502 4773 689 4859; x_wconf 91' lang='lat' dir='ltr'>interiora</span> <span class='ocrx_word' id='word_1_325' title='bbox 704 4775 918 4889; x_wconf 86' lang='lat' dir='ltr'>grassante,</span> <span class='ocrx_word' id='word_1_326' title='bbox 946 4808 1046 4892; x_wconf 85' lang='lat' dir='ltr'>aegcr</span> <span class='ocrx_word' id='word_1_327' title='bbox 1063 4783 1162 4895; x_wconf 94' lang='lat' dir='ltr'>phth</span> <span class='ocrx_word' id='word_1_328' title='bbox 1187 4784 1287 4870; x_wconf 87' lang='lat' dir='ltr'>stcus</span> <span class='ocrx_word' id='word_1_329' title='bbox 1301 4779 1432 4896; x_wconf 89' lang='lat' dir='ltr'>plures</span> <span class='ocrx_word' id='word_1_330' title='bbox 1459 4784 1543 4898; x_wconf 87' lang='lat' dir='ltr'>post</span> <span class='ocrx_word' id='word_1_331' title='bbox 1565 4807 1688 4865; x_wconf 91' lang='lat' dir='ltr'>annos</span> <span class='ocrx_word' id='word_1_332' title='bbox 1712 4781 1891 4870; x_wconf 86' lang='lat' dir='ltr'>interiit.</span> 
     </span>
    </p>
   </div>
   <div class='ocr_carea' id='block_1_3' title="bbox 443 4813 1895 5008">
    <p class='ocr_par' dir='ltr' id='par_1_7' title="bbox 443 4813 1895 5008">
     <span class='ocr_line' id='line_1_40' title="bbox 443 4813 1895 5008; baseline 0.01 -34"><span class='ocrx_word' id='word_1_333' title='bbox 443 4883 487 4974; x_wconf 66' lang='lat'>1⁸</span> <span class='ocrx_word' id='word_1_334' title='bbox 508 4911 591 4973; x_wconf 87' lang='lat' dir='ltr'>crat</span> <span class='ocrx_word' id='word_1_335' title='bbox 626 4887 760 4978; x_wconf 73' lang='lat' dir='ltr'>snei</span> <span class='ocrx_word' id='word_1_336' title='bbox 790 4887 1006 4982; x_wconf 86' lang='lat' dir='ltr'>Landetici</span> <span class='ocrx_word' id='word_1_337' title='bbox 1042 4921 1086 4982; x_wconf 88' lang='lat' dir='ltr'>tn</span> <span class='ocrx_word' id='word_1_338' title='bbox 1120 4813 1219 4984; x_wconf 85' lang='lat' dir='ltr'>urbe</span> <span class='ocrx_word' id='word_1_339' title='bbox 1245 4896 1444 4988; x_wconf 84' lang='lat' dir='ltr'>Paristensr</span> <span class='ocrx_word' id='word_1_340' title='bbox 1484 4895 1629 5008; x_wconf 84' lang='lat' dir='ltr'>Pastor.</span> <span class='ocrx_word' id='word_1_341' title='bbox 1666 4892 1758 4982; x_wconf 83' lang='lat' dir='ltr'>Post</span> <span class='ocrx_word' id='word_1_342' title='bbox 1788 4892 1895 4988; x_wconf 74' lang='lat' dir='ltr'>dira</span> 
     </span>
    </p>
   </div>
   <div class='ocr_carea' id='block_1_4' title="bbox 0 0 2101 5884">
    <p class='ocr_par' dir='ltr' id='par_1_8' title="bbox 0 0 2101 5884">
     <span class='ocr_line' id='line_1_41' title="bbox 0 0 2101 5884; baseline 0 0"><span class='ocrx_word' id='word_1_343' title='bbox 0 0 2101 5884; x_wconf 95' lang='lat' dir='ltr'> </span> 
     </span>
    </p>
   </div>
  </div>
 </body>
</html>
