4250 5898
494 445 587 537 ”572
952 413 1477 511 DEMORBIS

507 593 550 674 in
570 589 1412 704 13313131133313133311331311313113,331
1432 587 1548 674 fibras
1567 581 1767 698 sugendo,
1782 611 1829 670 ut
1855 607 1941 672 crea

508 701 703 808 diderim,
740 728 846 814 aptas
882 705 1042 816 corpori
1072 703 1266 786 adhaerent
1292 733 1305 802 3
1336 728 1532 787 venenato
1574 701 1671 781 inest
1706 699 1938 813 punstulum

508 817 704 926 nigricans
732 847 744 912 ;
773 814 840 896 sed
863 814 929 897 Cl.
952 814 1101 899 Sloane
1125 814 1329 899 arbitratur
1351 813 1631 929 negligentiam
1657 841 1759 894 curat
1783 812 1938 896 111111311-

505 925 713 1010 litudinem
743 929 846 1009 hanc
875 955 1022 1040 parere.
1057 927 1245 1012 Praetereb
1276 955 1409 1020 tunror
1439 931 1505 1010 hic
1538 925 1719 1008 continet
1752 953 1935 1036 magnam

505 1036 720 1122 ouulorum
741 1043 898 1151 copiam
926 1071 1008 1148 quae
1034 1067 1082 1122 ex
1104 1037 1196 1122 albo
1222 1039 1437 1150 squallida,
1463 1041 1490 1120 11
1515 1063 1710 1142 terantur,
1738 1039 1935 1142 strepitum

505 1151 640 1234 edunt.
671 1151 887 1262 Creditque
912 1151 1176 1236 illustrissrmus
1196 1156 1330 1236 auslor
1353 1182 1429 1236 ova
1450 1149 1527 1237 esse
1546 1149 1679 1232 insessi
1700 1149 1936 1263 pedicularis

429 1321 431 1330 ,
504 1263 616 1372 quod
634 1267 754 1346 vitam
776 1286 1032 1347 communem
1053 1268 1134 1376 agit
1155 1268 1195 1347 in
1216 1266 1317 1348 locis
1334 1267 1503 1348 coenosis
1527 1271 1570 1346 dt
1588 1291 1638 1346 ex
1657 1263 1802 1345 detritu
1818 1291 1936 1375 vege·

503 1379 669 1458 santium
692 1375 983 1485 squallentibus.
1010 1377 1255 1463 Insinuantur
1276 1377 1401 1491 vulgo
1422 1407 1499 1460 ova
1522 1375 1590 1458 sub
1612 1374 1758 1488 pedum
1779 1407 1831 1457 un
1886 1374 1935 1459 lis

502 1517 608 1597 quar,
623 1491 649 1570 11
663 1490 852 1597 11333131,
868 1486 1132 1604 multiplicant
1142 1491 1244 1598 sese,
1258 1495 1300 1574 in
1312 1488 1579 1576 verminosum
1593 1487 1708 1570 ulcus
1725 1407 1933 1594 facessbht‚

501 1599 648 1685 laedunt
681 1603 786 1709 ossa,
816 1607 900 1687 imb
924 1611 965 1686 ὅ(
992 1633 1237 1715 gangraenam
1262 1603 1464 1687 arcessunt.
1493 1601 1637 1684 Refert
1661 1599 1776 1685 Pater
1807 1599 1935 1684 Labat

506 1713 777 1826 Capucinum,
801 1716 910 1822 cujus
930 1719 962 1796 is
982 1741 1064 1797 erat
1083 1717 1200 1800 ardor
1215 1747 1261 1802 ut
1274 1719 1316 1799 13
1330 1719 1532 1830 Europam
1554 1717 1749 1796 horumce
1767 1715 1933 1798 insesso-

501 1855 592 1908 rum
620 1826 821 1910 coloniam
846 1829 1060 1914 adduceret
1068 1892 1082 1936 ,
1107 1827 1176 1912 fibi
1201 1833 1344 1914 insessa
1370 1827 1484 1912 illas
1504 1825 1599 1910 onte
1622 1824 1786 1939 pedibus
1809 1857 1931 1942 appo-

500 1937 642 2040 suisse,
674 1941 697 2021 s
717 1969 826 2023 erans
851 1964 1046 2023 maturum
1075 1941 1162 2025 satis
1190 1948 1230 2026 in
1256 1939 1387 2026 Gallia
1415 1859 1583 2025 reditum
1601 1967 1646 2022 ut
1665 1941 1809 2052 pestem
1831 1945 1933 2026 hanc

500 2050 680 2134 viderent
744 2051 846 2135 edici
862 2051 993 2154 Galli,
1010 2054 1063 2134 ita
1083 2054 1150 2166 spe
1170 2055 1236 2138 131
1253 2054 1459 2159 excidisse,
1481 2079 1525 2136 ut
1544 2051 1660 2135 fuerit
1678 2051 1931 2138 necessarium

500 2165 540 2245 ei
566 2192 654 2246 crus
681 2165 891 2277 amputasse
914 2191 1121 2272 antequam
1148 2191 1268 2251 terras
1297 2171 1560 2280 contingeret.
1591 2163 1685 2274 Qus
1709 2168 1750 2247 in
1773 2165 1929 2250 13110111

498 2273 725 2369 socordiam
742 2276 848 2360 certe
866 2281 977 2390 aegri,
1000 2275 1067 2359 sed
1091 2277 1379 2395 Chirurgorum
1397 2281 1631 2392 imperitiam
1649 2277 1930 2392 redarguendi,

496 2385 613 2472 locus
636 2391 700 2473 esi.
958 2477 961 2482 ,
1373 2421 1382 2462 ·.
1720 2409 1724 2418 ’

522 2499 533 2511 '
555 2501 635 2586 Sed
665 2502 760 2611 quid
789 2503 975 2591 addamus
1001 2508 1051 2592 de
1076 2535 1212 2596 verme
1239 2505 1312 2591 illo
1339 2507 1439 2592 131111
1466 2507 1590 2589 cutim
1619 2501 1783 2587 excluso
1807 2510 1849 2586 &
1875 2503 1929 2590 ibi

490 2611 598 2697 ’13111
635 2617 761 2728 ipsum
797 2617 952 2730 adipem
989 2622 1157 2736 degente
1197 2649 1316 2730 quem
1349 2645 1494 2704 macore
1526 2619 1675 2701 dicunt.
1714 2617 1802 2726 Qui
1835 2623 1926 2701 cirm

493 2724 632 2811 suibus
650 2731 691 2810 in
711 2733 938 2814 Americam
961 2734 1161 2848 asportatis
1187 2739 1411 2819 communis
1438 2735 1506 2839 111,
1530 2731 1633 2846 ipsos
1655 2757 1789 2813 tamen
1812 2734 1926 2816 etiam

497 2840 681 2924 homines
703 2842 878 2951 invadit,
907 2868 984 2928 tres
1008 2846 1128 2934 lineas
1150 2849 1317 2952 crassus,
1344 2846 1411 2930 ubi
1433 2844 1511 2952 jam
1536 2843 1732 2948 adolevit,
1762 2869 1927 2952 quatuor

491 2948 643 3064 longus
659 2999 686 3059 ,·
709 2951 844 3060 albus,
869 2958 1100 3068 annullaris,
1122 2966 1244 3044 rostro
1271 2964 1452 3070 utrinque
1473 2958 1629 3041 adunco
1655 2963 1697 3038 bt
1721 2955 1925 3041 forficibus

494 3065 721 3148 acutissimis
734 3067 922 3172 donatus,
940 3072 1096 3180 qualem
1113 3077 1280 3159 extraxit
1296 3082 1337 3157 &
1350 3075 1564 3156 extrasium
1579 3096 1628 3151 ex
1645 3095 1755 3181 parte
1769 3067 1923 3183 adiposs

491 3173 623 3258 'clunis
642 3178 825 3262 faeminea
844 3181 977 3293 spiritu
996 3189 1079 3268 vini
1098 3188 1289 3270 servatum
1309 3189 1406 3268 mihi
1423 3183 1774 3292 demonstravituir
1795 3186 1922 3264 omni-

493 3285 568 3372 bus
593 3286 757 3370 sortunae
786 3291 900 3374 donis
926 3295 1093 3406 dignus,
1119 3305 1202 3382 tirm
1222 3297 1276 3382 ob
1304 3304 1392 3382 artis
1413 3299 1595 3381 eximiam
1613 3296 1821 3408 peritiam,
1844 3300 1922 3377 tirm

486 3398 554 3483 ob.
579 3399 807 3487 suavitatem
833 3434 990 3488 morum
1014 3411 1249 3523 purissmtam
1275 3411 1331 3493 D.
1356 3408 1568 3494 Chambon
1599 3406 1697 3489 olim
1729 3402 1921 3516 C'ayenna

494 3511 678 3596 Coloniae
708 3513 896 3622 Gallica,
932 3549 1037 3602 nunc
1068 3523 1293 3606 nosocomii
1316 3522 1491 3606 militaris
1517 3521 1747 3606 cohortium
1778 3521 1921 3603 Prato-

491 3627 685 3708 rianarum
708 3627 938 3742 Chirurgus.
968 3632 1089 3717 Certe
1114 3666 1195 3719 non
1218 3640 1272 3718 ita
1294 3640 1446 3748 integer
1468 3634 1547 3718 sese
1566 3630 1666 3715 intr⁸a
1686 3657 1821 3715 cutem
1840 3634 1920 3714 inst·

491 3742 627 3821 nuavir
637 3801 650 3844 ,
675 3738 741 3821 sed
753 3739 864 3823 ovuli
878 3743 1006 3826 forms
1023 3746 1135 3830 latuit
1150 3747 1218 3830 sub
1234 3747 1487 3862 epidermide.
1503 3744 1690 3854 Quandiir
1703 3743 1758 3826 ibi
1772 3744 1919 3828 later&

490 3849 775 3965 phlegmonem
798 3857 1079 3940 atrocissimum
1104 3869 1143 3942 &
1169 3861 1208 3942 13
1238 3864 1485 3973 purationem
1508 3855 1827 3970 inseparabilem,
1842 3885 1914 3940 nec

490 3964 815 4072 exhauriendam,
831 3967 1003 4072 inducit,
1022 3970 1098 4052 alte
1110 3973 1189 4055 1313
1200 3889 1350 4086 semper
1361 3971 1578 4054 defodiens.
1595 3965 1693 4050 Hoc
1707 3967 1909 4074 3111113113,

489 4079 530 4158 13
549 4073 625 4186 qui
643 4105 751 4190 certe
769 4076 1020 4194 a'bs’r'raslione
1042 4082 1220 4167 faciendi
1234 4097 1316 4198 ‘per
1339 4084 1521 4187 forfices,
1547 4111 1638 4164 cum
1664 4080 1769 4163 areta
1792 4081 1915 4164 adhae-

487 4214 598 4293 reat,
620 4215 701 4273 arte
724 4201 764 4274 &
785 4191 968 4304 patientis
990 4224 1090 4308 opus
1109 4199 1159 4280 eli
1170 4259 1183 4302 ,
1205 4201 1338 4280 omnia
1361 4193 1463 4278 mala
1483 4194 1591 4277 brevi
1611 4195 1860 4278 evanescunt.

484 4337 495 4348 ·
545 4299 592 4382 In
623 4319 766 4413 genere
798 4308 894 4387 verb
926 4306 1128 4390 fatendum
1162 4313 1214 4392 311
1248 4339 1448 4420 nunquam
1485 4307 1585 4390 adei>
1616 4305 1737 4388 tacite
1776 4305 1915 4390 11113113

485 4408 620 4492 subtus
635 4440 766 4497 cutem
780 4418 968 4610 irrpperQ
985 4423 1079 4528 quin
1092 4421 1209 4506 facile
1221 4425 1265 4506 srt
1278 4425 1365 4536 ipsis
1380 4421 1543 4526 mederi,
1558 4415 1625 4500 ubi
1641 4415 1762 4500 semel
1779 4445 1917 4502 eorum

483 4522 633 4604 1333113
658 4531 818 4638 cognita
856 4533 967 4613 uerit.
994 4533 1083 4613 lmb
1110 4533 1325 4618 solitarium
1350 4534 1537 4617 insessum
1562 4531 1651 4612 raro
1678 4531 1817 4642 ingens
1838 4559 1919 4614 ma-

485 4635 610 4717 china
628 4665 911 4724 nocumentum
926 4643 1071 4727 inferre
1084 4651 1220 4759 potest.
1239 4649 1388 4730 Verirm
1406 4647 1459 4750 11,
1481 4647 1583 4728 utin
1602 4641 1818 4726 miserrimi
1835 4628 1930 4724 ont-⁸

483 4750 596 4829 nium
612 4773 740 4830 rerum
755 4749 920 4860 egestate
928 4818 943 4862 ,
964 4757 1013 4861 11,
1030 4781 1074 4839 31
1090 4760 1132 4842 13
1147 4757 1343 4870 squallore
1363 4785 1565 4866 carcerum
1572 4820 1585 4864 ,
1603 4753 1919 4868 multiplicentur

476 4889 671 4974 arumna,
699 4863 913 4956 mundities
922 4895 1143 4986 avertatur,
1172 4873 1322 4961 crescat
1342 4869 1568 4990 spurcities,
1594 4871 1638 4956 13
1655 4867 1825 4956 13331113
1846 4897 1917 4956 ca-

651 5032 717 5082 ι’.
