4226 5916
491 335 586 446 '452¹
935 325 1043 420 DE
1114 327 1475 418 MORBi's

498 499 553 580 est
566 559 580 604 ,
611 503 729 607 quini
754 525 837 606 quae
862 491 946 578 aliis
975 492 1124 578 morbis
1150 500 1371 580 cutaneisc
1401 497 1552 610 mpetit.
1584 484 1683 606 Qui
1702 483 1865 605 quidem
1889 498 1929 582 in

399 633 401 648 ·
496 607 716 721 ingadandi
734 633 868 691 natura
887 607 965 722 ipsa
981 606 1060 690 sese
1078 605 1192 691 nobis
1206 606 1363 692 obviam
1373 525 1479 691 sistit.
1498 607 1606 690 Nam
1619 611 1711 689 cirin
1725 610 1929 694 evidenter

498 725 603 804 acria
626 725 781 826 omnia,
806 723 939 801 omnia
961 718 1163 835 spirituosa
1184 725 1237 804 ita
1256 746 1428 804 noceant
1450 745 1494 803 ut
1515 745 1725 833 peccatum
1746 721 1927 831 sequauir

495 863 638 946 poena,
660 829 954 941 eaquesubita,
1006 857 1087 915 atet
1109 830 1295 916 leniendo
1320 832 1456 916 saltem
1481 827 1625 944 morbo
1649 856 1767 941 atque
1786 831 1926 918 subdu·

493 946 630 1030 cendis
642 943 903 1058 paroxysmis,
918 863 1140 1050 titillatam,
1157 953 1197 1029 ὅ(
1210 941 1652 1029 medicinamlaxantem
1662 1006 1676 1049 ,
1690 942 1923 1053 diluentem,

493 1085 582 1140 uno·
602 1055 753 1161 verbo,
772 1055 1150 1170 'anti-plilogisticam
1174 1057 1251 1141 elle
1276 1055 1460 1142 omnibus
1487 1055 1572 1142 aliis
1594 1058 1922 1171 anteponendam.

549 1171 639 1254 Inib
664 1173 760 1252 novi
782 1171 963 1253 homines
982 1173 1064 1254 hoc
1087 1168 1231 1252 morbo
1251 1169 1334 1253 dirb
1354 1196 1517 1280 vexatos
1537 1173 1632 1278 qui,
1654 1175 1745 1252 clim
1764 1171 1923 1256 vivendi

491 1281 685 1394 pristinam
705 1309 884 1364 normam
904 1279 1128 1388 abjecissent
1147 1286 1336 1389 omninb,
1359 1292 1401 1367 ὅ(
1414 1283 1623 1367 mutassent
1635 1289 1816 1396 prorsus,
1837 1283 1921 1368 sero

490 1386 600 1477 sadis
615 1458 629 1500 ,
660 1392 740 1479 vitai
773 1391 939 1506 simplici
975 1395 1175 1501 admotis,
1213 1394 1404 1504 simulque
1439 1395 1702 1479 condimentis
1737 1395 1920 1482 omnibus

488 1502 639 1609 rejectis
652 1569 666 1613 ,
693 1505 934 1590 instituissent
959 1512 1118 1614 vivere,
1139 1504 1278 1592 balnea
1298 1508 1429 1622 tepida
1451 1508 1521 1591 usu
1548 1533 1764 1621 prorogato
1789 1507 1920 1624 sump-

489 1617 645 1726 sissent,
675 1615 909 1728 emulsiones
939 1619 1008 1702 sub
1040 1624 1197 1704 nostem
1230 1649 1311 1732 quo
1343 1645 1525 1736 tempore
1558 1620 1685 1704 fervet
1719 1620 1918 1708 crudelius

488 1725 664 1838 malum,
687 1731 918 1842 quotidiano
935 1732 1006 1816 usu
1028 1727 1322 1846 assumpsissent,
1344 1737 1525 1849 practerea
1544 1735 1647 1837 vini,
1668 1739 1709 1814 δι
1726 1736 1918 1848 praecipue

489 1845 571 1926 viiii
603 1841 707 1927 illisis
740 1843 864 1926 oleosi
895 1845 1004 1954 quod
1039 1845 1287 1929 moschatum
1317 1843 1567 1963 vocantnusu
1603 1843 1806 1952 abstemii,
1841 1849 1915 1944 sine

487 1953 575 2037 ullo
608 1954 686 2039 alio
712 1956 888 2039 remedio
914 1965 1071 2068 prorsus
1099 1957 1563 2058 convaluerunt31eiiito
1617 1959 1757 2040 rimiim
1786 1957 1913 2068 malo,

487 2069 607 2148 etiam
638 2071 692 2150 ita
713 2067 880 2180 sopito,
910 2095 955 2150 ut
982 2099 1182 2180 nunquam
1212 2069 1490 2176 revivisceret,
1531 1989 1614 2152 niis
1624 2074 1772 2201 proprii
1804 2071 1914 2157 obliti

488 2177 643 2262 consilii
668 2178 831 2290 aliquod
858 2181 1090 2266 admisissent
1117 2186 1159 2264 in
1182 2181 1292 2266 diaetl
1314 2185 1467 2267 vitium.
1498 2181 1619 2266 Tunc
1648 2209 1755 2264 enirn
1784 2211 1912 2268 recru-

486 2287 671 2375 descebat
704 2300 744 2376 &
777 2291 1037 2377 renovabatur
1071 2295 1311 2400 miserrimc,
1349 2293 1456 2380 brevi
1489 2321 1620 2378 tamen
1660 2295 1911 2382 moderatiori

483 2404 627 2516 agendi
642 2408 793 2488 ratione
813 2406 1147 2519 exstinguendum.
1172 2407 1288 2490 Unde
1310 2410 1393 2520 post
1417 2406 1539 2490 multa
1564 2404 1638 2490 alia
1660 2408 1835 2492 remedia
1855 2415 1909 2492 in-

483 2515 635 2600 cassum
654 2516 798 2632 pluries
817 2545 983 2626 tentata,
1005 2522 1098 2602 huic
1114 2520 1195 2603 sese
1215 2523 1396 2632 regimini
1418 2525 1574 2636 prorsbs
1589 2518 1801 2604 sacratam.
1822 2521 1908 2607 Vidi

483 2632 610 2714 virum
626 2630 889 2744 gravissimum
900 2630 1119 2716 obnoxium
1129 2635 1221 2715 huic
1233 2630 1463 2716 malosiniul
1481 2640 1521 2716 dt
1533 2633 1723 2716 arthritidi
1736 2637 1909 2746 cumqui

483 2741 689 2852 quousque
708 2743 834 2826 servet
854 2743 1075 2858 analogiam
1095 2775 1178 2828 non
1199 2747 1250 2828 est
1266 2741 1378 2849 hujus
1399 2743 1720 2854 loci-inquirere,
1742 2744 1791 2828 ab
1814 2774 1908 2830 utro

481 2883 563 2964 quc
573 2854 717 2938 morbo
730 2855 866 2940 vixiiie
879 2863 1036 2970 prorsus
1052 2861 1288 2980 immunem,
1307 2857 1400 2940 diim
1414 2858 1568 2941 fortiter
1584 2865 1626 2940 bt
1640 2858 1719 2939 sine'
1731 2855 1814 2942 ullo
1829 2858 1904 2944 alio

480 2967 688 3084 remedio,
716 2969 869 3054 diaetam
897 2966 1190 3084 vegetabilem,
1220 2967 1437 3084 simplicem
1465 2968 1574 3052 illam
1604 2971 1722 3080 atque
1748 2969 1907 3056 iubeam

476 3077 734 3189 sequeretur.'
918 3165 920 3170 ,
1197 3114 1200 3120 ·

496 3204 500 3216 ‘
534 3193 642 3273 Nam
665 3221 745 3275 non
768 3197 819 3278 ita
839 3224 898 3279 res
925 3197 1154 3311 accipienda
1174 3200 1252 3304 est,
1278 3195 1463 3308 tanquam
1487 3209 1607 3280 oiiine
1630 3193 1766 3280 tulerit
1787 3227 1904 3310 puric-

478 3329 566 3388 tuni
578 3308 646 3414 qui
661 3303 782 3388 statim
796 3305 1017 3398 abstinuerit
1031 3307 1052 3390 b
1065 3309 1257 3392 carnibus.
1271 3310 1315 3392 Si
1331 3309 1435 3394 enim
1453 3307 1581 3414 olera,
1597 3307 1787 3414 sarinosa,
1808 3309 1907 3424 legu-

475 3419 609 3526 mina,
632 3417 923 3526 condimentis,
948 3419 1091 3529 butyro
1117 3419 1242 3528 salso,
1265 3425 1399 3536 pipere
1423 3430 1464 3506 bt
1491 3449 1596 3506 nuce
1615 3421 1841 3529 moschatai,
1865 3449 1906 3506 ut

475 3532 600 3612 moris
617 3531 690 3635 est,
715 3535 926 3638 vitientur,
952 3529 1095 3616 aedium
1113 3534 1204 3618 inde
1225 3536 1333 3618 malo
1350 3540 1480 3620 nostro
1503 3535 1706 3646 querenda
1724 3537 1771 3618 sit
1788 3537 1905 3620 medi·

474 3645 566 3724 cina
580 3704 594 3749 ,
623 3639 761 3728 contib
787 3645 943 3728 affertur
971 3674 1255 3730 nocumentum
1280 3652 1507 3732 niaximum.
1542 3648 1604 3730 Ita
1627 3675 1671 3730 ut
1696 3675 1746 3730 eir
1773 3646 1903 3732 obser·

472 3758 645 3839 vatione'
660 3759 810 3838 constet
836 3756 1005 3870 plurium
1020 3821 1033 3864 ,
1090 3761 1172 3843 ubd
1198 3761 1472 3844 recrudescant
1494 3763 1764 3868 vehementius
1791 3791 1904 3874 paro·

473 3867 587 3948 xismi
617 3871 663 3951 iis
698 3866 834 3952 diebus
864 3868 1004 3978 quibus
1033 3790 1142 3976 jubet
1171 3873 1435 3957 abstinentiam
1464 3901 1587 3956 mater
1618 3870 1831 3977 Ecclesia,
1862 3883 1903 3958 ὅ(

471 4005 609 4063 macro
630 3984 733 4065 vitiu
758 4007 909 4066 utentes
935 3986 1121 4066 monachi
1142 3984 1189 4067 esi
1213 3988 1403 4098 tentigine
1424 4017 1497 4101 pra
1520 3985 1603 4068 aliis
1626 3982 1819 4068 laborent

513 4093 583 4186 ,At
600 4093 725 4176 serum
749 4091 882 4200 lastis,
910 4090 1105 4177 ladicinia
1128 4101 1257 4180 omnis
1282 4101 1458 4206 generis,
1485 4099 1660 4210 regimen
1685 4099 1835 4180 arbium
1855 4123 1903 4179 eir

470 4199 733 4312 simplicibus,
756 4211 890 4314 quies,
913 4206 1080 4290 sednon
1102 4207 1251 4314 otiosa,
1276 4211 1368 4322 fuga
1388 4192 1746 4297 sediliumiiioflm
1767 4212 1903 4319 quiex
1939 4231 1943 4238 '

470 4308 614 4428 plumis
640 4319 799 4398 conflati
826 4317 1069 4404 incalescunt
1097 4319 1337 4404 &calorem
1365 4351 1572 4437 acceptum
1599 4321 1790 4425 reddunt,
1816 4349 1904 4403 tan-

468 4420 589 4532 quim
610 4426 738 4509 morbi
758 4433 874 4511 nostri
891 4431 1326 4547 summb'praeservativa
1345 4434 1524 4520 habenda
1546 4433 1644 4517 sunt.
1668 4431 1747 4514 Ubi
1771 4459 1904 4516 autem

467 4532 638 4640 malum,
653 4563 717 4620 aut
736 4543 795 4623 liis
804 4605 816 4646 ,
832 4543 940 4651 quod
956 4575 1082 4628 rarum
1099 4549 1152 4628 est
1160 4611 1173 4652 ,
1190 4550 1340 4652 resistit,
1355 4574 1524 4631 anteum
1539 4546 1702 4659 gradum
1716 4544 1906 4658 adeptum

467 4647 548 4752 est,
578 4673 622 4776 ut
649 4648 714 4732 vel
742 4651 927 4738 levissimi
955 4656 1004 4740 de
1036 4657 1153 4740 causi
1185 4659 1417 4770 reviviscat,
1446 4688 1541 4745 tunc
1573 4656 1789 4772 plenariam
1817 4653 1905 4762 ejus

465 4784 714 4842 curationem
738 4786 893 4874 tentare¹
908 4795 957 4851 ex
983 4796 1065 4856 arte
1088 4773 1153 4856 est.
