<?xml version="1.0" encoding="UTF-8"?>
<!DOCTYPE html PUBLIC "-//W3C//DTD XHTML 1.0 Transitional//EN"
    "http://www.w3.org/TR/xhtml1/DTD/xhtml1-transitional.dtd">
<html xmlns="http://www.w3.org/1999/xhtml" xml:lang="en" lang="en">
 <head>
  <title>
</title>
<meta http-equiv="Content-Type" content="text/html;charset=utf-8" />
  <meta name='ocr-system' content='tesseract 3.04.00' />
  <meta name='ocr-capabilities' content='ocr_page ocr_carea ocr_par ocr_line ocrx_word'/>
</head>
<body>
  <div class='ocr_page' id='page_1' title='image "./tractatusdemorb00cavegoog_0665.png"; bbox 0 0 4292 5904; ppageno 0'>
   <div class='ocr_carea' id='block_1_1' title="bbox 699 487 1683 612">
    <p class='ocr_par' dir='ltr' id='par_1_1' title="bbox 699 487 1683 612">
     <span class='ocr_line' id='line_1_1' title="bbox 699 487 1683 612; baseline 0.005 -29"><span class='ocrx_word' id='word_1_1' title='bbox 699 487 1225 584; x_wconf 58' lang='lat' dir='ltr'>CUTANM&amp;</span> <span class='ocrx_word' id='word_1_2' title='bbox 1598 509 1683 612; x_wconf 75' lang='lat'>649</span> 
     </span>
    </p>
   </div>
   <div class='ocr_carea' id='block_1_2' title="bbox 240 653 1679 778">
    <p class='ocr_par' dir='ltr' id='par_1_2' title="bbox 240 653 1679 778">
     <span class='ocr_line' id='line_1_2' title="bbox 240 653 1679 778; baseline 0.004 -33"><span class='ocrx_word' id='word_1_3' title='bbox 240 655 329 745; x_wconf 85' lang='lat' dir='ltr'>ullo</span> <span class='ocrx_word' id='word_1_4' title='bbox 346 653 497 744; x_wconf 86' lang='lat' dir='ltr'>doloris</span> <span class='ocrx_word' id='word_1_5' title='bbox 513 653 636 746; x_wconf 90' lang='lat' dir='ltr'>sensu.</span> <span class='ocrx_word' id='word_1_6' title='bbox 654 660 734 747; x_wconf 87' lang='lat' dir='ltr'>Vix</span> <span class='ocrx_word' id='word_1_7' title='bbox 756 664 952 748; x_wconf 87' lang='lat' dir='ltr'>contineri</span> <span class='ocrx_word' id='word_1_8' title='bbox 967 663 1124 778; x_wconf 84' lang='lat' dir='ltr'>possunt</span> <span class='ocrx_word' id='word_1_9' title='bbox 1136 659 1247 778; x_wconf 91' lang='lat' dir='ltr'>pueri</span> <span class='ocrx_word' id='word_1_10' title='bbox 1263 656 1339 743; x_wconf 76' lang='lat' dir='ltr'>hac</span> <span class='ocrx_word' id='word_1_11' title='bbox 1358 657 1511 746; x_wconf 89' lang='lat' dir='ltr'>ratione</span> <span class='ocrx_word' id='word_1_12' title='bbox 1526 660 1679 775; x_wconf 75' lang='lat' dir='ltr'>affesti,</span> 
     </span>
    </p>
   </div>
   <div class='ocr_carea' id='block_1_3' title="bbox 242 771 1749 3484">
    <p class='ocr_par' dir='ltr' id='par_1_3' title="bbox 242 771 1686 1900">
     <span class='ocr_line' id='line_1_3' title="bbox 243 771 1683 889; baseline 0.007 -33"><span class='ocrx_word' id='word_1_13' title='bbox 243 780 333 857; x_wconf 84' lang='lat' dir='ltr'>cirm</span> <span class='ocrx_word' id='word_1_14' title='bbox 367 777 607 884; x_wconf 76' lang='lat' dir='ltr'>ceteroquin</span> <span class='ocrx_word' id='word_1_15' title='bbox 639 774 746 859; x_wconf 92' lang='lat' dir='ltr'>nulla</span> <span class='ocrx_word' id='word_1_16' title='bbox 781 805 867 889; x_wconf 88' lang='lat' dir='ltr'>pars</span> <span class='ocrx_word' id='word_1_17' title='bbox 897 775 1039 863; x_wconf 91' lang='lat' dir='ltr'>dolens</span> <span class='ocrx_word' id='word_1_18' title='bbox 1069 778 1145 884; x_wconf 89' lang='lat' dir='ltr'>srt,</span> <span class='ocrx_word' id='word_1_19' title='bbox 1181 771 1290 858; x_wconf 90' lang='lat' dir='ltr'>nulla</span> <span class='ocrx_word' id='word_1_20' title='bbox 1307 773 1458 858; x_wconf 67' lang='lat' dir='ltr'>funilio</span> <span class='ocrx_word' id='word_1_21' title='bbox 1487 774 1586 863; x_wconf 82' lang='lat' dir='ltr'>laesa.</span> <span class='ocrx_word' id='word_1_22' title='bbox 1625 781 1683 866; x_wconf 82' lang='lat' dir='ltr'>At</span> 
     </span>
     <span class='ocr_line' id='line_1_4' title="bbox 243 887 1683 1001; baseline 0.003 -31"><span class='ocrx_word' id='word_1_23' title='bbox 243 887 446 970; x_wconf 82' lang='lat' dir='ltr'>crescente</span> <span class='ocrx_word' id='word_1_24' title='bbox 473 888 548 971; x_wconf 69' lang='lat' dir='ltr'>hic</span> <span class='ocrx_word' id='word_1_25' title='bbox 577 887 829 972; x_wconf 88' lang='lat' dir='ltr'>deformitate</span> <span class='ocrx_word' id='word_1_26' title='bbox 854 894 987 974; x_wconf 90' lang='lat' dir='ltr'>evenit</span> <span class='ocrx_word' id='word_1_27' title='bbox 1011 889 1207 975; x_wconf 77' lang='lat' dir='ltr'>interdum</span> <span class='ocrx_word' id='word_1_28' title='bbox 1232 913 1277 972; x_wconf 95' lang='lat' dir='ltr'>ut</span> <span class='ocrx_word' id='word_1_29' title='bbox 1300 914 1557 1001; x_wconf 83' lang='lat' dir='ltr'>corrugetur,</span> <span class='ocrx_word' id='word_1_30' title='bbox 1583 891 1683 975; x_wconf 86' lang='lat' dir='ltr'>cris-</span> 
     </span>
     <span class='ocr_line' id='line_1_5' title="bbox 243 997 1682 1116; baseline 0.009 -35"><span class='ocrx_word' id='word_1_31' title='bbox 243 1024 358 1112; x_wconf 91' lang='lat' dir='ltr'>petur</span> <span class='ocrx_word' id='word_1_32' title='bbox 384 1027 501 1112; x_wconf 88' lang='lat' dir='ltr'>atque</span> <span class='ocrx_word' id='word_1_33' title='bbox 532 998 711 1086; x_wconf 90' lang='lat' dir='ltr'>rubescat</span> <span class='ocrx_word' id='word_1_34' title='bbox 735 1027 822 1116; x_wconf 87' lang='lat' dir='ltr'>pars</span> <span class='ocrx_word' id='word_1_35' title='bbox 850 1001 919 1085; x_wconf 91' lang='lat' dir='ltr'>illa</span> <span class='ocrx_word' id='word_1_36' title='bbox 943 1005 1043 1088; x_wconf 88' lang='lat' dir='ltr'>cutis</span> <span class='ocrx_word' id='word_1_37' title='bbox 1070 1031 1154 1116; x_wconf 78' lang='lat' dir='ltr'>qua</span> <span class='ocrx_word' id='word_1_38' title='bbox 1180 999 1253 1084; x_wconf 87' lang='lat' dir='ltr'>sub</span> <span class='ocrx_word' id='word_1_39' title='bbox 1276 997 1431 1085; x_wconf 85' lang='lat' dir='ltr'>naribus</span> <span class='ocrx_word' id='word_1_40' title='bbox 1458 1001 1507 1084; x_wconf 92' lang='lat' dir='ltr'>ad</span> <span class='ocrx_word' id='word_1_41' title='bbox 1531 1000 1682 1094; x_wconf 87' lang='lat' dir='ltr'>labium</span> 
     </span>
     <span class='ocr_line' id='line_1_6' title="bbox 243 1111 1684 1230; baseline 0.004 -36"><span class='ocrx_word' id='word_1_42' title='bbox 243 1111 367 1222; x_wconf 91' lang='lat' dir='ltr'>usque</span> <span class='ocrx_word' id='word_1_43' title='bbox 392 1115 638 1223; x_wconf 86' lang='lat' dir='ltr'>extenditur,</span> <span class='ocrx_word' id='word_1_44' title='bbox 662 1124 703 1200; x_wconf 72' lang='grc' dir='ltr'>ὅ(</span> <span class='ocrx_word' id='word_1_45' title='bbox 724 1115 960 1230; x_wconf 88' lang='lat' dir='ltr'>erysipelatis</span> <span class='ocrx_word' id='word_1_46' title='bbox 980 1117 1150 1200; x_wconf 88' lang='lat' dir='ltr'>formam</span> <span class='ocrx_word' id='word_1_47' title='bbox 1167 1114 1315 1198; x_wconf 90' lang='lat' dir='ltr'>induat.</span> <span class='ocrx_word' id='word_1_48' title='bbox 1337 1112 1453 1198; x_wconf 72' lang='lat' dir='ltr'>Unde</span> <span class='ocrx_word' id='word_1_49' title='bbox 1474 1111 1544 1198; x_wconf 92' lang='lat' dir='ltr'>sub</span> <span class='ocrx_word' id='word_1_50' title='bbox 1569 1119 1684 1230; x_wconf 90' lang='lat' dir='ltr'>erysr·</span> 
     </span>
     <span class='ocr_line' id='line_1_7' title="bbox 243 1225 1682 1342; baseline 0.006 -34"><span class='ocrx_word' id='word_1_51' title='bbox 243 1225 383 1340; x_wconf 87' lang='lat' dir='ltr'>pelatis</span> <span class='ocrx_word' id='word_1_52' title='bbox 410 1225 528 1314; x_wconf 92' lang='lat' dir='ltr'>titulo</span> <span class='ocrx_word' id='word_1_53' title='bbox 553 1231 724 1342; x_wconf 81' lang='lat' dir='ltr'>primitm</span> <span class='ocrx_word' id='word_1_54' title='bbox 750 1233 962 1336; x_wconf 65' lang='lat' dir='ltr'>crassatur,</span> <span class='ocrx_word' id='word_1_55' title='bbox 988 1229 1080 1324; x_wconf 80' lang='lat' dir='ltr'>sed,</span> <span class='ocrx_word' id='word_1_56' title='bbox 1096 1226 1359 1314; x_wconf 87' lang='lat' dir='ltr'>invalescente</span> <span class='ocrx_word' id='word_1_57' title='bbox 1381 1225 1488 1311; x_wconf 90' lang='lat' dir='ltr'>malo</span> <span class='ocrx_word' id='word_1_58' title='bbox 1499 1289 1516 1335; x_wconf 89' lang='lat'>,</span> <span class='ocrx_word' id='word_1_59' title='bbox 1530 1225 1682 1316; x_wconf 88' lang='lat' dir='ltr'>labium</span> 
     </span>
     <span class='ocr_line' id='line_1_8' title="bbox 245 1337 1684 1454; baseline 0.006 -34"><span class='ocrx_word' id='word_1_60' title='bbox 245 1337 469 1422; x_wconf 89' lang='lat' dir='ltr'>universum</span> <span class='ocrx_word' id='word_1_61' title='bbox 486 1341 701 1450; x_wconf 79' lang='lat' dir='ltr'>crassescit,</span> <span class='ocrx_word' id='word_1_62' title='bbox 718 1345 801 1425; x_wconf 79' lang='lat' dir='ltr'>imo</span> <span class='ocrx_word' id='word_1_63' title='bbox 823 1351 863 1426; x_wconf 75' lang='grc' dir='ltr'>δι</span> <span class='ocrx_word' id='word_1_64' title='bbox 878 1343 1091 1427; x_wconf 88' lang='lat' dir='ltr'>induratur.</span> <span class='ocrx_word' id='word_1_65' title='bbox 1109 1343 1185 1428; x_wconf 91' lang='lat' dir='ltr'>Per</span> <span class='ocrx_word' id='word_1_66' title='bbox 1197 1371 1321 1426; x_wconf 87' lang='lat' dir='ltr'>annos</span> <span class='ocrx_word' id='word_1_67' title='bbox 1336 1345 1511 1454; x_wconf 85' lang='lat' dir='ltr'>integros</span> <span class='ocrx_word' id='word_1_68' title='bbox 1532 1341 1684 1428; x_wconf 90' lang='lat' dir='ltr'>malum</span> 
     </span>
     <span class='ocr_line' id='line_1_9' title="bbox 242 1449 1685 1570; baseline 0.004 -38"><span class='ocrx_word' id='word_1_69' title='bbox 242 1449 428 1557; x_wconf 77' lang='lat' dir='ltr'>subsistit,</span> <span class='ocrx_word' id='word_1_70' title='bbox 446 1452 585 1539; x_wconf 86' lang='lat' dir='ltr'>additis</span> <span class='ocrx_word' id='word_1_71' title='bbox 608 1453 721 1538; x_wconf 91' lang='lat' dir='ltr'>srmul</span> <span class='ocrx_word' id='word_1_72' title='bbox 739 1453 938 1540; x_wconf 83' lang='lat' dir='ltr'>labiorum</span> <span class='ocrx_word' id='word_1_73' title='bbox 954 1454 1116 1556; x_wconf 83' lang='lat' dir='ltr'>fissuris3</span> <span class='ocrx_word' id='word_1_74' title='bbox 1137 1451 1269 1570; x_wconf 72' lang='lat' dir='ltr'>posteb</span> <span class='ocrx_word' id='word_1_75' title='bbox 1286 1457 1383 1539; x_wconf 82' lang='lat' dir='ltr'>verb</span> <span class='ocrx_word' id='word_1_76' title='bbox 1402 1451 1512 1540; x_wconf 89' lang='lat' dir='ltr'>vitali</span> <span class='ocrx_word' id='word_1_77' title='bbox 1529 1457 1569 1538; x_wconf 91' lang='lat' dir='ltr'>vi</span> <span class='ocrx_word' id='word_1_78' title='bbox 1583 1455 1685 1540; x_wconf 88' lang='lat' dir='ltr'>cres-</span> 
     </span>
     <span class='ocr_line' id='line_1_10' title="bbox 246 1566 1686 1680; baseline 0.006 -34"><span class='ocrx_word' id='word_1_79' title='bbox 246 1589 390 1671; x_wconf 89' lang='lat' dir='ltr'>cente,</span> <span class='ocrx_word' id='word_1_80' title='bbox 418 1571 553 1651; x_wconf 89' lang='lat' dir='ltr'>omnia</span> <span class='ocrx_word' id='word_1_81' title='bbox 584 1569 632 1651; x_wconf 87' lang='lat' dir='ltr'>ad</span> <span class='ocrx_word' id='word_1_82' title='bbox 666 1572 802 1654; x_wconf 90' lang='lat' dir='ltr'>statum</span> <span class='ocrx_word' id='word_1_83' title='bbox 834 1566 1050 1653; x_wconf 80' lang='lat' dir='ltr'>naturalem</span> <span class='ocrx_word' id='word_1_84' title='bbox 1086 1573 1214 1653; x_wconf 79' lang='lat' dir='ltr'>rursits</span> <span class='ocrx_word' id='word_1_85' title='bbox 1251 1566 1446 1675; x_wconf 87' lang='lat' dir='ltr'>redeunt,</span> <span class='ocrx_word' id='word_1_86' title='bbox 1476 1567 1547 1651; x_wconf 84' lang='lat' dir='ltr'>nist</span> <span class='ocrx_word' id='word_1_87' title='bbox 1573 1567 1686 1680; x_wconf 77' lang='lat' dir='ltr'>quod</span> 
     </span>
     <span class='ocr_line' id='line_1_11' title="bbox 245 1675 1684 1797; baseline 0.003 -35"><span class='ocrx_word' id='word_1_88' title='bbox 245 1675 370 1790; x_wconf 77' lang='lat' dir='ltr'>vulgo</span> <span class='ocrx_word' id='word_1_89' title='bbox 403 1683 563 1794; x_wconf 85' lang='lat' dir='ltr'>vestigia</span> <span class='ocrx_word' id='word_1_90' title='bbox 596 1680 690 1764; x_wconf 91' lang='lat' dir='ltr'>mali</span> <span class='ocrx_word' id='word_1_91' title='bbox 723 1679 836 1766; x_wconf 70' lang='lat' dir='ltr'>altilis</span> <span class='ocrx_word' id='word_1_92' title='bbox 869 1683 1047 1797; x_wconf 85' lang='lat' dir='ltr'>impressa</span> <span class='ocrx_word' id='word_1_93' title='bbox 1086 1709 1340 1788; x_wconf 85' lang='lat' dir='ltr'>remaneant,</span> <span class='ocrx_word' id='word_1_94' title='bbox 1375 1688 1417 1764; x_wconf 86' lang='lat'>&amp;</span> <span class='ocrx_word' id='word_1_95' title='bbox 1450 1680 1520 1796; x_wconf 81' lang='lat' dir='ltr'>per</span> <span class='ocrx_word' id='word_1_96' title='bbox 1542 1709 1684 1766; x_wconf 55' lang='lat' dir='ltr'>*totam</span> 
     </span>
     <span class='ocr_line' id='line_1_12' title="bbox 244 1788 1391 1900; baseline 0.006 -28"><span class='ocrx_word' id='word_1_97' title='bbox 244 1788 459 1900; x_wconf 82' lang='lat' dir='ltr'>aliquandi)</span> <span class='ocrx_word' id='word_1_98' title='bbox 483 1797 603 1878; x_wconf 90' lang='lat' dir='ltr'>vitam</span> <span class='ocrx_word' id='word_1_99' title='bbox 629 1795 784 1879; x_wconf 77' lang='lat' dir='ltr'>crassius</span> <span class='ocrx_word' id='word_1_100' title='bbox 809 1821 1008 1880; x_wconf 86' lang='lat' dir='ltr'>remaneat</span> <span class='ocrx_word' id='word_1_101' title='bbox 1032 1792 1182 1879; x_wconf 93' lang='lat' dir='ltr'>labium</span> <span class='ocrx_word' id='word_1_102' title='bbox 1204 1795 1247 1878; x_wconf 90' lang='lat' dir='ltr'>su</span> <span class='ocrx_word' id='word_1_103' title='bbox 1276 1797 1391 1880; x_wconf 83' lang='lat' dir='ltr'>erius.</span> 
     </span>
    </p>

    <p class='ocr_par' dir='ltr' id='par_1_4' title="bbox 242 1825 1749 3484">
     <span class='ocr_line' id='line_1_13' title="bbox 301 1825 1686 2020; baseline 0.004 -34"><span class='ocrx_word' id='word_1_104' title='bbox 301 1902 529 2014; x_wconf 79' lang='lat' dir='ltr'>Aliquando</span> <span class='ocrx_word' id='word_1_105' title='bbox 559 1909 637 1991; x_wconf 86' lang='lat' dir='ltr'>stne</span> <span class='ocrx_word' id='word_1_106' title='bbox 670 1905 868 2005; x_wconf 71' lang='lat' dir='ltr'>manifestis</span> <span class='ocrx_word' id='word_1_107' title='bbox 900 1905 1016 1993; x_wconf 65' lang='lat' dir='ltr'>causi</span> <span class='ocrx_word' id='word_1_108' title='bbox 1046 1907 1196 1993; x_wconf 85' lang='lat' dir='ltr'>malum</span> <span class='ocrx_word' id='word_1_109' title='bbox 1228 1825 1328 1992; x_wconf 79' lang='lat' dir='ltr'>ilud</span> <span class='ocrx_word' id='word_1_110' title='bbox 1359 1907 1551 2020; x_wconf 87' lang='lat' dir='ltr'>incoepit,</span> <span class='ocrx_word' id='word_1_111' title='bbox 1584 1905 1686 1992; x_wconf 92' lang='lat' dir='ltr'>illud</span> 
     </span>
     <span class='ocr_line' id='line_1_14' title="bbox 244 2011 1685 2134; baseline 0.006 -36"><span class='ocrx_word' id='word_1_112' title='bbox 244 2011 457 2124; x_wconf 82' lang='lat' dir='ltr'>aliquando</span> <span class='ocrx_word' id='word_1_113' title='bbox 479 2019 737 2105; x_wconf 89' lang='lat' dir='ltr'>determinare</span> <span class='ocrx_word' id='word_1_114' title='bbox 750 2019 854 2106; x_wconf 92' lang='lat' dir='ltr'>visus</span> <span class='ocrx_word' id='word_1_115' title='bbox 873 2023 925 2106; x_wconf 87' lang='lat' dir='ltr'>est</span> <span class='ocrx_word' id='word_1_116' title='bbox 944 2047 1011 2104; x_wconf 90' lang='lat' dir='ltr'>aut</span> <span class='ocrx_word' id='word_1_117' title='bbox 1029 2025 1147 2134; x_wconf 87' lang='lat' dir='ltr'>pueri</span> <span class='ocrx_word' id='word_1_118' title='bbox 1189 2019 1362 2134; x_wconf 89' lang='lat' dir='ltr'>rolapsus</span> <span class='ocrx_word' id='word_1_119' title='bbox 1372 2083 1386 2126; x_wconf 91' lang='lat'>,</span> <span class='ocrx_word' id='word_1_120' title='bbox 1407 2045 1475 2102; x_wconf 91' lang='lat' dir='ltr'>aut</span> <span class='ocrx_word' id='word_1_121' title='bbox 1493 2023 1685 2134; x_wconf 75' lang='lat' dir='ltr'>impastus</span> 
     </span>
     <span class='ocr_line' id='line_1_15' title="bbox 242 2051 1749 2248; baseline 0.004 -38"><span class='ocrx_word' id='word_1_122' title='bbox 242 2128 445 2214; x_wconf 86' lang='lat' dir='ltr'>violentus</span> <span class='ocrx_word' id='word_1_123' title='bbox 461 2131 624 2238; x_wconf 81' lang='lat' dir='ltr'>alicujus</span> <span class='ocrx_word' id='word_1_124' title='bbox 649 2136 829 2248; x_wconf 90' lang='lat' dir='ltr'>corporis</span> <span class='ocrx_word' id='word_1_125' title='bbox 846 2136 887 2215; x_wconf 91' lang='lat' dir='ltr'>in</span> <span class='ocrx_word' id='word_1_126' title='bbox 905 2130 1055 2215; x_wconf 92' lang='lat' dir='ltr'>labium</span> <span class='ocrx_word' id='word_1_127' title='bbox 1073 2051 1186 2214; x_wconf 74' lang='lat' dir='ltr'>illud</span> <span class='ocrx_word' id='word_1_128' title='bbox 1212 2131 1504 2215; x_wconf 86' lang='lat' dir='ltr'>Mensttuorurn</span> <span class='ocrx_word' id='word_1_129' title='bbox 1529 2132 1688 2216; x_wconf 68' lang='lat' dir='ltr'>tardam</span> <span class='ocrx_word' id='word_1_130' title='bbox 1744 2227 1749 2236; x_wconf 46' lang='grc'><em>,</em></span> 
     </span>
     <span class='ocr_line' id='line_1_16' title="bbox 243 2240 1686 2360; baseline 0.006 -39"><span class='ocrx_word' id='word_1_131' title='bbox 243 2241 345 2323; x_wconf 91' lang='lat' dir='ltr'>tium</span> <span class='ocrx_word' id='word_1_132' title='bbox 373 2244 542 2355; x_wconf 89' lang='lat' dir='ltr'>impetus</span> <span class='ocrx_word' id='word_1_133' title='bbox 571 2250 612 2327; x_wconf 88' lang='lat' dir='ltr'>in</span> <span class='ocrx_word' id='word_1_134' title='bbox 641 2271 761 2360; x_wconf 89' lang='lat' dir='ltr'>caput</span> <span class='ocrx_word' id='word_1_135' title='bbox 789 2253 832 2328; x_wconf 75' lang='grc' dir='ltr'>δι</span> <span class='ocrx_word' id='word_1_136' title='bbox 859 2242 1004 2328; x_wconf 88' lang='lat' dir='ltr'>faciem</span> <span class='ocrx_word' id='word_1_137' title='bbox 1035 2242 1177 2352; x_wconf 86' lang='lat' dir='ltr'>puellis</span> <span class='ocrx_word' id='word_1_138' title='bbox 1199 2242 1294 2355; x_wconf 67' lang='lat' dir='ltr'>saeps</span> <span class='ocrx_word' id='word_1_139' title='bbox 1323 2240 1547 2348; x_wconf 83' lang='lat' dir='ltr'>hujusmodi</span> <span class='ocrx_word' id='word_1_140' title='bbox 1572 2246 1686 2330; x_wconf 88' lang='lat' dir='ltr'>infla-</span> 
     </span>
     <span class='ocr_line' id='line_1_17' title="bbox 244 2351 1685 2464; baseline 0.005 -30"><span class='ocrx_word' id='word_1_141' title='bbox 244 2355 366 2435; x_wconf 81' lang='lat' dir='ltr'>tionis</span> <span class='ocrx_word' id='word_1_142' title='bbox 393 2359 551 2435; x_wconf 87' lang='lat' dir='ltr'>occasto</span> <span class='ocrx_word' id='word_1_143' title='bbox 574 2358 660 2436; x_wconf 90' lang='lat' dir='ltr'>fuit.</span> <span class='ocrx_word' id='word_1_144' title='bbox 689 2360 791 2437; x_wconf 88' lang='lat' dir='ltr'>Sunt</span> <span class='ocrx_word' id='word_1_145' title='bbox 812 2352 953 2463; x_wconf 90' lang='lat' dir='ltr'>quibus</span> <span class='ocrx_word' id='word_1_146' title='bbox 973 2354 1094 2436; x_wconf 90' lang='lat' dir='ltr'>tristes</span> <span class='ocrx_word' id='word_1_147' title='bbox 1111 2352 1295 2463; x_wconf 72' lang='lat' dir='ltr'>affeslus,</span> <span class='ocrx_word' id='word_1_148' title='bbox 1312 2380 1430 2464; x_wconf 87' lang='lat' dir='ltr'>atque</span> <span class='ocrx_word' id='word_1_149' title='bbox 1447 2351 1685 2464; x_wconf 86' lang='lat' dir='ltr'>lacrymatio</span> 
     </span>
     <span class='ocr_line' id='line_1_18' title="bbox 246 2463 1685 2582; baseline 0.006 -36"><span class='ocrx_word' id='word_1_150' title='bbox 246 2490 290 2546; x_wconf 91' lang='lat' dir='ltr'>te</span> <span class='ocrx_word' id='word_1_151' title='bbox 319 2466 412 2547; x_wconf 91' lang='lat' dir='ltr'>etita</span> <span class='ocrx_word' id='word_1_152' title='bbox 438 2490 569 2547; x_wconf 91' lang='lat' dir='ltr'>totum</span> <span class='ocrx_word' id='word_1_153' title='bbox 597 2463 752 2549; x_wconf 90' lang='lat' dir='ltr'>vultum</span> <span class='ocrx_word' id='word_1_154' title='bbox 776 2463 1063 2570; x_wconf 82' lang='lat' dir='ltr'>tumefaciena,</span> <span class='ocrx_word' id='word_1_155' title='bbox 1093 2465 1339 2550; x_wconf 87' lang='lat' dir='ltr'>inflationem</span> <span class='ocrx_word' id='word_1_156' title='bbox 1369 2464 1610 2582; x_wconf 87' lang='lat' dir='ltr'>peculiarem</span> <span class='ocrx_word' id='word_1_157' title='bbox 1642 2471 1685 2555; x_wconf 90' lang='lat' dir='ltr'>in</span> 
     </span>
     <span class='ocr_line' id='line_1_19' title="bbox 246 2493 1689 2694; baseline 0.003 -34"><span class='ocrx_word' id='word_1_158' title='bbox 246 2493 358 2660; x_wconf 75' lang='lat' dir='ltr'>labio</span> <span class='ocrx_word' id='word_1_159' title='bbox 376 2576 615 2686; x_wconf 88' lang='lat' dir='ltr'>reliquerint.</span> <span class='ocrx_word' id='word_1_160' title='bbox 643 2577 819 2662; x_wconf 80' lang='lat' dir='ltr'>Dembm</span> <span class='ocrx_word' id='word_1_161' title='bbox 829 2639 844 2684; x_wconf 94' lang='lat'>,</span> <span class='ocrx_word' id='word_1_162' title='bbox 862 2578 973 2688; x_wconf 93' lang='lat' dir='ltr'>quod</span> <span class='ocrx_word' id='word_1_163' title='bbox 987 2577 1120 2694; x_wconf 74' lang='lat' dir='ltr'>saepibs</span> <span class='ocrx_word' id='word_1_164' title='bbox 1140 2581 1273 2664; x_wconf 91' lang='lat' dir='ltr'>evenit</span> <span class='ocrx_word' id='word_1_165' title='bbox 1283 2641 1296 2686; x_wconf 93' lang='lat'>,</span> <span class='ocrx_word' id='word_1_166' title='bbox 1317 2577 1445 2664; x_wconf 81' lang='lat' dir='ltr'>sotmti</span> <span class='ocrx_word' id='word_1_167' title='bbox 1461 2585 1501 2662; x_wconf 75' lang='grc' dir='ltr'>ὁ(</span> <span class='ocrx_word' id='word_1_168' title='bbox 1518 2583 1689 2666; x_wconf 80' lang='lat' dir='ltr'>nomine‘</span> 
     </span>
     <span class='ocr_line' id='line_1_20' title="bbox 247 2688 1683 2804; baseline 0.003 -31"><span class='ocrx_word' id='word_1_169' title='bbox 247 2716 403 2801; x_wconf 77' lang='lat' dir='ltr'>coryza</span> <span class='ocrx_word' id='word_1_170' title='bbox 434 2689 580 2773; x_wconf 89' lang='lat' dir='ltr'>malum</span> <span class='ocrx_word' id='word_1_171' title='bbox 605 2693 774 2798; x_wconf 78' lang='lat' dir='ltr'>invasu,</span> <span class='ocrx_word' id='word_1_172' title='bbox 801 2719 894 2774; x_wconf 93' lang='lat' dir='ltr'>cum</span> <span class='ocrx_word' id='word_1_173' title='bbox 921 2690 1176 2804; x_wconf 79' lang='lat' dir='ltr'>haemotragiai</span> <span class='ocrx_word' id='word_1_174' title='bbox 1199 2695 1375 2798; x_wconf 88' lang='lat' dir='ltr'>narium,</span> <span class='ocrx_word' id='word_1_175' title='bbox 1402 2688 1523 2802; x_wconf 73' lang='lat' dir='ltr'>iquai</span> <span class='ocrx_word' id='word_1_176' title='bbox 1547 2691 1683 2778; x_wconf 69' lang='lat' dir='ltr'>revera</span> 
     </span>
     <span class='ocr_line' id='line_1_21' title="bbox 245 2802 1685 2918; baseline 0.004 -33"><span class='ocrx_word' id='word_1_177' title='bbox 245 2802 458 2886; x_wconf 69' lang='lat' dir='ltr'>affeEiione</span> <span class='ocrx_word' id='word_1_178' title='bbox 494 2803 699 2889; x_wconf 91' lang='lat' dir='ltr'>cathartali</span> <span class='ocrx_word' id='word_1_179' title='bbox 734 2805 801 2890; x_wconf 83' lang='lat' dir='ltr'>vix</span> <span class='ocrx_word' id='word_1_180' title='bbox 840 2805 910 2887; x_wconf 87' lang='lat' dir='ltr'>nist</span> <span class='ocrx_word' id='word_1_181' title='bbox 954 2802 1163 2890; x_wconf 90' lang='lat' dir='ltr'>duratione</span> <span class='ocrx_word' id='word_1_182' title='bbox 1184 2804 1454 2918; x_wconf 82' lang='lat' dir='ltr'>distinguitur.</span> <span class='ocrx_word' id='word_1_183' title='bbox 1499 2803 1685 2891; x_wconf 86' lang='lat' dir='ltr'>Similem</span> 
     </span>
     <span class='ocr_line' id='line_1_22' title="bbox 245 2911 1686 3032; baseline 0.006 -35"><span class='ocrx_word' id='word_1_184' title='bbox 245 2911 341 2998; x_wconf 90' lang='lat' dir='ltr'>labii</span> <span class='ocrx_word' id='word_1_185' title='bbox 370 2913 578 3029; x_wconf 89' lang='lat' dir='ltr'>superioris</span> <span class='ocrx_word' id='word_1_186' title='bbox 604 2918 851 3001; x_wconf 87' lang='lat' dir='ltr'>inflationem</span> <span class='ocrx_word' id='word_1_187' title='bbox 878 2915 1113 3031; x_wconf 87' lang='lat' dir='ltr'>retroprelso</span> <span class='ocrx_word' id='word_1_188' title='bbox 1143 2943 1261 3028; x_wconf 91' lang='lat' dir='ltr'>atque</span> <span class='ocrx_word' id='word_1_189' title='bbox 1289 2914 1444 3032; x_wconf 88' lang='lat' dir='ltr'>repulso</span> <span class='ocrx_word' id='word_1_190' title='bbox 1477 2943 1546 3032; x_wconf 89' lang='lat' dir='ltr'>per</span> <span class='ocrx_word' id='word_1_191' title='bbox 1571 2945 1686 3014; x_wconf 75' lang='lat' dir='ltr'>aurea</span> 
     </span>
     <span class='ocr_line' id='line_1_23' title="bbox 245 3029 1686 3143; baseline 0 -29"><span class='ocrx_word' id='word_1_192' title='bbox 245 3029 463 3114; x_wconf 82' lang='lat' dir='ltr'>humorum</span> <span class='ocrx_word' id='word_1_193' title='bbox 489 3031 652 3114; x_wconf 87' lang='lat' dir='ltr'>effluxui</span> <span class='ocrx_word' id='word_1_194' title='bbox 679 3029 936 3143; x_wconf 84' lang='lat' dir='ltr'>supervenisse</span> <span class='ocrx_word' id='word_1_195' title='bbox 960 3029 1144 3114; x_wconf 85' lang='lat' dir='ltr'>viderunt</span> <span class='ocrx_word' id='word_1_196' title='bbox 1167 3030 1451 3115; x_wconf 49' lang='lat' dir='ltr'>Medicislm‘o</span> <span class='ocrx_word' id='word_1_197' title='bbox 1479 3058 1563 3112; x_wconf 90' lang='lat' dir='ltr'>non</span> <span class='ocrx_word' id='word_1_198' title='bbox 1584 3031 1686 3114; x_wconf 85' lang='lat' dir='ltr'>diffi-</span> 
     </span>
     <span class='ocr_line' id='line_1_24' title="bbox 245 3139 1685 3258; baseline 0.002 -33"><span class='ocrx_word' id='word_1_199' title='bbox 245 3139 479 3225; x_wconf 88' lang='lat' dir='ltr'>mulandum</span> <span class='ocrx_word' id='word_1_200' title='bbox 492 3146 544 3225; x_wconf 90' lang='lat' dir='ltr'>est</span> <span class='ocrx_word' id='word_1_201' title='bbox 555 3206 570 3252; x_wconf 91' lang='lat'>,</span> <span class='ocrx_word' id='word_1_202' title='bbox 581 3147 724 3227; x_wconf 75' lang='lat' dir='ltr'>veneni</span> <span class='ocrx_word' id='word_1_203' title='bbox 741 3143 896 3227; x_wconf 88' lang='lat' dir='ltr'>latentis</span> <span class='ocrx_word' id='word_1_204' title='bbox 910 3145 1066 3252; x_wconf 91' lang='lat' dir='ltr'>interni,</span> <span class='ocrx_word' id='word_1_205' title='bbox 1081 3171 1148 3228; x_wconf 94' lang='lat' dir='ltr'>aut</span> <span class='ocrx_word' id='word_1_206' title='bbox 1165 3141 1425 3258; x_wconf 86' lang='lat' dir='ltr'>scrophulosr,</span> <span class='ocrx_word' id='word_1_207' title='bbox 1446 3167 1512 3225; x_wconf 89' lang='lat' dir='ltr'>aut</span> <span class='ocrx_word' id='word_1_208' title='bbox 1524 3145 1685 3228; x_wconf 88' lang='lat' dir='ltr'>venerei</span> 
     </span>
     <span class='ocr_line' id='line_1_25' title="bbox 247 3253 1690 3370; baseline 0.001 -31"><span class='ocrx_word' id='word_1_209' title='bbox 247 3253 403 3366; x_wconf 72' lang='lat' dir='ltr'>signum</span> <span class='ocrx_word' id='word_1_210' title='bbox 421 3253 534 3340; x_wconf 85' lang='lat' dir='ltr'>fuisse</span> <span class='ocrx_word' id='word_1_211' title='bbox 558 3257 702 3341; x_wconf 78' lang='lat' dir='ltr'>merito</span> <span class='ocrx_word' id='word_1_212' title='bbox 724 3255 971 3370; x_wconf 90' lang='lat' dir='ltr'>desumptum</span> <span class='ocrx_word' id='word_1_213' title='bbox 990 3254 1012 3339; x_wconf 64' lang='lat' dir='ltr'>*a</span> <span class='ocrx_word' id='word_1_214' title='bbox 1030 3255 1145 3340; x_wconf 88' lang='lat' dir='ltr'>srmili</span> <span class='ocrx_word' id='word_1_215' title='bbox 1166 3255 1260 3340; x_wconf 92' lang='lat' dir='ltr'>labii</span> <span class='ocrx_word' id='word_1_216' title='bbox 1278 3257 1481 3339; x_wconf 87' lang='lat' dir='ltr'>inflatione</span> <span class='ocrx_word' id='word_1_217' title='bbox 1501 3287 1513 3355; x_wconf 84' lang='lat'>3</span> <span class='ocrx_word' id='word_1_218' title='bbox 1536 3257 1562 3337; x_wconf 82' lang='lat' dir='ltr'><strong>fi</strong></span> <span class='ocrx_word' id='word_1_219' title='bbox 1583 3258 1690 3340; x_wconf 74' lang='lat' dir='ltr'>cutis</span> 
     </span>
     <span class='ocr_line' id='line_1_26' title="bbox 245 3365 1687 3484; baseline 0.001 -33"><span class='ocrx_word' id='word_1_220' title='bbox 245 3366 399 3451; x_wconf 89' lang='lat' dir='ltr'>tumida</span> <span class='ocrx_word' id='word_1_221' title='bbox 420 3376 463 3452; x_wconf 75' lang='lat' dir='ltr'>dt</span> <span class='ocrx_word' id='word_1_222' title='bbox 480 3369 633 3484; x_wconf 87' lang='lat' dir='ltr'>turgida</span> <span class='ocrx_word' id='word_1_223' title='bbox 650 3371 754 3480; x_wconf 84' lang='lat' dir='ltr'>quast</span> <span class='ocrx_word' id='word_1_224' title='bbox 770 3367 1030 3474; x_wconf 88' lang='lat' dir='ltr'>occallescat,</span> <span class='ocrx_word' id='word_1_225' title='bbox 1043 3377 1085 3453; x_wconf 86' lang='lat'>&amp;</span> <span class='ocrx_word' id='word_1_226' title='bbox 1099 3369 1281 3453; x_wconf 89' lang='lat' dir='ltr'>duritiem</span> <span class='ocrx_word' id='word_1_227' title='bbox 1293 3365 1376 3453; x_wconf 71' lang='lat' dir='ltr'>sere</span> <span class='ocrx_word' id='word_1_228' title='bbox 1390 3365 1687 3479; x_wconf 82' lang='lat' dir='ltr'>cartilagineam</span> 
     </span>
    </p>
   </div>
   <div class='ocr_carea' id='block_1_4' title="bbox 245 3478 1801 3586">
    <p class='ocr_par' dir='ltr' id='par_1_5' title="bbox 245 3478 1801 3586">
     <span class='ocr_line' id='line_1_27' title="bbox 245 3478 1801 3586; baseline 0.001 -21"><span class='ocrx_word' id='word_1_229' title='bbox 245 3478 394 3564; x_wconf 83' lang='lat' dir='ltr'>referat</span> <span class='ocrx_word' id='word_1_230' title='bbox 405 3541 420 3585; x_wconf 91' lang='lat'><em>‚</em></span> <span class='ocrx_word' id='word_1_231' title='bbox 447 3482 625 3566; x_wconf 91' lang='lat' dir='ltr'>srtumor</span> <span class='ocrx_word' id='word_1_232' title='bbox 640 3482 708 3567; x_wconf 84' lang='lat' dir='ltr'>ill&#39;e</span> <span class='ocrx_word' id='word_1_233' title='bbox 724 3485 824 3567; x_wconf 90' lang='lat' dir='ltr'>cutis</span> <span class='ocrx_word' id='word_1_234' title='bbox 850 3480 1035 3568; x_wconf 86' lang='lat' dir='ltr'>colorem</span> <span class='ocrx_word' id='word_1_235' title='bbox 1055 3484 1109 3564; x_wconf 92' lang='lat' dir='ltr'>ita</span> <span class='ocrx_word' id='word_1_236' title='bbox 1129 3505 1284 3586; x_wconf 86' lang='lat' dir='ltr'>mutet,</span> <span class='ocrx_word' id='word_1_237' title='bbox 1307 3504 1376 3585; x_wconf 94' lang='lat' dir='ltr'>ut,</span> <span class='ocrx_word' id='word_1_238' title='bbox 1401 3481 1549 3563; x_wconf 84' lang='lat' dir='ltr'>caeteris</span> <span class='ocrx_word' id='word_1_239' title='bbox 1567 3479 1688 3566; x_wconf 83' lang='lat' dir='ltr'>faciei</span> <span class='ocrx_word' id='word_1_240' title='bbox 1789 3490 1801 3514; x_wconf 67' lang='lat'>⁸</span> 
     </span>
    </p>
   </div>
   <div class='ocr_carea' id='block_1_5' title="bbox 245 3586 1772 5148">
    <p class='ocr_par' dir='ltr' id='par_1_6' title="bbox 245 3586 1772 4607">
     <span class='ocr_line' id='line_1_28' title="bbox 279 3586 1696 3707; baseline 0.001 -33"><span class='ocrx_word' id='word_1_241' title='bbox 279 3588 423 3674; x_wconf 88' lang='lat' dir='ltr'>artibus</span> <span class='ocrx_word' id='word_1_242' title='bbox 447 3591 587 3678; x_wconf 90' lang='lat' dir='ltr'>colore</span> <span class='ocrx_word' id='word_1_243' title='bbox 606 3595 716 3679; x_wconf 87' lang='lat' dir='ltr'>vitali</span> <span class='ocrx_word' id='word_1_244' title='bbox 744 3593 983 3699; x_wconf 91' lang='lat' dir='ltr'>nitentibus,</span> <span class='ocrx_word' id='word_1_245' title='bbox 1009 3620 1096 3707; x_wconf 88' lang='lat' dir='ltr'>pars</span> <span class='ocrx_word' id='word_1_246' title='bbox 1130 3595 1275 3674; x_wconf 90' lang='lat' dir='ltr'>extima</span> <span class='ocrx_word' id='word_1_247' title='bbox 1303 3590 1381 3672; x_wconf 88' lang='lat' dir='ltr'>nast</span> <span class='ocrx_word' id='word_1_248' title='bbox 1394 3651 1409 3696; x_wconf 94' lang='lat'>,</span> <span class='ocrx_word' id='word_1_249' title='bbox 1438 3586 1551 3695; x_wconf 84' lang='lat' dir='ltr'>hujus</span> <span class='ocrx_word' id='word_1_250' title='bbox 1585 3590 1654 3675; x_wconf 86' lang='lat' dir='ltr'>alae</span> <span class='ocrx_word' id='word_1_251' title='bbox 1669 3633 1696 3702; x_wconf 82' lang='lat'>,-</span> 
     </span>
     <span class='ocr_line' id='line_1_29' title="bbox 245 3619 1692 3814; baseline 0.001 -26"><span class='ocrx_word' id='word_1_252' title='bbox 245 3619 430 3809; x_wconf 72' lang='lat' dir='ltr'>labium,</span> <span class='ocrx_word' id='word_1_253' title='bbox 458 3702 598 3788; x_wconf 89' lang='lat' dir='ltr'>colore</span> <span class='ocrx_word' id='word_1_254' title='bbox 624 3703 759 3787; x_wconf 89' lang='lat' dir='ltr'>albido</span> <span class='ocrx_word' id='word_1_255' title='bbox 785 3712 825 3788; x_wconf 74' lang='grc' dir='ltr'>ὅ(</span> <span class='ocrx_word' id='word_1_256' title='bbox 847 3706 952 3814; x_wconf 86' lang='lat' dir='ltr'>quast</span> <span class='ocrx_word' id='word_1_257' title='bbox 974 3731 1198 3787; x_wconf 90' lang='lat' dir='ltr'>marmoreo</span> <span class='ocrx_word' id='word_1_258' title='bbox 1225 3704 1450 3811; x_wconf 90' lang='lat' dir='ltr'>donentur,</span> <span class='ocrx_word' id='word_1_259' title='bbox 1476 3704 1504 3786; x_wconf 87' lang='lat' dir='ltr'>st</span> <span class='ocrx_word' id='word_1_260' title='bbox 1525 3701 1692 3790; x_wconf 77' lang='lat' dir='ltr'>demum</span> 
     </span>
     <span class='ocr_line' id='line_1_30' title="bbox 247 3815 1687 3929; baseline -0.001 -27"><span class='ocrx_word' id='word_1_261' title='bbox 247 3819 356 3902; x_wconf 87' lang='lat' dir='ltr'>rimae</span> <span class='ocrx_word' id='word_1_262' title='bbox 377 3841 497 3926; x_wconf 89' lang='lat' dir='ltr'>atque</span> <span class='ocrx_word' id='word_1_263' title='bbox 514 3816 648 3898; x_wconf 84' lang='lat' dir='ltr'>fissurae</span> <span class='ocrx_word' id='word_1_264' title='bbox 670 3845 754 3926; x_wconf 89' lang='lat' dir='ltr'>quae</span> <span class='ocrx_word' id='word_1_265' title='bbox 771 3820 813 3900; x_wconf 90' lang='lat' dir='ltr'>in</span> <span class='ocrx_word' id='word_1_266' title='bbox 833 3819 915 3901; x_wconf 93' lang='lat' dir='ltr'>hoc</span> <span class='ocrx_word' id='word_1_267' title='bbox 934 3816 1079 3906; x_wconf 86' lang='lat' dir='ltr'>morbo</span> <span class='ocrx_word' id='word_1_268' title='bbox 1094 3827 1174 3902; x_wconf 89' lang='lat' dir='ltr'>tain</span> <span class='ocrx_word' id='word_1_269' title='bbox 1193 3815 1537 3929; x_wconf 75' lang='lat' dir='ltr'>sepenascuntur,</span> <span class='ocrx_word' id='word_1_270' title='bbox 1558 3844 1687 3902; x_wconf 85' lang='lat' dir='ltr'>retor-</span> 
     </span>
     <span class='ocr_line' id='line_1_31' title="bbox 246 3925 1688 4043; baseline 0 -29"><span class='ocrx_word' id='word_1_271' title='bbox 246 3929 340 4014; x_wconf 87' lang='lat' dir='ltr'>ridae</span> <span class='ocrx_word' id='word_1_272' title='bbox 354 3992 366 4033; x_wconf 95' lang='lat'>,</span> <span class='ocrx_word' id='word_1_273' title='bbox 393 3925 587 4035; x_wconf 86' lang='lat' dir='ltr'>rebelles,</span> <span class='ocrx_word' id='word_1_274' title='bbox 613 3927 848 4040; x_wconf 86' lang='lat' dir='ltr'>squallentes</span> <span class='ocrx_word' id='word_1_275' title='bbox 875 3931 1045 4039; x_wconf 89' lang='lat' dir='ltr'>suerint,</span> <span class='ocrx_word' id='word_1_276' title='bbox 1075 3926 1317 4041; x_wconf 89' lang='lat' dir='ltr'>liquorisque</span> <span class='ocrx_word' id='word_1_277' title='bbox 1342 3927 1514 4043; x_wconf 87' lang='lat' dir='ltr'>guttulas</span> <span class='ocrx_word' id='word_1_278' title='bbox 1543 3929 1688 4014; x_wconf 82' lang='lat' dir='ltr'>stillent</span> 
     </span>
     <span class='ocr_line' id='line_1_32' title="bbox 246 4041 1689 4158; baseline 0.001 -33"><span class='ocrx_word' id='word_1_279' title='bbox 246 4071 360 4126; x_wconf 88' lang='lat' dir='ltr'>acres</span> <span class='ocrx_word' id='word_1_280' title='bbox 389 4050 431 4126; x_wconf 89' lang='lat'>&amp;</span> <span class='ocrx_word' id='word_1_281' title='bbox 455 4043 676 4127; x_wconf 89' lang='lat' dir='ltr'>erodentes.</span> <span class='ocrx_word' id='word_1_282' title='bbox 706 4043 822 4128; x_wconf 70' lang='lat' dir='ltr'>Unde</span> <span class='ocrx_word' id='word_1_283' title='bbox 852 4069 959 4158; x_wconf 87' lang='lat' dir='ltr'>patet</span> <span class='ocrx_word' id='word_1_284' title='bbox 985 4045 1231 4132; x_wconf 59' lang='lat' dir='ltr'>inflation&#39;ffi</span> <span class='ocrx_word' id='word_1_285' title='bbox 1257 4041 1366 4126; x_wconf 85' lang='lat' dir='ltr'>illam</span> <span class='ocrx_word' id='word_1_286' title='bbox 1394 4049 1436 4125; x_wconf 86' lang='lat'>&amp;</span> <span class='ocrx_word' id='word_1_287' title='bbox 1465 4043 1615 4124; x_wconf 93' lang='lat' dir='ltr'>narium</span> <span class='ocrx_word' id='word_1_288' title='bbox 1644 4050 1689 4127; x_wconf 79' lang='lat' dir='ltr'>dt</span> 
     </span>
     <span class='ocr_line' id='line_1_33' title="bbox 246 4152 1772 4272; baseline -0.001 -33"><span class='ocrx_word' id='word_1_289' title='bbox 246 4153 448 4240; x_wconf 86' lang='lat' dir='ltr'>labiorum</span> <span class='ocrx_word' id='word_1_290' title='bbox 465 4158 595 4272; x_wconf 79' lang='lat' dir='ltr'>potius</span> <span class='ocrx_word' id='word_1_291' title='bbox 613 4159 712 4239; x_wconf 90' lang='lat' dir='ltr'>inter</span> <span class='ocrx_word' id='word_1_292' title='bbox 725 4155 985 4270; x_wconf 86' lang='lat' dir='ltr'>symptomata</span> <span class='ocrx_word' id='word_1_293' title='bbox 998 4156 1234 4240; x_wconf 84' lang='lat' dir='ltr'>diversarum</span> <span class='ocrx_word' id='word_1_294' title='bbox 1248 4155 1451 4238; x_wconf 89' lang='lat' dir='ltr'>causatum</span> <span class='ocrx_word' id='word_1_295' title='bbox 1465 4152 1542 4238; x_wconf 86' lang='lat' dir='ltr'>else</span> <span class='ocrx_word' id='word_1_296' title='bbox 1558 4181 1688 4240; x_wconf 88' lang='lat' dir='ltr'>recen·</span> <span class='ocrx_word' id='word_1_297' title='bbox 1766 4223 1772 4238; x_wconf 88' lang='lat'><strong>.</strong></span> 
     </span>
     <span class='ocr_line' id='line_1_34' title="bbox 250 4266 1689 4461; baseline 0.001 -110"><span class='ocrx_word' id='word_1_298' title='bbox 250 4266 412 4351; x_wconf 86' lang='lat' dir='ltr'>sendam</span> <span class='ocrx_word' id='word_1_299' title='bbox 420 4330 437 4374; x_wconf 97' lang='lat'>,</span> <span class='ocrx_word' id='word_1_300' title='bbox 463 4267 578 4378; x_wconf 74' lang='lat' dir='ltr'>quarn</span> <span class='ocrx_word' id='word_1_301' title='bbox 600 4271 700 4353; x_wconf 90' lang='lat' dir='ltr'>inter</span> <span class='ocrx_word' id='word_1_302' title='bbox 721 4267 823 4352; x_wconf 90' lang='lat' dir='ltr'>mala</span> <span class='ocrx_word' id='word_1_303' title='bbox 842 4266 961 4351; x_wconf 86' lang='lat' dir='ltr'>alicui</span> <span class='ocrx_word' id='word_1_304' title='bbox 977 4273 1078 4382; x_wconf 89' lang='lat' dir='ltr'>parti</span> <span class='ocrx_word' id='word_1_305' title='bbox 1100 4267 1282 4382; x_wconf 87' lang='lat' dir='ltr'>specifica</span> <span class='ocrx_word' id='word_1_306' title='bbox 1306 4275 1348 4350; x_wconf 76' lang='lat' dir='ltr'>dt</span> <span class='ocrx_word' id='word_1_307' title='bbox 1356 4269 1550 4461; x_wconf 57' lang='lat' dir='ltr'>propriu</span> <span class='ocrx_word' id='word_1_308' title='bbox 1569 4294 1689 4377; x_wconf 83' lang='lat' dir='ltr'>atque</span> 
     </span>
     <span class='ocr_line' id='line_1_35' title="bbox 250 4375 1690 4496; baseline 0.003 -34"><span class='ocrx_word' id='word_1_309' title='bbox 250 4405 300 4462; x_wconf 92' lang='lat' dir='ltr'>ut</span> <span class='ocrx_word' id='word_1_310' title='bbox 314 4381 506 4491; x_wconf 85' lang='lat' dir='ltr'>diagnosrs</span> <span class='ocrx_word' id='word_1_311' title='bbox 522 4382 681 4468; x_wconf 85' lang='lat' dir='ltr'>evidens</span> <span class='ocrx_word' id='word_1_312' title='bbox 699 4385 778 4486; x_wconf 89' lang='lat' dir='ltr'>est,</span> <span class='ocrx_word' id='word_1_313' title='bbox 800 4383 853 4466; x_wconf 89' lang='lat' dir='ltr'>ita</span> <span class='ocrx_word' id='word_1_314' title='bbox 866 4410 940 4494; x_wconf 91' lang='lat' dir='ltr'>pro</span> <span class='ocrx_word' id='word_1_315' title='bbox 970 4383 1073 4465; x_wconf 86' lang='lat' dir='ltr'>nosrs</span> <span class='ocrx_word' id='word_1_316' title='bbox 1088 4382 1219 4496; x_wconf 80' lang='lat' dir='ltr'>potius</span> <span class='ocrx_word' id='word_1_317' title='bbox 1238 4375 1260 4462; x_wconf 68' lang='lat' dir='ltr'>i</span> <span class='ocrx_word' id='word_1_318' title='bbox 1280 4409 1353 4463; x_wconf 92' lang='lat' dir='ltr'>cau</span> <span class='ocrx_word' id='word_1_319' title='bbox 1372 4411 1401 4462; x_wconf 85' lang='lat' dir='ltr'>ae</span> <span class='ocrx_word' id='word_1_320' title='bbox 1419 4376 1554 4462; x_wconf 72' lang='lat' dir='ltr'>naturl</span> <span class='ocrx_word' id='word_1_321' title='bbox 1570 4405 1690 4491; x_wconf 83' lang='lat' dir='ltr'>atque</span> 
     </span>
     <span class='ocr_line' id='line_1_36' title="bbox 249 4411 1282 4607; baseline -0.002 -29"><span class='ocrx_word' id='word_1_322' title='bbox 249 4489 462 4578; x_wconf 69' lang='lat' dir='ltr'>virulentias</span> <span class='ocrx_word' id='word_1_323' title='bbox 488 4495 655 4607; x_wconf 89' lang='lat' dir='ltr'>pendet,</span> <span class='ocrx_word' id='word_1_324' title='bbox 682 4492 800 4606; x_wconf 69' lang='lat' dir='ltr'>quam</span> <span class='ocrx_word' id='word_1_325' title='bbox 827 4492 875 4576; x_wconf 90' lang='lat' dir='ltr'>ab</span> <span class='ocrx_word' id='word_1_326' title='bbox 898 4411 984 4607; x_wconf 56' lang='lat' dir='ltr'>ipso</span> <span class='ocrx_word' id='word_1_327' title='bbox 1009 4493 1282 4606; x_wconf 90' lang='lat' dir='ltr'>symptomate.</span> 
     </span>
    </p>

    <p class='ocr_par' dir='ltr' id='par_1_7' title="bbox 246 4603 1699 5148">
     <span class='ocr_line' id='line_1_37' title="bbox 310 4603 1691 4796; baseline 0.001 -112"><span class='ocrx_word' id='word_1_328' title='bbox 310 4605 461 4688; x_wconf 80' lang='lat' dir='ltr'>Verum</span> <span class='ocrx_word' id='word_1_329' title='bbox 476 4609 516 4686; x_wconf 94' lang='lat' dir='ltr'>in</span> <span class='ocrx_word' id='word_1_330' title='bbox 538 4635 702 4719; x_wconf 85' lang='lat' dir='ltr'>genere,</span> <span class='ocrx_word' id='word_1_331' title='bbox 722 4609 751 4690; x_wconf 85' lang='lat' dir='ltr'>st</span> <span class='ocrx_word' id='word_1_332' title='bbox 770 4608 1013 4692; x_wconf 85' lang='lat' dir='ltr'>inflationem</span> <span class='ocrx_word' id='word_1_333' title='bbox 1028 4605 1122 4690; x_wconf 88' lang='lat' dir='ltr'>labii</span> <span class='ocrx_word' id='word_1_334' title='bbox 1136 4603 1183 4687; x_wconf 91' lang='lat' dir='ltr'>ab</span> <span class='ocrx_word' id='word_1_335' title='bbox 1202 4603 1270 4688; x_wconf 75' lang='lat' dir='ltr'>illa</span> <span class='ocrx_word' id='word_1_336' title='bbox 1289 4633 1406 4714; x_wconf 90' lang='lat' dir='ltr'>quam</span> <span class='ocrx_word' id='word_1_337' title='bbox 1430 4631 1576 4714; x_wconf 85' lang='lat' dir='ltr'>coryza</span> <span class='ocrx_word' id='word_1_338' title='bbox 1593 4631 1691 4796; x_wconf 70' lang='lat' dir='ltr'>pto·</span> 
     </span>
     <span class='ocr_line' id='line_1_38' title="bbox 246 4712 1699 4832; baseline 0.002 -36"><span class='ocrx_word' id='word_1_339' title='bbox 246 4712 367 4798; x_wconf 91' lang='lat' dir='ltr'>&#39;ducit</span> <span class='ocrx_word' id='word_1_340' title='bbox 389 4715 629 4825; x_wconf 86' lang='lat' dir='ltr'>sejunxeris,</span> <span class='ocrx_word' id='word_1_341' title='bbox 657 4717 818 4803; x_wconf 88' lang='lat' dir='ltr'>morbus</span> <span class='ocrx_word' id='word_1_342' title='bbox 839 4718 983 4832; x_wconf 86' lang='lat' dir='ltr'>longus</span> <span class='ocrx_word' id='word_1_343' title='bbox 1008 4722 1087 4827; x_wconf 87' lang='lat' dir='ltr'>est,</span> <span class='ocrx_word' id='word_1_344' title='bbox 1116 4724 1159 4801; x_wconf 73' lang='grc' dir='ltr'>ὃ(</span> <span class='ocrx_word' id='word_1_345' title='bbox 1186 4720 1325 4832; x_wconf 87' lang='lat' dir='ltr'>partim</span> <span class='ocrx_word' id='word_1_346' title='bbox 1352 4715 1444 4802; x_wconf 78' lang='lat' dir='ltr'>ideo</span> <span class='ocrx_word' id='word_1_347' title='bbox 1467 4715 1597 4800; x_wconf 91' lang='lat' dir='ltr'>insana</span> <span class='ocrx_word' id='word_1_348' title='bbox 1627 4713 1699 4820; x_wconf 75' lang='lat' dir='ltr'>ilis</span> 
     </span>
     <span class='ocr_line' id='line_1_39' title="bbox 249 4826 1691 4945; baseline 0.001 -36"><span class='ocrx_word' id='word_1_349' title='bbox 249 4827 387 4936; x_wconf 84' lang='lat' dir='ltr'>quod,</span> <span class='ocrx_word' id='word_1_350' title='bbox 401 4827 583 4912; x_wconf 86' lang='lat' dir='ltr'>stantibus</span> <span class='ocrx_word' id='word_1_351' title='bbox 596 4835 637 4912; x_wconf 92' lang='lat' dir='ltr'>in</span> <span class='ocrx_word' id='word_1_352' title='bbox 654 4834 849 4945; x_wconf 84' lang='lat' dir='ltr'>integrum</span> <span class='ocrx_word' id='word_1_353' title='bbox 861 4832 1021 4942; x_wconf 79' lang='lat' dir='ltr'>rtfiquis</span> <span class='ocrx_word' id='word_1_354' title='bbox 1035 4829 1302 4915; x_wconf 59' lang='lat' dir='ltr'>sundionibus</span> <span class='ocrx_word' id='word_1_355' title='bbox 1310 4894 1325 4936; x_wconf 95' lang='lat'>,</span> <span class='ocrx_word' id='word_1_356' title='bbox 1339 4826 1539 4945; x_wconf 88' lang='lat' dir='ltr'>piaculum</span> <span class='ocrx_word' id='word_1_357' title='bbox 1558 4827 1691 4912; x_wconf 85' lang='lat' dir='ltr'>videa-</span> 
     </span>
     <span class='ocr_line' id='line_1_40' title="bbox 249 4941 1689 5148; baseline 0 -122"><span class='ocrx_word' id='word_1_358' title='bbox 249 4965 320 5028; x_wconf 83' lang='lat' dir='ltr'>tur</span> <span class='ocrx_word' id='word_1_359' title='bbox 337 4969 479 5056; x_wconf 83' lang='lat' dir='ltr'>magna</span> <span class='ocrx_word' id='word_1_360' title='bbox 497 4949 539 5029; x_wconf 78' lang='lat' dir='ltr'>bt</span> <span class='ocrx_word' id='word_1_361' title='bbox 558 4945 780 5031; x_wconf 87' lang='lat' dir='ltr'>machinam</span> <span class='ocrx_word' id='word_1_362' title='bbox 795 4945 1043 5040; x_wconf 76' lang='lat' dir='ltr'>immutantis</span> <span class='ocrx_word' id='word_1_363' title='bbox 1060 4941 1191 5057; x_wconf 84' lang='lat' dir='ltr'>malo,</span> <span class='ocrx_word' id='word_1_364' title='bbox 1208 4943 1430 5148; x_wconf 59' lang='lat' dir='ltr'>suuffloqqs</span> <span class='ocrx_word' id='word_1_365' title='bbox 1447 4944 1689 5056; x_wconf 74' lang='lat' dir='ltr'>ceteroquin</span> 
     </span>
    </p>

    <p class='ocr_par' dir='ltr' id='par_1_8' title="bbox 1432 5081 1535 5144">
     <span class='ocr_line' id='line_1_41' title="bbox 1432 5081 1535 5144; baseline 0.029 -4"><span class='ocrx_word' id='word_1_366' title='bbox 1432 5081 1535 5144; x_wconf 83' lang='lat' dir='ltr'>nnn</span> 
     </span>
    </p>
   </div>
   <div class='ocr_carea' id='block_1_6' title="bbox 0 0 2156 5904">
    <p class='ocr_par' dir='ltr' id='par_1_9' title="bbox 0 0 2156 5904">
     <span class='ocr_line' id='line_1_42' title="bbox 0 0 2156 5904; baseline 0 0"><span class='ocrx_word' id='word_1_367' title='bbox 0 0 2156 5904; x_wconf 95' lang='lat' dir='ltr'> </span> 
     </span>
    </p>
   </div>
  </div>
 </body>
</html>
