4186 5908
655 433 717 526 CC
735 431 903 522 1]de
923 430 1035 526 N'E
1061 435 1161 528 I'Sl
1175 445 1187 528 ἶ
1548 453 1627 549 rur

195 593 365 688 morbos
395 592 519 682 hosce
547 598 649 683 inter
675 594 770 684 vere
803 595 1076 712 depuratorios
1108 597 1185 686 effe
1210 599 1474 686 recensendos
1490 664 1505 709 ,
1520 641 1523 648 ²
1541 611 1635 690 cum

197 735 352 794 novum
378 706 564 794 morbum
583 735 808 820 novamque
830 709 1024 794 ferociam
1045 709 1191 798 morbo
1215 714 1350 798 afferat
1374 711 1507 798 tabum
1534 745 1633 828 garr-

197 821 431 934 graenosum.
463 818 545 906 Sed
564 847 735 928 mutatur
751 848 890 934 *umen
912 820 1049 910 morbi·
1060 849 1217 928 natura,
1247 833 1289 910 dr
1310 855 1454 910 novam
1474 833 1634 941 prorsus

196 932 378 1020 indolem
393 931 633 1018 *amnstituti
647 932 852 1049 gangraenl
870 931 1021 1036 induit3
1041 939 1124 1020 imo
1140 945 1180 1019 br
1199 937 1284 1052 ipsa
1293 967 1496 1052 gangraena
1511 941 1634 1026 causa

199 1042 222 1129 ὲ
237 1045 314 1155 qui
329 1045 531 1179 pendebat.
540 1043 703 1130 morbus
722 1045 961 1163 opitulatur,
977 1047 1082 1133 unde
1094 1047 1244 1134 sublati
1258 1049 1462 1166 gangraeni
1479 1047 1634 1138 tollitur

197 1184 269 1273 per
294 1159 623 1274 suppiiratlb'n'e'rir‘
637 1157 857 1273 legitimam
880 1158 1056 1245 mbrbu's.
1314 1167 1320 1178 '
1397 1191 1402 1198 ·
1442 1169 1490 1228 ·-’
1624 1174 1628 1200 ³

253 1271 405 1356 Verum
429 1275 471 1356 in
501 1271 610 1356 hisce
635 1270 819 1367 omnibus
842 1269 991 1359 casrbus
1014 1273 1100 1387 spes
1121 1270 1288 1390 superest
1308 1277 1417 1390 polle
1440 1305 1509 1392 per
1530 1283 1634 1368 vires

199 1383 287 1466 vitae
318 1383 474 1469 retundi
511 1385 779 1470 aauosrtatem
809 1386 981 1494 ueneni,
1013 1389 1254 1499 temperari,
1288 1390 1467 1503 affignari
1506 1421 1633 1506 partes

199 1497 301 1579 inter
326 1501 435 1582 vivas
462 1523 580 1607 atque
602 1523 776 1596 mortuas
799 1493 971 1598 limitem,
996 1519 1116 1610 quem
1135 1495 1256 1584 rubor
1270 1503 1391 1596 ,vivax
1417 1502 1634 1590 limborum

200 1605 375 1694 declarat
388 1609 488 1694 satis.
503 1611 630 1693 mein
648 1608 720 1693 illo
742 1608 1138 1724 morborumgenere
1153 1609 1294 1721 quibus
1311 1611 1481 1702 imbellis
1500 1644 1635 1700 natura

198 1723 265 1804 vix
293 1719 400 1806 aliud
421 1746 578 1836 prater..
590 1750 836 1837 gangrenam
865 1721 1026 1833 efficere
1051 1725 1204 1839 potest,
1227 1725 1323 1833 quid
1345 1725 1511 1841 superest
1528 1727 1636 1816 aliud

199 1835 423 1946 agendum,
457 1858 525 1918 aut
547 1832 779 1949 sperandum
806 1859 941 1947 praeter
969 1837 1142 1919 mortem
1154 1873 1178 1942 ‚·
1195 1824 1373 1952 depollto
1402 1840 1563 1948 quidem
1592 1846 1636 1926 in

199 1973 328 2060 partes
348 1944 396 2030 ab
419 1948 652 2032 aciuosrtatis
674 1972 813 2046 centro
832 1948 1103 2052 remotissimas
1124 1973 1304 2055 veneno,
1334 1949 1459 2034 fatum
1484 1951 1636 2040 ineluc-

195 2057 319 2144 tabile
353 2059 522 2144 retardat
554 2087 712 2166 natura,
738 2059 891 2176 semper
918 2062 960 2143 in
987 2058 1154 2143 meliora
1177 2087 1371 2174 vergens,
1397 2061 1468 2148 'sed
1495 2063 1635 2165 desunt

197 2176 300 2256 vireu
320 2173 400 2258 sme
423 2171 563 2283 quibus
583 2199 650 2257 aut
671 2201 751 2279 ars,
778 2199 845 2255 aur
863 2197 999 2256 natura
1017 2169 1073 2255 nil
1088 2169 1157 2254 srbi
1172 2171 1323 2288 sperare
1342 2174 1511 2287 poliunt.
1538 2177 1635 2262 Diu·

197 2310 359 2370 turnum
388 2311 520 2369 tamen
554 2281 668 2389 huius
708 2295 917 2400 gangmnae
959 2281 1185 2396 exemplum
1223 2288 1266 2367 in
1295 2288 1383 2369 viro
1410 2291 1477 2398 qui
1500 2279 1634 2376 multis

198 2401 388 2512 agitatam
426 2395 626 2502 laboribus
658 2399 781 2481 vitam
813 2393 1023 2509 exegerat‚'
1059 2394 1140 2503 jaim
1167 2393 1420 2510 sexagenario
1450 2399 1631 2509 majorej

198 2511 281 2596 vidi
299 2508 433 2626 plures
448 2536 517 2625 per
534 2539 658 2594 annos
666 2531 951 2624 prorogatum,
975 2506 1200 2593 lethiferum
1217 2509 1390 2596 tandem.
1414 2493 1635 2628 Gangrana

200 2621 247 2707 ab
278 2621 444 2708 anxiosb
479 2621 591 2708 febre
619 2625 868 2736 increperat,
938 2651 995 2703 uae
1022 2619 1153 2735 plures
1194 2647 1262 2734 per
1298 2621 1381 2706 dies
1425 2627 1504 2709 fine
1534 2652 1633 2741 typo

200 2763 312 2822 certo
339 2732 553 2842 durabilis,
579 2731 711 2849 postei
739 2737 781 2816 in
807 2649 1005 2816 macrllam
1030 2732 1080 2818 ad
1105 2755 1281 2816 extrema
1302 2733 1417 2928 pedis
1444 2737 1632 2845 deflerat,

200 2877 330 2934 ortam
356 2879 452 2934 cum
473 2851 680 2934 tormentis
709 2842 974 2930 atrocibus&
998 2875 1081 2958 quc
1105 2843 1227 2929 fidem
1251 2871 1300 2928 ex
1318 2873 1494 2960 uperant.
1521 2849 1635 2932 Con-

205 2967 406 3072 quieverat
418 2959 566 3048 malum
583 2961 662 3044 srne
676 2957 757 3044 una
771 2957 1072 3074 suppuratione3
1092 2953 1284 3068 limesque
1302 2957 1410 3044 malo
1429 2959 1635 3046 videbatur

204 3076 428 3188 impositus,
453 3071 545 3159 cbm
568 3071 699 3156 similis
720 3079 762 3156 δι
783 3087 877 3156 cum
899 3069 1016 3156 simili
1031 3071 1227 3156 anxietate
1250 3071 1335 3182 post
1355 3083 1501 3156 annum
1519 3101 1634 3159 reno-

199 3203 290 3274 'vata
314 3185 434 3273 febris
456 3215 603 3272 novam
629 3213 840 3298 gangraenas
865 3183 1030 3269 reddere
1050 3182 1130 3269 visa
1157 3184 1210 3265 est
1236 3185 1502 3270 aciuosrtatcm
1527 3186 1635 3299 sopi-

200 3327 318 3411 taque
334 3326 524 3386 revocare
537 3323 733 3382 tormenta
754 3332 762 3380 :
791 3297 902 3409 quod
925 3300 1017 3382 cbm
1034 3292 1147 3381 tertii
1165 3296 1256 3380 vice
1272 3297 1499 3405 accidisset,
1549 3297 1633 3388 edis

201 3439 342 3500 cutem
374 3412 592 3496 universam
626 3411 865 3524 consumpsrt
893 3438 1104 3523 gangrena
1136 3405 1340 3496 denudatis
1376 3327 1632 3516 tendinilus,

203 3553 383 3640 agerque
413 3528 514 3609 inter
543 3513 706 3630 ejulatus
730 3547 847 3636 atque
871 3521 1130 3608 atrociffimos
1155 3515 1316 3606 dolores
1338 3526 1460 3610 viram
1482 3524 1634 3607 tristiffi·

202 3669 307 3724 mam
335 3663 465 3722 morte
487 3634 642 3752 placidi
663 3637 803 3720 finivit'.

253 3753 405 3850 Verium
426 3750 659 3834 fiomnium
679 3752 875 3834 horumce
892 3743 1126 3830 morborum
1148 3749 1393 3832 curationem
1411 3750 1509 3834 inire
1528 3747 1633 3834 foret
1679 3819 1690 3836 .

203 3868 354 3950 animus
367 3861 589 3947 universum
603 3857 805 3946 medicinae
820 3856 1012 3944 ambitum
1025 3858 1363 3973 comprehendere
1377 3861 1634 3945 netellarium

203 3978 330 4085 foret,
361 3982 404 4060 δι
424 3973 533 4059 extri
555 3976 685 4088 operis
706 3972 895 4088 proposrti
917 3968 1062 4055 limites
1083 3968 1205 4087 longe
1229 4001 1471 4087 vagaremur.
1501 3973 1633 4060 Suffe-

203 4095 303 4179 cerit
325 4087 525 4175 annotasse
548 4085 754 4172 divisiones
779 4084 895 4170 hasce
919 4081 1152 4168 morborum
1174 4085 1527 4199 depuratoriorum.

258 4201 419 4288 Addere
453 4185 541 4303 satis
567 4199 685 4286 fuerit
709 4228 759 4285 ex
782 4199 915 4313 postris
949 4199 1149 4310 principiis
1173 4196 1344 4312 intelligi
1373 4195 1482 4312 polle
1508 4202 1633 4285 variar

200 4301 419 4400 bumorum
444 4339 670 4420 nocuerum
697 4315 797 4420 inter
820 4309 860 4396 se
887 4305 1189 4422 complexiones
1215 4334 1332 4420 atque
1362 4315 1632 4397 intricationes

202 4413 297 4512 ⁸crim
313 4426 525 4538 aliquandi)
544 4427 629 4510 fieti
678 4423 767 4507 ossit
785 4447 830 4530 ut
846 4451 946 4530 unus
965 4423 1151 4530 idemque
1172 4422 1317 4506 humor
1334 4431 1375 4508 dr
1397 4423 1524 4530 serum
1541 4453 1633 4530 acre

204 4537 484 4655 &lympham
517 4451 722 4622 mucolam
755 4533 964 4617 adoriatur.
1007 4531 1108 4642 Quo
1139 4537 1183 4615 in
1216 4533 1307 4618 casu
1343 4534 1492 4621 summa
1524 4535 1642 4641 certb

203 4643 382 4737 humoris
393 4653 511 4765 copia
516 4712 531 4757 ‚
546 4647 762 4734 acrimonia
777 4648 947 4728 maxima
951 4707 967 4752 ‚
977 4646 1045 4728 vix
1055 4643 1331 4754 medicabilem
1342 4676 1490 4732 noxam
1501 4650 1631 4734 infert.

204 4765 399 4877 Alioquin
425 4767 532 4850 enim
557 4760 675 4847 facile
698 4754 922 4870 fatebuntur
946 4785 1088 4862 naturae
1111 4757 1381 4870 observatores
1402 4763 1490 4844 raro
1509 4787 1631 4846 vene-

205 4907 300 4984 uum
315 4873 525 4993 quodlibet
529 4875 629 4988 ,pirri-sp
641 4872 792 4987 suurmb
803 4858 1006 4990 putridum
1019 4863 1069 4984 fir
1075 4897 1254 4988 aermom¹
1262 4873 1635 5014 adoririhumoresa
