4546 5866
454 365 460 370 ’
567 449 652 552 „4-
1009 407 1118 506 os
1183 395 1547 508 nonnis

560 602 612 686 ¹in
630 617 745 680 motu
755 651 771 699 ,
795 617 878 702 qua
894 582 964 670 sub
977 588 1165 696 hyemem
1188 581 1403 670 livescant:
1420 583 2015 702 .aestivotempote‚'t1birares-·

571 733 669 796 cunt
692 707 849 810 omnia,
871 700 1077 788 videantur
1099 699 1242 809 pariter
1263 699 1456 784 rarescere
1478 707 1520 782 δι
1545 700 1769 808 tumesieri,
1796 701 1904 786 unde
1924 699 2014 788 vul-

571 824 673 938 garis
690 815 824 903 fabula
840 844 886 899 ea
904 811 1178 918 efflorescere,
1197 815 1289 896 ciam
1303 813 1394 894 vitis
1412 813 1532 896 flores
1550 816 1742 927 concipit.

481 1019 485 1024 ,
628 936 780 1017 Vitium
805 925 906 1011 illud
927 929 995 1010 vix
1018 921 1108 1008 ullis
1128 927 1407 1039 phoenomenis
1429 925 1701 1039 distinguitur,
1723 953 1798 1010 nec
1819 926 2012 1015 variabile

572 1049 648 1132 est:
668 1043 802 1157 augeri
816 1038 1047 1143 volumine,
1068 1038 1133 1120 seu
1151 1040 1284 1152 potius
1304 1038 1428 1150 spatio
1446 1068 1521 1154 pro
1535 1067 1610 1122 wcor
1638 1041 1718 1132 oris
1738 1042 2010 1152 magnitudine

570 1159 705 1274 saepibs
716 1155 885 1240 videtur.
900 1150 1138 1235 Pallescit’in
1150 1148 1342 1234 morbidis
1359 1160 1401 1234 δι
1412 1069 1651 1264 languidulis
1665 1155 1719 1235 ita
1735 1179 1780 1236 ut
1790 1155 1832 1235 in
1849 1153 2010 1240 cadave

571 1269 680 1354 ribus
689 1332 703 1375 ,
719 1265 855 1352 saltem
870 1293 1009 1350 recens
1023 1267 1210 1372 mortuis,
1226 1267 1294 1348 vix
1309 1264 1380 1346 nist
1394 1263 1597 1379 asperitate
1612 1291 1783 1350 notetur.
1801 1267 1848 1348 Iu
1862 1269 2010 1380 putres-

572 1379 754 1469 centibus
769 1379 972 1466 reviviscit
995 1377 1199 1488 nigredine
1222 1374 1418 1484 notabili,
1448 1381 1502 1462 ita
1527 1404 1571 1462 ut
1593 1379 1869 1464 viriummerd
1895 1409 2010 1495 orga-

486 1519 490 1524 ·
572 1500 710 1582 uicum
733 1495 923 1579 videatur.
955 1488 1175 1574 Sensrlitate
1201 1489 1351 1572 nedum
1376 1516 1531 1574 ceteras
1555 1493 1658 1574 cutis
1681 1517 1809 1604 partes
1831 1492 2008 1577 antecel-

570 1597 629 1706 lat
652 1639 739 1724 pars
766 1604 983 1708 maculata,
1008 1601 1148 1686 contra
1163 1603 1318 1688 videtur
1341 1606 1398 1688 eis
1418 1606 1547 1687 minos
1573 1603 1739 1711 sentire„
1769 1603 1867 1690 lieet
1888 1605 2008 1694 facile

563 1721 768 1826 ‘laceretur
782 1720 898 1804 &san
929 1719 1062 1800 uinem
1071 1715 1210 1801 fundat
1216 1777 1231 1822 ,
1248 1720 1322 1800 nec
1334 1715 1654 1832 suppurationem
1668 1743 1800 1804 tamen
1812 1723 2007 1836 concipit.

570 1832 791 1930 Juvenibus
815 1749 956 1947 puellis
967 1891 982 1937 ,
1006 1830 1101 1912 ditm
1123 1832 1314 1913 menstrua
1335 1832 1585 1944 eruptionem
1608 1831 1857 1939 minitantur,
1882 1834 2006 1922 inten-

571 1944 817 2038 susmaculis
833 1943 911 2028 illis
929 1940 1045 2026 color
1060 1944 1113 2026 est
1121 2005 1137 2048 ,
1156 1945 1284 2026 mimis
1302 1945 1354 2024 est
1366 1941 1520 2028 vividus
1538 1945 1738 2028 menstruis
1755 1945 1829 2030 rite
1850 1949 2006 2036 exactis·

572 2063 622 2152 In
644 2055 861 2162 senioribus
883 2086 987 2168 ruga
1011 2064 1053 2140 ὅ(
1074 2053 1326 2168 epidermidis
1350 2055 1571 2140 incrassatio
1591 2053 1642 2142 de
1661 2056 1805 2142 colore
1818 2060 2003 2170 demunt,

571 2173 745 2282 ideisque
760 2166 1075 2257 minhsnotabile
1086 2170 1139 2253 est
1150 2169 1311 2273 vitium,
1327 2169 1436 2278 qubd
1449 2171 1577 2264 miuus
1589 2170 1728 2256 nitoris
1743 2169 1767 2256 h
1780 2174 1999 2262 vetulorum

572 2313 666 2376 cute
683 2283 910 2401 postuletur,

577 2495 581 2503 ,
628 2399 827 2484 Deforme
841 2396 938 2484 verb
954 2403 996 2480 dt
1014 2391 1080 2478 vel
1101 2396 1251 2479 nativas
1271 2392 1453 2480 Charites
1469 2391 1592 2509 longs
1611 2395 1751 2511 fugans
1764 2400 1924 2508 vitium,
1938 2400 2004 2490 seta

572 2513 688 2627 ipsres
707 2512 906 2616 formam,
931 2507 998 2593 seu
1018 2507 1153 2592 sedem
1175 2503 1381 2613 consulas,
1404 2507 1613 2618 quomodb
1634 2513 1763 2595 curari
1814 2513 1904 2600 oslit
1926 2518 2005 2602 hirc

570 2622 950 2739 usquenegledum.
972 2619 1092 2706 Deest
1109 2623 1214 2704 enim
1232 2647 1324 2704 vera
1347 2624 1449 2704 cutis
1471 2619 1698 2731 substantia,
1721 2630 1764 2708 bt
1785 2543 1885 2712 ibeo
1906 2634 2005 2717 cutia

569 2737 650 2830 alia
674 2768 768 2856 pars
784 2735 983 2821 substituta
997 2736 1062 2819 est.
1082 2733 1198 2818 Unde
1210 2735 1242 2816 'sr
1262 2731 1468 2849 parvulum
1483 2735 1529 2820 stt
1544 2743 1587 2818 dt
1605 2738 1647 2820 in
1665 2737 1769 2822 facie
1788 2770 1874 2824 non
1892 2743 2004 2830 situm

572 2859 651 2957 (ut
676 2854 772 2936 novi
798 2848 1018 2935 universam
1045 2873 1206 2961 gentem
1234 2847 1412 2956 alioquin
1438 2846 1744 2958 pulcherrimam
1767 2881 1852 2963 quae
1881 2857 1934 2940 src
1964 2860 2003 2942 in

483 3001 485 3008 ’
572 2963 693 3050 dorso
719 2988 856 3050 notata
880 2964 960 3064 est)
982 2963 1050 3044 vix
1075 2958 1222 3070 aliquid
1247 2963 1289 3043 in
1311 2961 1393 3044 hoc
1415 2962 1557 3044 vitium
1580 2960 1713 3048 facere
1736 2992 1804 3049 aut
1822 2997 1883 3052 ars
1896 3030 1911 3074 ,
1942 2993 2005 3056 aut

571 3079 674 3162 tatio
703 3077 872 3162 suaserit.
912 3075 956 3158 Si
988 3074 1086 3158 verb
1112 3071 1268 3158 vulmm
1299 3077 1557 3186 occupaverit
1589 3081 1630 3158 dt
1662 3074 1811 3188 aliquid
1842 3080 2004 3194 spatium

571 3189 755 3295 invadat,
781 3219 830 3272 an
853 3187 895 3272 id
924 3182 1162 3270 tentabimus
1188 3186 1465 3302 suppuratione
1492 3189 1703 3273 eradicare.
1732 3188 1875 3276 Obstat
1905 3199 2003 3280 cutis

570 3303 755 3392 structura
778 3297 1011 3384 cellularum
1041 3325 1224 3412 apparatu
1250 3325 1411 3407 carens,
1439 3307 1480 3384 ὅ(
1506 3301 1548 3386 in
1575 3299 1737 3416 plexum
1757 3305 2005 3392 vasculosum

572 3441 651 3502 nec
686 3413 952 3529 superationi
991 3417 1125 3524 'aptum
1165 3411 1367 3498 conversa.
1416 3412 1460 3497 Si
1498 3415 1638 3498 vitium
1679 3415 2003 3532 destruxerimus,

572 3446 792 3613 remanebit
812 3525 976 3612 cicatrix
1001 3523 1224 3610 efficienda.
1246 3527 1396 3611 Vethm
1406 3587 1421 3631 ,
1446 3529 1539 3611 clun
1560 3527 1610 3612 ad
1627 3529 1855 3616 cicatricem
1872 3561 1915 3617 re
1944 3537 2003 3619 ui·

572 3667 677 3726 ratur
695 3667 740 3726 ut
757 3636 780 3724 a
798 3638 924 3723 fundo
943 3647 986 3724 bt
1005 3641 1084 3722 oris
1103 3635 1210 3722 bona
1225 3666 1320 3723 caro
1338 3638 1540 3745 nascatur,
1558 3639 1799 3753 granulaque
1814 3643 1896 3729 cell
1941 3646 2007 3732 osa

572 3752 687 3840 exsut
715 3778 782 3839 ant
805 3780 889 3862 quae
917 3753 1146 3843 cicatricem
1173 3752 1349 3836 efficiant
1372 3747 1637 3860 laudabilem,
1664 3754 1931 3867 periculosum
1953 3763 2007 3844 est

571 3893 650 3972 ne,
680 3785 1174 3974 deficientibusrequisrtis
1199 3863 1247 3948 ad
1277 3868 1379 3951 hanc
1406 3867 1607 3979 principiis
1621 3929 1635 3973 ,
1675 3897 1758 3976 quae
1792 3869 2007 3960 succrescit

573 3982 746 4070 cicatrix
758 3984 800 4066 in
819 3979 1000 4066 vasorum
1022 3973 1231 4070 rubrorum
1253 3975 1560 4089 prolongatione
1582 3981 1817 4088 consistens,
1838 4011 2005 4070 autnon

572 4089 680 4176 hona
700 4096 770 4200 srt,
796 4118 863 4178 aut
885 4093 911 4174 sr
934 4089 956 4176 ὲ
979 4087 1105 4172 fundo
1126 4087 1406 4174 succrescentis
1429 4094 1577 4196 caruis,
1601 4119 1644 4176 ut
1666 4096 1775 4178 aiunt
1786 4157 1801 4200 ,
1829 4094 2002 4180 luxuries

573 4209 824 4318 reprimatur,
847 4201 1045 4317 profunda·
1063 4205 1237 4284 inuratur
1264 4204 1454 4306 cicatrix,
1481 4233 1566 4311 qua:
1589 4204 1657 4288 nisr
1684 4203 1732 4288 ab
1755 4209 1894 4292 ollium
1924 4239 2006 4294 am-

573 4311 767 4400 bientium
787 4314 993 4400 obstaculis
1017 4313 1295 4428 praepediatur,
1316 4315 1504 4427 supererit
1526 4345 1664 4402 cavum
1687 4347 1798 4403 novo
1821 4321 2010 4406 desomri·

572 4431 662 4512 tatis
690 4457 834 4541 genere
862 4430 1020 4518 infame.
1053 4427 1283 4538 Utcumque
1312 4432 1431 4510 hunc·
1447 4426 1645 4512 malorum
1666 4432 1788 4514 finem
1811 4461 2006 4552 exoptent

572 4540 719 4645 miseri,
738 4567 883 4647 tamen,
900 4563 943 4627 ut
959 4537 1136 4656 plurimis
1150 4538 1341 4654 exemplis
1351 4541 1544 4645 constitit,
1562 4541 1690 4626 deerit
1702 4547 1785 4628 hoc
1803 4549 1894 4659 ipsis
1910 4547 2010 4632 sola·

570 4654 631 4745 tii<
671 4654 906 4748 Renasciter
932 4656 1046 4744 enim
1081 4651 1180 4739 loco
1206 4657 1346 4741 vitiarae
1379 4656 1480 4738 cutis
1513 4653 1669 4738 macula
1697 4659 1852 4744 vitiosa.
1885 4661 2007 4748 Ades

570 4763 649 4886 alte
670 4765 892 4897 impressum
914 4793 1077 4879 germen
1097 4791 1240 4856 natura
1260 4771 1426 4854 mutavit
1447 4766 1641 4854 ordinem.
1674 4857 1681 4870 ,
