4188 5916
496 425 592 524 ,n
762 467 768 478 .
947 411 1055 500 oa
1126 367 1488 500 nonsts

515 580 689 662 cutaneis
710 577 931 662 inveteratis
951 571 1095 678 janeus
1113 579 1215 662 inter
1233 573 1441 664 Britannos
1461 573 1620 689 plurimi
1631 632 1647 678 ,
1672 573 1770 656 milti
1783 574 1938 658 videtur

515 687 735 774 delicatulis
751 687 1031 802 plerorumque
1038 687 1248 774 Gallomm
1262 687 1475 773 visceribus
1484 689 1611 771 ntinirs
1623 685 1935 788 accommodari,

501 802 620 886 ,undd
651 803 698 886 fit
725 827 770 884 ut
795 798 896 914 pene
928 826 1068 886 omnes
1095 801 1179 907 jure
1209 805 1431 911 meritoque
1459 804 1503 884 in
1527 802 1608 882 hoc
1633 796 1778 882 ultimo
1804 796 1935 882 morbi

501 913 634 998 stadio
658 914 843 1022 adaquas
862 909 1068 998 minerales
1089 913 1348 1028 confugiant,
1370 911 1480 1024 quod
1504 914 1547 995 in
1566 913 1615 996 iis
1632 939 1720 1025 pars
1738 907 1935 994 corrobo-

515 1055 602 1110 rans
624 1030 678 1111 ita
700 1056 808 1136 aqua
828 1025 979 1218 ingenti
1002 1028 1126 1140 copia
1145 1029 1311 1110 remixta
1331 1026 1402 1130 stt,
1423 1051 1469 1109 ut
1489 1021 1604 1108 srmul
1627 1021 1737 1108 nulla
1759 1021 1933 1108 formido

500 1141 639 1222 incuti
657 1165 776 1250 queat
794 1164 845 1220 ne
883 1135 993 1220 olida
1013 1141 1235 1246 irritentur,
1259 1162 1326 1222 aut
1345 1136 1466 1222 fluida
1486 1138 1659 1222 arescere
1672 1135 1889 1222 videantur.

502 1303 507 1310 ·
569 1249 652 1334 lllae
674 1277 805 1336 autem
826 1275 910 1332 non
934 1246 981 1332 ab
996 1279 1079 1334 uno
1097 1251 1211 1337 sonte
1230 1276 1469 1366 repetuntur.
1489 1250 1591 1361 Quae
1612 1251 1718 1333 enim
1738 1246 1931 1363 sulphuris

498 1364 541 1443 -h
592 1389 656 1446 ate
673 1360 839 1450 naturali
859 1385 976 1471 atque
994 1362 1166 1475 partibus
1184 1360 1470 1450 oleoso-salitus
1483 1361 1658 1466 scatent,
1679 1390 1762 1444 non
1780 1365 1931 1446 tannim

511 1389 782 1559 rtiborantium
804 1469 922 1560 titulo
945 1471 1047 1558 intri
1066 1476 1155 1560 vasa
1180 1479 1421 1591 recipitmnrr
1430 1535 1446 1581 ,
1473 1473 1540 1558 sed
1560 1499 1761 1558 attenuant
1781 1475 1928 1579 etiam,

510 1594 552 1670 ὃ(
566 1613 771 1699 utramque
782 1583 896 1670 snnul
908 1585 1190 1673 indicationem
1201 1619 1295 1675 corn
1324 1588 1428 1692 lent,
1443 1587 1930 1702 imb&praestantillimum

498 1696 606 1812 -srtpe
624 1700 938 1814 diaphoreticum
961 1703 1211 1788 constituunt.
1230 1701 1271 1786 T
1310 1729 1352 1786 es
1376 1699 1464 1783 sunt
1484 1698 1588 1814 apud
1606 1699 1800 1784 ditionem
1819 1695 1930 1813 galli-

496 1839 598 1894 -cam
617 1809 693 1894 illae
713 1843 798 1922 quae
815 1814 856 1894 in
873 1811 1148 1922 Pyrenaeorum
1168 1809 1562 1918 convallibus'racent
1575 1811 1847 1930 Bagnerianae,
1863 1833 1929 1894 aut

495 1925 639 2036 potins
652 1923 922 2038 Barregienses
936 1951 1054 2035 atque
1069 1926 1362 2035 Cauterienses,
1378 1955 1445 2014 aut
1459 1923 1549 2008 ante
1560 1926 1629 2009 has
1647 1951 1809 2028 omnes,
1830 1923 1927 2010 ntihi

510 2040 697 2142 quantum
725 2039 893 2150 experiri
918 2033 1054 2142 licuit,
1085 2038 1173 2152 plus
1194 2043 1365 2153 prestare
1386 2042 1597 2126 creduntur
1617 2039 1771 2121 virtutis
1793 2030 1927 2148 herpb

506 2147 633 2229 ticum
657 2151 763 2233 virus
791 2146 979 2234 solventis
1004 2179 1086 2259 qua
1111 2150 1181 2236 sub
1204 2152 1472 2266 Hispanorum
1496 2148 1638 2234 linibus
1665 2149 1705 2233 B
1802 2178 1862 2232 res
1880 2148 1928 2232 dt

496 2257 664 2342 -Lttclron
687 2259 893 2364 dicunnrr,
917 2290 1001 2372 qua
1019 2265 1059 2344 in
1077 2264 1310 2380 corporibus
1331 2262 1432 2351 bens
1447 2294 1524 2399 prae
1552 2265 1664 2346 aratis
1681 2261 1726 2345 so
1794 2261 1926 2348 viden·

497 2393 568 2457 tur
584 2371 633 2454 ad
652 2371 809 2484 plenam
823 2380 864 2456 ὅ(
880 2374 1074 2500 integram
1092 2374 1332 2463 sanationem
1350 2379 1509 2463 effieren
1615 2373 1827 2484 aliquando
1839 2371 1936 2459 satis·

504 2480 628 2576 fuisse.
655 2485 785 2593 Quod
800 2486 883 2569 vidi
901 2487 942 2568 in
955 2515 1098 2593 juvene
1113 2487 1354 2574 nobiliffimo
1370 2496 1460 2602 qui,
1487 2518 1580 2576 cum
1598 2487 1820 2602 turpissimis
1840 2491 1924 2571 her·

502 2585 658 2706 petibus
680 2595 729 2680 ab
750 2623 839 2681 ortu
856 2600 986 2711 primo
1007 2597 1228 2709 laboraret,
1245 2629 1378 2690 tamen
1395 2605 1449 2688 ita
1469 2605 1492 2688 l
1509 2599 1665 2687 salutari
1683 2597 1801 2684 latice
1819 2598 1924 2686 sana·

501 2729 564 2790 tus
586 2711 640 2794 est
661 2735 706 2794 ut
728 2707 882 2793 nullum
903 2709 1034 2826 posteit
1054 2713 1253 2800 soedillimi
1274 2714 1369 2799 mali
1387 2718 1557 2802 reditum
1576 2737 1755 2825 expertus
1776 2713 1836 2796 fit.

492 2877 497 2886 ·
556 2817 656 2904 Aliae
673 2824 896 2953 verbaquae
919 2823 1126 2957 minerales
1150 2827 1247 2944 pute
1274 2828 1504 2915 roborantes
1527 2859 1578 2915 ex
1603 2832 1703 2914 serm
1732 2824 1742 2840 '
1772 2824 1833 2906 εἰς
1854 2853 1924 2941 pe·

488 3149 581 3242 bon
612 3157 725 3240 unitis
761 3161 915 3270 generis
947 3161 1021 3246 srnt
1033 3223 1049 3269 ,
1080 3165 1237 3278 possunt
1267 3193 1321 3252 eae
1348 3165 1465 3282 seligi
1491 3199 1575 3280 qua
1605 3157 1718 3254 simul
1748 3159 1916 3272 aliquam

487 3268 722 3352 attenuandi
739 3272 927 3355 virtutem
945 3301 1039 3358 eum
1063 3277 1199 3362 tonici
1223 3273 1495 3394 conjungunt,
1517 3277 1652 3392 quales
1678 3273 1767 3357 sunt
1792 3273 1919 3360 sallnae

486 3375 650 3485 multa,
670 3381 755 3464 imo
769 3389 1041 3498 &penetranti
1053 3390 1386 3499 virmtedonatae,
1402 3421 1475 3507 pro
1496 3389 1808 3509 complicatione
1829 3415 1919 3472 cau·

490 3487 619 3574 sarum
646 3489 825 3578 *anaturd
851 3493 991 3582 oblata
1003 3561 1018 3606 ‚
1049 3531 1156 3585 nunc
1183 3501 1316 3589 alvum
1343 3502 1547 3614 laxantes,
1581 3535 1688 3591 manc
1714 3501 1915 3612 ingentem

416 3617 420 3624 ’
492 3604 692 3688 urinarum
718 3608 801 3690 vim
833 3612 1011 3718 cientes,
1044 3611 1199 3700 diversas
1232 3615 1466 3701 facultatum
1494 3616 1705 3733 gradibus,
1738 3609 1916 3697 efficacii

492 3712 657 3800 diversa.
697 3717 775 3803 His
803 3719 870 3804 vel
907 3729 1157 3838 pauperiores
1186 3732 1244 3812 uti
1275 3730 1465 3845 possunt,
1502 3729 1697 3845 pleraque
1729 3723 1914 3840 asportati

491 3835 704 3940 queunt&
723 3827 795 3916 vili
816 3837 944 3946 pretio
966 3837 1222 3926 redimuntur.

517 3942 602 4071 'At
628 3941 736 4026 certd
762 3941 896 4028 frusta
924 3944 998 4034 tibi
1029 3979 1088 4037 ars
1114 3953 1307 4086 suppetias
1337 3952 1437 4042 feret
1460 3953 1673 4062 efficaces,
1699 3955 1769 4038 nist
1801 3947 1913 4032 fimul

482 4055 594 4135 melu
612 4057 720 4138 tenui
730 4115 745 4162 ,
765 4056 998 4167 moderato,
1018 4091 1100 4146 non
1117 4094 1222 4171 aen,
1241 4067 1309 4152 sed
1329 4067 1549 4182 analeptico
1565 4095 1688 4152 artem
1706 4065 1913 4176 adjuveris.

488 4157 599 4294 Hinc
617 4164 714 4280 sape
732 4168 883 4280 profuit
897 4199 968 4286 per
985 4171 1153 4290 longum
1171 4203 1252 4264 tem
1280 4211 1325 4264 us
1345 4179 1425 4266 sese
1443 4179 1559 4265 mane
1582 4187 1624 4266 δι
1643 4179 1733 4264 sero
1753 4173 1912 4288 {usculis

488 4271 719 4362 addtceree
750 4283 985 4372 testudinum
1012 4316 1131 4373 carne
1162 4319 1215 4375 co
1260 4295 1385 4400 estis,
1415 4323 1499 4406 qua
1529 4290 1666 4407 gluten
1695 4291 1912 4407 plurimum

488 4390 691 4495 continet,
714 4389 782 4474 sed
801 4401 1026 4484 tenuiorum
1047 4401 1161 4488 srmul
1180 4432 1298 4515 atque
1316 4405 1465 4540 lenium
1485 4431 1680 4522 parnum,
1701 4405 1797 4489 dium
1814 4409 1915 4492 inte·

483 4493 760 4718 plinitiiiilpua
779 4502 963 4664 alimenta
983 4539 1034 4598 ex
1050 4513 1227 4604 sarinosts
1244 4517 1484 4606 sermentans
1503 4542 1622 4630 atque
1636 4517 1914 4634 vegetantibus

539 4718 623 4804 Sed
637 4724 744 4810 certb
758 4728 965 4848 analeptici
979 4736 1124 4846 titulo,
1145 4743 1386 4833 mitificantit
1401 4767 1529 4859 partes
1546 4745 1762 4830 humorum
1775 4771 1912 4856 acres,
2069 4775 2070 4806 ¹

521 4852 575 4930 (a)
599 4850 666 4920 vn
684 4853 727 4922 Le
744 4855 831 4945 liop,
846 4863 894 4931 det
912 4865 991 4934 Baua
1009 4867 1167 4938 bliosnlts
