4186 5908
609 399 1159 498 eoffnnzln”
1530 445 1611 518 nr

175 565 356 672 videbis,
384 592 505 678 quem
532 561 715 652 colorem
735 563 1059 674 sensim-amittit,
1082 575 1124 658 bt
1139 571 1235 658 abtin
1253 575 1395 659 attadu
1410 575 1613 666 induratur

175 679 299 768 brevi.
325 681 440 766 Rarb
461 681 545 766 exit
567 678 617 766 ab
640 706 754 766 utero
774 707 956 776 materno
977 682 1105 766 infans
1127 680 1261 794 aliquo
1284 688 1386 772 cutis
1409 688 1510 774 virio
1536 695 1612 776 im·-

174 793 294 882 butus
308 826 323 897 3
340 794 485 992 quippe
497 797 565 907 qui
575 793 728 910 semper
740 792 886 882 eluitur
897 802 937 880 bt
952 795 1053 908 aquit
1066 799 1185 884 amnii
1198 799 1384 886 renouati
1395 800 1612 892 imbibitur.

173 909 290 996 Hinc
311 908 403 996 facu
419 935 477 996 tas
499 911 721 996 excretoria
743 911 845 996 cutia
867 912 908 994 in
933 911 1034 996 foetu
1058 939 1142 996 non
1158 913 1299 998 extitit.
1324 911 1400 1000 Per
1421 915 1614 1030 primosb

175 1048 289 1142 partu
303 1021 456 1110 menses
471 1050 605 1108 cutem
619 1053 702 1110 non
718 1024 882 1109 rritidam
896 1024 1033 1112 videre
1047 1053 1177 1110 rarum
1196 1027 1249 1112 est
1269 1028 1310 1111 in
1330 1025 1478 1114 infante
1492 1048 1614 1142 quem

175 1133 310 1224 solum
330 1134 393 1222 lac
411 1139 570 1234 enutrit.
593 1135 738 1224 Atubi
755 1135 831 1245 jam
858 1137 908 1222 ad
923 1138 1186 1228 dentitionem
1241 1167 1444 1226 cruentum
1470 1148 1544 1252 est,
1570 1151 1614 1232 bt

177 1253 334 1358 nutrix,
362 1276 430 1337 aut
447 1254 574 1368 pravis
593 1251 675 1368 ipsa
693 1250 889 1338 alimentis
913 1255 1035 1338 utitur
1047 1313 1063 1360 ,
1088 1277 1157 1338 aut
1184 1170 1255 1339 ilia
1273 1251 1432 1340 tenellis
1455 1264 1613 1372 organis

177 1364 398 1472 concedit,
426 1391 523 1450 tunc
547 1367 661 1452 varia
686 1365 800 1454 exsut
827 1391 900 1454 unt
925 1363 1161 1454 morborum
1190 1391 1449 1452 cutaneonrm
1478 1373 1614 1457 forma

178 1481 219 1564 in
244 1481 382 1564 nostris
407 1479 616 1594 prasertim
638 1398 893 1594 regionibum
918 1507 1010 1567 nam
1037 1477 1264 1566 borealibus
1292 1483 1416 1595 aphtae
1443 1485 1614 1571 maxime

177 1591 392 1680 familiares
405 1594 505 1680 sunt.
527 1591 577 1677 In
591 1597 641 1682 iis
661 1596 759 1682 verb
779 1592 938 1710 populis
955 1597 1025 1706 qui
1042 1592 1215 1683 maxime
1233 1591 1401 1680 calentia
1419 1595 1504 1682 sole
1522 1596 1617 1686 loca

179 1705 394 1816 accolunt,
408 1733 485 1794 nec
508 1734 596 1796 tarn
611 1711 775 1821 turpiter
797 1707 971 1796 foeda'tur
991 1710 1117 1815 cutis,
1139 1735 1216 1794 nen
1234 1710 1486 1824 aphratadeb
1508 1711 1614 1797 fami,

179 1819 295 1906 liares
316 1820 406 1906 sunt
429 1853 444 1922 3
466 1817 565 1908 licet
586 1823 627 1906 in
655 1819 908 1909 humentibus
929 1823 1051 1910 etiam
1078 1821 1128 1910 ad
1146 1823 1361 1908 meridiem
1388 1821 1615 1926 climatibus

180 1941 224 2020 bt
250 1937 419 2020 marium
446 1931 644 2020 littoribus
671 1933 822 2022 Arabes
848 1934 1018 2052 piurima
1038 1937 1157 2023 etiam
1182 1961 1349 2022 cuttnea
1368 1935 1473 2020 mala
1485 1967 1615 2024 anno-

180 2051 360 2152 taverintx
369 2051 411 2132 in
427 2045 652 2134 infantibus.

235 2159 407 2246 Scilicet
427 2164 562 2246 omnia
583 2165 623 2247 in
642 2159 768 2278 primi
787 2185 898 2248 etate
916 2162 1061 2274 origini
1080 2193 1157 2277 pro
1184 2160 1481 2250 iore'cellulosa
1501 2164 1591 2250 sunt
1599 2231 1614 2273 ,

182 2277 280 2360 &in
321 2302 421 2361 artes
432 2273 639 2360 solidiores
655 2273 845 2362 exuberat
858 2273 1109 2390 hincadeps',
1123 2195 1237 2362 iliinc
1251 2281 1338 2392 p'arr
1352 2277 1514 2365 mucosa
1521 2277 1617 2382 ,seu

181 2306 434 2501 lympbatica
453 2387 571 2472 Cutis
586 2390 667 2502 ipsa
681 2389 900 2472 tenuilstma
919 2395 961 2472 bt
979 2389 1203 2476 nitidillrma
1221 2419 1343 2474 muco
1358 2393 1412 2474 ita
1426 2387 1617 2498 imbuitui.

181 2527 228 2588 ut
244 2502 396 2586 viscosa
414 2501 464 2586 ad
481 2505 629 2594 tactum
646 2499 765 2589 'facile
784 2506 1010 2615 reperiatur.
1033 2499 1145 2589 Hinc
1162 2531 1205 2588 er
1234 2531 1261 2586 o
1276 2507 1333 2586 ita
1350 2502 1507 2588 erdralat
1525 2500 1615 2611 illa,
1736 2529 1748 2538 ·

182 2640 228 2700 ut
242 2641 392 2729 vapore
413 2615 609 2698 infantum
630 2612 869 2700 cubaturum
883 2617 1054 2698 vicinior
1068 2534 1350 2729 athmoiphcra
1367 2643 1454 2699 ton
1470 2614 1618 2730 replea·

182 2753 268 2834 tur,
281 2727 463 2840 odorque
474 2732 557 2813 tlrm
577 2731 619 2810 in
632 2725 806 2833 morbis,
825 2733 911 2810 nim
931 2725 1145 2826 insaniente
1157 2725 1316 2812 exhalet
1328 2727 1618 2840 undequaque,

184 2871 268 2927 non
285 2839 411 2952 qualis
486 2838 651 2946 berum,
674 2837 743 2925 sed
764 2839 976 2926 reniffimus
993 2845 1035 2924 bt
1053 2841 1163 2954 pasta
1184 2841 1422 2926 fermentata
1442 2839 1617 2926 aemulun

184 2953 300 3040 Unde
323 2957 365 3038 in
384 2873 592 3040 inibirtium
604 2953 850 3061 diversoriis,
864 2954 935 3038 nist
954 2951 1165 3045 mundities
1189 2955 1340 3038 summa
1361 2951 1592 3040 adhibeatur
1602 3015 1618 3062 ,

184 3069 344 3156 acidum
368 3067 674 3154 fermentescens
704 3066 849 3152 oculos
873 3061 1090 3172 vellicare,
1116 3096 1227 3154 nares
1248 3067 1368 3153 ferire
1393 3077 1433 3154 bt
1456 3068 1618 3182 respira-

184 3185 339 3268 tionem
352 3181 532 3268 inbibere
547 3180 720 3267 valensi
740 3185 945 3296 argitur&
958 3179 1188 3266 diffunditur
1201 3180 1388 3292 undique.
1408 3180 1504 3266 Hbc
1520 3209 1618 3293 ergo

187 3295 308 3380 causac
332 3323 470 3382 omnes
496 3295 544 3380 ad
571 3213 800 3380 nocendum
823 3321 920 3410 aptae
945 3295 1182 3401 confluunt,
1211 3296 1281 3379 nist
1304 3293 1434 3406 aliqua
1457 3296 1621 3378 interior

187 3437 273 3523 para
297 3411 497 3494 infirmato
521 3435 661 3496 tenore
688 3435 840 3522 partem
865 3403 1026 3492 maliin
1049 3407 1091 3493 se
1117 3408 1325 3523 suscipiat,
1351 3437 1433 3521 quo
1461 3411 1502 3491 in
1517 3405 1621 3490 casu

187 3518 326 3610 uitales
347 3523 425 3608 elle
448 3523 615 3608 infantes
639 3521 806 3610 difficile
829 3523 894 3608 est.
1242 3557 1250 3566 .
1282 3551 1314 3564 ..
1344 3558 1346 3567 ,
1420 3551 1441 3596 ἢ,
1473 3586 1478 3594 ¹
1543 3584 1546 3592 ι

241 3634 374 3720 Ροιιὸ
401 3663 452 3720 ex
481 3637 603 3720 causis
630 3665 714 3742 qua
743 3639 786 3722 in
811 3633 1034 3722 infantilem
1063 3658 1217 3718 atatem
1240 3658 1398 3748 agunt,
1419 3661 1502 3720 tres
1535 3631 1624 3718 sunt

189 3749 392 3864 praecipnae
414 3745 504 3830 antb
524 3745 618 3834 aliar
637 3747 874 3864 speblandae,
896 3749 1090 3856 dentitin,
1114 3749 1373 3856 nutritio&
1388 3751 1484 3832 aeria
1504 3749 1621 3862 attio,

189 3859 298 3946 Clrm
314 3860 446 3966 enim,
459 3863 548 3950 nim
560 3862 603 3944 in
614 3859 823 3946 exhalante
832 3859 1020 3972 liquido,
1038 3865 1130 3948 nim
1141 3864 1188 3946 in
1208 3885 1455 3946 curret-nenne·
1470 3883 1622 3972 organo

192 3976 333 4058 vitium
347 3973 604 4086 ponit-nare,
617 3976 694 4060 tria
709 3969 781 4058 illa
806 3973 1007 4060 'caularum
1029 4003 1175 4090 genera
1196 3969 1391 4085 quc,.vel
1408 3969 1625 4059 inlerdrala·

192 4091 367 4193 tionem,
394 4085 463 4174 vel
492 4090 535 4172 in
561 4091 718 4174 obem
739 4086 1085 4203 palpitationem,
1108 4086 1622 4206 telin-utramqueragunt,

191 4203 406 4300 maximam
425 4204 915 4289 &emanationem-
976 4213 1078 4280 3‘11
1128 4266 1164 4282 .,
1201 4197 1234 4306 ’ᾗ
1355 4207 1447 4304 ¹¹1⁴!
1547 4221 1571 4248 ·’
1611 4223 1619 4258 ·’

248 4313 432 4400 Dentitio
452 4339 538 4400 tota
560 4341 703 4400 nervea
721 4318 786 4399 est.
808 4316 891 4402 Hic
909 4315 994 4401 loci
1012 4342 1095 4396 non
1114 4313 1169 4395 est
1180 4310 1495 4396 meclrnnismnm
1510 4311 1625 4420 illum

189 4425 615 4516 mirabilemenurbre
644 4431 725 4537 quii
757 4427 981 4514 mdinreuua·
1006 4419 1474 4512 dentiurnrexfalv'eolari
1502 4455 1624 4512 muco

191 4540 413 4628 sortirentur
427 4604 456 4651 „
469 4541 675 4647 crescunt,
699 4563 856 4624 murm
882 4536 1114 4624 londinenna
1136 4537 1312 4738 ipfafipre
1336 4543 1625 4656 gingivasper·

192 4653 353 4764 forant,
371 4657 559 4740 mn'fine
576 4651 1242 4770 spafirnn,in‘lanrruatiuneque.qu
1261 4651 1444 4769 ‘plurimi
1463 4675 1628 4768 pereunt

192 4768 379 4878 inianter,
391 4765 1025 4882 minlnquidmnnrlincifinorum
1038 4763 1496 4896 durdrnueruptionem‚
1509 4765 1628 4877 quim

192 4880 250 4972 an
271 4910 407 4970 omum
427 4881 678 5055 pbttrliumm
700 4883 1086 4996 tauinprumlatque
1099 4879 1348 4988 molaribus
1373 4879 1541 4968 sufficiat
1558 4879 1628 4968 bie
