4228 5898
450 433 538 514 'noo
706 399 812 492 DE
853 391 1153 489 MORBIS
1208 393 1608 486 CUTANEH

452 567 670 674 latitantia,
695 573 867 681 'quotum
890 562 1049 676 quidem
1081 559 1253 648 maxime
1283 561 1433 647 feraces
1461 561 1553 646 sunt
1579 559 1758 668 Asrlcae,
1784 557 1884 648 Asta

451 709 573 880 iiiii
585 683 1090 880 scissibilis
1107 672 1880 902 ssgssusgbfssffissfflffig

452 917 495 997 lit
515 904 664 994 Arabes
681 907 766 992 &S
794 905 857 988 ria
878 899 1041 986 Accola
1111 899 1216 983 edici
1231 899 1281 984 de
1300 903 1349 984 iis
1362 901 1479 985 fustus
1499 900 1777 1010 differuenmt,
1795 905 1880 988 imo

449 1023 582 1132 &qui
610 1017 659 1106 ad
688 936 830 1136 insulas
851 1015 997 1100 nostras
1014 1013 1272 1098 Amricanas
1297 1011 1545 1098 Medicinam
1572 1041 1691 1129 atque
1713 1017 1880 1104 Chirur-

450 1138 556 1247 giam
569 1133 748 1218 fecerunt
769 1125 882 1242 plura
907 1127 959 1213 dc
983 1129 1031 1210 iis
1042 1126 1259 1242 proferunt.

504 1248 543 1332 A
600 1244 721 1330 dnos
746 1269 821 1356 pro
843 1237 1066 1327 indubitato
1090 1235 1237 1324 morbo
1261 1233 1443 1322 habenda
1467 1239 1521 1322 est
1545 1238 1774 1347 pltt'pmn,
1798 1247 1877 1330 live

448 1385 539 1448 tnor
566 1389 611 1442 us
630 1351 888 1470 pedicularis;
909 1356 962 1438 ait
981 1351 1142 1465 quidem
1155 1347 1311 1434 Coelius
1326 1347 1559 1438 Aurelianus
1572 1355 1781 1466 pediculos
1795 1360 1878 1442 hoc
1993 1453 1997 1462 ¹

449 1471 492 1556 in
510 1465 655 1554 morbo
678 1465 880 1552 nascentes
899 1463 1080 1580 vulgares
1100 1491 1184 1548 non
1198 1462 1277 1549 elle
1289 1524 1304 1570 ‚
1317 1461 1385 1547 sed
1404 1466 1589 1579 ignotos,
1609 1463 1878 1578 latiores,·du⁴
2005 1527 2010 1536 x

447 1611 538 1689 ros,
555 1589 598 1667 ὁ(
610 1605 654 1666 ut
676 1585 731 1666 ait
751 1577 984 1667 Plutarchus
1002 1583 1045 1662 in
1057 1575 1140 1662 viti
1156 1575 1261 1660 Luc.
1276 1573 1396 1688 Sylla
1409 1637 1424 1684 ,
1439 1579 1520 1687 quo
1532 1575 1767 1668 tollerennu
1785 1581 1878 1698 plu·
2020 1657 2024 1662 .

265 1698 275 1716 ’
446 1722 531 1802 tes,
545 1698 597 1780 eb
611 1698 731 1780 etiam
745 1695 869 1807 magis
882 1691 1214 1778 recrudescentes.
1232 1688 1361 1884 (pund
1376 1716 1455 1806 ego
1470 1692 1636 1777 viderim
1650 1697 1757 1780 circa
1771 1699 1879 1782 hane

446 1804 842 1921 materiem'proferte
863 1802 1026 1889 licebit:
1047 1801 1177 1920 plures
1196 1800 1249 1887 ob
1267 1805 1398 1887 ervavi
1422 1831 1566 1918 pueros
1588 1831 1705 1918 atque
1724 1805 1877 1924 puellas

446 1947 500 2006 ex
523 1947 668 2018 corum
691 1946 837 2034 genere
865 1920 932 2028 qui
956 1919 1079 2002 flavos
1107 1941 1248 2031 gerunt
1276 1912 1442 2028 capillos
1466 1943 1679 2030 cutemque
1699 1947 1876 2008 teneram

448 2041 492 2120 dt
516 2031 722 2150 praealbam
745 2059 795 2114 ex
825 2028 963 2114 albore
982 2028 1056 2114 illo
1074 2027 1243 2114 mucoso
1268 2029 1337 2138 qui
1363 2035 1454 2112 cum
1478 2029 1605 2116 oculis
1628 2032 1779 2121 summe
1793 2035 1876 2152 pla*

447 2171 566 2252 ceat,
591 2145 789 2236 defessum
809 2171 942 2230 umen
961 2146 1088 2257 arguit
1107 2141 1262 2226 ruboris
1281 2144 1324 2225 in
1348 2140 1548 2256 sanguine.
1568 2143 1627 2228 Hi
1647 2144 1875 2264 digestioni·

446 2255 522 2344 bus
546 2255 821 2372 languentibus
841 2259 1105 2367 coslioneque
1125 2255 1264 2340 leviter
1287 2250 1514 2362 laborante,
1547 2254 1753 2371 odoreque
1771 2263 1873 2350 cutis

448 2367 693 2481 aliquatenus
717 2370 868 2456 sracido
880 2428 895 2477 ,
923 2369 1071 2454 medias
1092 2373 1194 2454 inter
1220 2365 1492 2452 famulantium
1518 2366 1780 2460 sollicitorum
1803 2401 1873 2462 cu*

443 2511 507 2567 tas
541 2482 586 2566 sae
661 2481 852 2597 pediculis
885 2483 1109 2567 infestantur
1142 2481 1387 2588 numerosis,
1415 2480 1557 2592 quibus
1584 2485 1649 2566 alli
1678 2493 1759 2572 nati
1786 2513 1874 2576 non

443 2595 563 2710 possit
602 2625 731 2703 ocus,
758 2625 832 2681 nec
845 2595 1017 2680 exeundi
1032 2657 1047 2701 ,
1063 2620 1138 2678 nec
1153 2592 1311 2678 nidulos
1326 2594 1527 2708 ponendi;
1554 2513 1688 2712 capili·
1709 2599 1871 2717 quidem

442 2707 1090 2906 spississimis&
1108 2703 1870 2908 {iliilihiiiiinliiimin‘
1986 2863 1989 2870 ι

442 2959 491 3014 ut
510 2932 691 3038 videtur,
707 2937 939 3045 praecipuam
960 2929 1030 3014 fibi
1055 2930 1186 3017 sedem
1207 2880 1428 3044 seligetites.
1445 2933 1537 3020 Hos
1552 2856 1870 3056 exbnumiipbl

444 3043 631 3128 dermidis
653 3069 858 3158 erumpere
880 3040 1013 3126 &sub
1037 3040 1115 3126 illis
1142 3041 1371 3128 delitescere
1394 3073 1443 3129 ex
1471 3047 1563 3132 inde
1588 3047 1796 3156 conjeiiari
1820 3053 1871 3140 li·

323 3219 329 3228 ’
443 3152 973 3354 iiirqiiiiisi'iwii
989 3153 1469 3358 ”isabellis
1494 3159 1869 3364 ”assises

440 3409 514 3467 ses.
535 3299 665 3468 Raris
688 3295 1038 3476 omnina'nqsorbis
1056 3385 1123 3485 hic
1141 3385 1194 3468 est
1211 3386 1312 3470 inter
1335 3303 1554 3472 adultosp&
1569 3386 1768 3494 valentes,
1781 3309 1869 3482 nbnn

441 3525 550 3580 rarus
569 3498 610 3578 in
639 3492 838 3582 silicerniis
858 3491 937 3580 illis
965 3494 1284 3609 decrepitisque,
1314 3526 1392 3583 nec
1416 3499 1486 3582 nist
1507 3501 1551 3584 in
1578 3499 1775 3592 debilibus
1800 3533 1870 3598 aut

439 3633 553 3694 atate
575 3633 641 3692 aut
665 3610 891 3692 infirmitate
920 3633 1139 3694 annotatur.
1164 3609 1255 3696 Imb
1281 3639 1366 3696 non
1392 3609 1539 3716 semel,
1567 3641 1652 3698 non
1678 3612 1769 3726 bis,
1796 3619 1864 3710 sed

467 3717 585 3806 luries
604 3721 686 3806 vidi
706 3723 748 3804 in
770 3715 1136 3808 convalescentibus
1161 3718 1184 3806 ia
1206 3720 1356 3812 morbis
1377 3725 1613 3812 eacheaicis
1634 3755 1702 3813 aut
1717 3729 1870 3820 febrili·

438 3753 535 3944 bus,
550 3831 619 3916 sed
637 3833 661 3918 b
677 3829 807 3918 setosi
828 3831 1005 3918 colluvie
1020 3838 1181 3941 mixtis,
1209 3833 1307 3951 saeps
1331 3839 1413 3922 vim
1432 3841 1633 3952 ingentem
1657 3844 1866 3956 pediculo·

440 3974 529 4030 nun
549 3949 657 4032 exire
667 4008 680 4055 ,
697 3975 781 4032 non
792 3973 843 4032 ex
867 3973 918 4030 eo
932 3970 1077 4060 genere
1099 3977 1201 4058 quos
1215 3947 1412 4065 descripsit
1430 3949 1587 4037 Coelius
1605 3951 1862 4070 Aurelianus,

440 4057 509 4142 sed
540 4059 772 4172 vulgarium.
811 4059 919 4144 Inter
959 4083 1126 4144 cucanea
1163 4059 1305 4147 inseeia
1342 4060 1498 4153 nullum·
1537 4064 1649 4151 dntut
1676 4067 1860 4160 iamofius

436 4167 773 4370 &Offilium
789 4171 840 4260 de
862 4169 940 4286 qua
957 4170 1125 4258 dicendi
1137 4199 1188 4257 ex
1201 4171 1371 4261 aliorum
1390 4179 1618 4265 ausloritate
1636 4177 1753 4270 locus
1765 4183 1862 4280 alibi

496 4309 520 4366 e
645 4308 700 4368 et⁷
1441 4309 1446 4318 '

450 4383 456 4392 ’
821 4393 855 4478 C
882 4395 923 4480 0
950 4398 993 4484 R
1025 4400 1066 4486 Ο
1094 4397 1130 4486 L
1158 4397 1194 4486 L
1221 4398 1267 4486 A
1294 4397 1337 4485 R
1365 4400 1394 4486 1
1416 4401 1473 4488 A.

391 4629 403 4648 ”
490 4617 538 4704 In
562 4613 669 4704 tanti
700 4615 912 4704 effeeuum
942 4618 1163 4712 diversitate
1193 4625 1293 4721 nihil
1324 4629 1450 4742 magis
1474 4627 1629 4714 baterest
1658 4625 1776 4742 quim
1797 4631 1862 4720 fe·

435 4729 528 4820 dula
552 4738 594 4816 ὁ(
614 4727 685 4814 dili
713 4759 782 4816 ens
810 4731 1012 4818 causantem
1032 4761 1104 4822 cos
1128 4737 1383 4828 inserentium
1396 4738 1600 4828 meditatio
1623 4769 1740 4856 atque
1755 4773 1860 4831 con-

435 4841 653 4961 templatio.
738 4841 997 4960 quiquidem
1021 4847 1139 4936 ardui
1161 4850 1259 4968 saeps
1280 4851 1457 4970 diagnoli
1482 4851 1564 4944 duo
1584 4853 1859 4948 saltemnobia
