4292 5904
456 305 592 495 ¹632,
929 361 1479 468 DE'MORBIS

494 573 623 666 partes
649 552 801 632 rantum
818 535 918 654 ;'qui
944 543 1178 630 universales
1200 545 1315 649 sunt,
1344 541 1469 655 uulgb
1498 533 1681 620 dolorem
1700 527 1772 615 vix
1795 525 1928 616 ullum

485 665 726 767 concitant,
750 662 834 740 imb
851 655 917 740 vel
929 661 997 740 vix
1050 659 1320 771 ercipiendum
1338 679 1566 755 tumorem,
1585 657 1627 730 dt
1649 644 1747 760 saepe
1770 643 1927 728 sacilibs

494 775 707 858 difflantur.
735 771 907 853 Memini
920 771 1002 852 vidi
1033 797 1135 853 eme
1154 769 1369 886 puellulam
1390 761 1557 848 delicatis
1571 761 1787 842 distinslam
1807 784 1898 840 cute
1904 815 1925 864 ,

495 917 580 998 quae
599 887 701 968 inter
720 882 921 966 violentos
939 882 988 964 ad
1010 881 1143 965 alvum
1166 878 1442 995 deponendam
1466 881 1601 978 nixus,
1626 869 1757 953 subito
1780 865 1926 999 rubore

489 1000 616 1082 totibs
637 998 752 1079 saciei
769 994 895 1078 suerat
917 1023 1125 1109 correpta,
1142 1022 1186 1078 ut
1205 999 1339 1078 omnia
1364 991 1481 1074 faciei
1504 985 1662 1092 vascula
1684 979 1927 1112 subtilrllimd

490 1109 705 1217 injeuione
733 1108 881 1221 repleta
906 1107 1072 1192 dixisses.
1105 1107 1241 1192 Plures
1269 1108 1353 1190 dies
1379 1105 1539 1217 peistitit
1567 1096 1716 1180 malum
1728 1159 1743 1200 ,
1773 1093 1928 1224 aliquot

490 1248 628 1308 tamen
643 1223 795 1306 dierum
815 1221 939 1334 spatio
954 1221 1215 1328 evanescens,
1238 1250 1319 1302 non
1340 1220 1419 1301 stne
1438 1209 1657 1298 furfuraceai
1673 1205 1930 1322 epidermrdis

494 1337 740 1450 separatione
763 1367 776 1434 3
803 1337 1043 1448 herpeticam
1069 1332 1237 1440 jurasses.
1270 1334 1383 1416 Idem
1405 1329 1427 1410 s
1449 1327 1534 1412 sole
1557 1326 1703 1408 sadum
1726 1319 1928 1450 innsronte

495 1451 608 1554 vidi,
646 1479 727 1532 non
758 1473 891 1530 tamen
924 1449 1003 1530 fine
1058 1452 1180 1530 ruritu
1197 1509 1211 1553 ‚
1245 1447 1312 1555 qui
1341 1440 1526 1526 omnibus
1557 1437 1666 1520 hisce
1696 1429 1811 1516 malis
1839 1431 1927 1548 pllrs

493 1565 625 1645 minlrs
651 1563 874 1644 communis
908 1562 973 1643 est.
1049 1591 1127 1643 unc
1156 1557 1320 1643 rubores
1347 1553 1438 1660 illi,
1470 1581 1576 1638 nunc
1600 1545 1791 1651 dolores,
1820 1573 1929 1634 nunc

495 1673 603 1761 varie
626 1699 843 1788 pungentes
870 1698 989 1782 atque
1012 1670 1253 1755 lancinantes
1278 1669 1463 1772 macula,
1489 1667 1573 1748 imo
1595 1687 1736 1746 omnes
1757 1659 1928 1770 eryfipe·

496 1785 586 1874 latis
613 1787 754 1900 gradus
781 1784 988 1868 nascuntur
999 1847 1014 1890 ,
1040 1790 1108 1894 qui
1130 1785 1299 1868 cessante
1322 1781 1444 1864 causa
1468 1777 1703 1861 concitantis
1726 1769 1926 1876 efficacii,

492 1897 775 1984 conticescunt
808 1896 924 1978 serius
955 1901 1105 2007 ocyus,
1135 1907 1177 1984 δι
1204 1895 1328 2008 vulgi)
1355 1895 1434 1976 sme
1460 1887 1649 2010 periculo
1678 1883 1766 1970 ullo
1792 1887 1925 2018 perio-

494 2014 596 2094 dum
617 2007 777 2092 brevem
800 2008 1024 2090 decurrunt.
1050 2009 1160 2122 Sapb
1181 2011 1227 2092 fit
1244 2035 1376 2091 tamen
1397 2032 1464 2111 ut,
1490 2009 1532 2088 in
1555 2002 1696 2084 acriori
1717 1997 1924 2112 prasertim

492 2121 736 2206 insolatione
748 2178 765 2223 ,
791 2116 1024 2230 phlysloenae
1046 2126 1271 2208 exoriantur
1294 2117 1461 2222 majores
1487 2113 1603 2227 quim
1637 2115 1838 2225 expeslare
1864 2107 1923 2192 sas

496 2233 595 2318 ellet
610 2231 658 2314 ab
673 2235 744 2314 isto
763 2230 997 2344 erysipelatis
1013 2233 1149 2345 gradu.
1172 2232 1245 2314 Hae
1262 2231 1433 2344 pendent
1453 2226 1475 2309 ὲ
1492 2226 1685 2313 violenter
1701 2221 1919 2306 exsecante

497 2346 700 2429 radiorum
729 2340 913 2426 solarium
944 2344 1136 2450 efficacii.
1166 2345 1328 2427 Norun't
1355 2346 1436 2424 hoc
1464 2340 1649 2425 accidens
1673 2333 1821 2418 urbana
1843 2330 1920 2416 illae

498 2463 559 2543 vir
588 2454 738 2541 unculae
760 2485 856 2566 quas
876 2453 941 2540 vel
964 2460 1096 2565 casus,
1117 2454 1182 2546 vel
1208 2461 1262 2538 im
1293 2455 1470 2538 rudentia
1493 2457 1619 2538 aestivo
1644 2448 1718 2534 soli
1748 2442 1925 2550 objecit,

497 2489 641 2681 quibus
669 2563 765 2683 sape
788 2577 830 2652 ὃ(
880 2568 1086 2682 hlysloenae
1097 2634 1111 2678 ,
1145 2580 1187 2654 bt
1211 2487 1373 2654 rubores
1397 2566 1445 2648 ab
1461 2571 1625 2650 afflone
1648 2559 1765 2646 solari
1786 2563 1925 2646 conci·

494 2709 639 2767 tantur.
665 2678 824 2791 Quibus
840 2599 1033 2796 discussis,
1050 2709 1252 2768 remanent
1270 2678 1367 2794 sape
1383 2678 1591 2796 lentigines
1607 2685 1650 2762 dt
1667 2673 1833 2759 macula
1851 2673 1926 2774 illa

496 2792 524 2878 s
544 2794 629 2878 sole
647 2795 698 2879 de
716 2790 857 2904 quibus
878 2793 972 2880 alibi
990 2799 1119 2881 aslum
1139 2798 1214 2903 est,
1240 2796 1333 2880 crim
1345 2793 1402 2877 ad
1423 2792 1548 2880 solam
1568 2791 1713 2876 faciem
1733 2793 1925 2914 pertinere

496 2937 583 2998 non
609 2906 782 2991 dicendae
809 2907 892 2992 srnt.

546 3023 666 3106 Aetio
682 3020 908 3108 earumdem
923 3023 1138 3128 causarum,
1157 3019 1223 3104 sed
1240 3017 1319 3102 alio
1336 3019 1460 3104 modo
1476 3020 1752 3120 determinata,
1766 3014 1926 3105 rubores

499 3135 716 3248 peculiares
742 3134 921 3239 mnaso,
951 3135 1105 3219 auribus
1136 3137 1259 3246 potest
1292 3132 1491 3217 inducere.
1522 3135 1613 3218 Imb
1646 3141 1689 3218 dt
1724 3131 1847 3244 frigus
1878 3127 1924 3216 ad

500 3274 747 3438 gangrenam
769 3243 891 3354 usque
910 3249 1061 3332 intendi
1081 3248 1225 3360 potest,
1246 3245 1454 3360 prasertim
1474 3251 1514 3331 in
1539 3244 1924 3359 septentrionalibus,

531 3357 623 3442 orel
636 3359 779 3465 flante,
797 3357 1050 3470 regionibus3
1071 3388 1154 3469 quoe
1174 3362 1308 3440 omnia
1326 3359 1610 3472 symptomata,
1623 3365 1715 3444 curn
1738 3362 1788 3446 ad
1804 3367 1923 3448 cutim

501 3469 629 3556 solam
652 3501 735 3556 non
758 3471 960 3556 reserenda
984 3473 1079 3581 srnt,
1102 3467 1150 3558 ab
1176 3466 1397 3556 austoribus
1423 3473 1473 3556 ad
1499 3473 1598 3565 alios
1630 3477 1813 3564 trasistus
1846 3475 1923 3586 jure

501 3587 651 3668 merito
667 3585 897 3668 referuntur.

558 3697 639 3781 Sed
652 3701 693 3778 in
707 3723 852 3809 genere
862 3694 962 3784 illud
979 3726 1029 3781 ex
1045 3687 1186 3812 nasuta
1200 3697 1377 3813 legibus,
1397 3699 1508 3784 simul
1520 3726 1635 3810 atque
1651 3697 1924 3786 observatione

499 3812 678 3915 constat,
706 3806 869 3892 rubores
898 3807 990 3893 illos
1016 3813 1082 3922 qui
1109 3815 1150 3894 in
1177 3812 1279 3897 facie
1307 3817 1541 3918 naseuntur,
1568 3815 1596 3896 li
1628 3843 1748 3896 unam
1777 3819 1923 3898 tanrirm

500 3949 651 4039 partem
669 3947 892 4037 occupant,
913 3930 954 4006 dr
971 3926 1260 4038 pervicaciores
1276 3927 1377 4026 elle,
1398 3935 1438 4010 br
1455 3929 1577 4040 magis
1598 3928 1793 4040 punslurae
1812 3927 1925 4038 atrjue

500 4037 718 4152 pruritrium
748 4037 950 4129 concitare
958 4097 973 4140 ‚
999 4035 1115 4146 quim
1138 4039 1165 4120 li
1189 4041 1230 4119 in
1252 4041 1469 4124 universam
1492 4067 1642 4154 partem
1662 4037 1924 4146 decumbant,

375 4175 378 4182 ·
499 4153 768 4233 concontrario
791 4145 944 4232 scilicet
961 4147 1144 4263 spiculis,
1167 4159 1208 4233 br
1233 4177 1390 4236 tumore
1412 4157 1536 4266 magis
1564 4147 1744 4256 sublato,
1772 4149 1925 4235 obvim

499 4265 587 4342 vita:
616 4259 921 4368 violentiorem,
954 4262 1064 4372 quod
1093 4262 1321 4372 quotidiana
1347 4267 1586 4381 experientia
1616 4263 1853 4376 comprobat
1885 4269 1925 4350 in

499 4368 578 4454 illis
602 4371 773 4487 partibus
797 4403 889 4484 quas
912 4378 1120 4486 perniones
1148 4402 1357 4490 occupant.

410 4565 416 4580 ,
553 4483 752 4570 Omnibus
781 4485 889 4570 hisce
920 4483 1128 4571 ruboribus
1144 4551 1158 4593 ‚
1188 4491 1272 4570 imo
1300 4489 1349 4572 ad
1372 4489 1605 4604 erysipelatis
1622 4487 1743 4598 usque
1762 4489 1924 4604 gradum

382 4611 391 4630 '
499 4593 825 4706 ascendentibus,
864 4601 1015 4681 curatio
1052 4601 1190 4684 eadem
1231 4606 1435 4717 competit.
1479 4601 1652 4686 Primitm
1691 4603 1795 4684 enim
1838 4601 1926 4688 ante

499 4709 633 4793 omnia
665 4713 808 4794 attente
839 4709 1164 4797 considerandum
1192 4717 1245 4796 est
1276 4741 1398 4824 quota
1453 4747 1511 4800 ars
1540 4717 1586 4797 stt
1613 4715 1699 4798 vitii
1731 4717 1926 4798 interioris
2020 4741 2024 4746 ·

495 4825 538 4908 in
567 4819 728 4918 illorulu
759 4823 947 4910 ruborum
978 4825 1273 4940 produsiione3
1304 4857 1386 4940 qua
1418 4747 1450 4913 l
1475 4825 1584 4913 nulla
1613 4827 1686 4937 fit,
1722 4855 1807 4910 non
1835 4827 1925 4910 ideb

1796 4965 1925 5024 tamea
