4136 5892
472 446 553 526 130
739 361 1182 502 nunonem
1237 407 1645 501 cursuum.

469 579 602 696 plures
720 580 872 667 menses
898 583 1070 680 iterare3
1106 577 1212 663 undb
1240 605 1413 694 apertam
1434 577 1505 663 srbi
1527 581 1635 666 viam
1655 575 1809 664 taleme
1829 607 1899 664 na-

468 721 556 778 mra
581 607 753 779 risbeerfiat
767 757 781 802 ‚
810 699 852 780 bt
881 719 1035 778 ueteres
1069 695 1197 776 ruinas
1221 691 1403 777 vasorum
1436 719 1695 777 cutaneorum
1722 721 1900 808 reparare

461 805 604 894 discat.
629 807 744 891 Unde
768 811 887 891 etium
912 805 1083 890 maxime
1105 803 1345 890 saudmdum
1366 807 1420 890 est
1444 833 1586 890 eorum
1605 803 1811 890 confilium
1831 808 1900 916 qui

467 947 514 1005 ut
537 923 659 1006 tristes
688 917 872 1031 reliquias
898 917 920 1002 ὲ
950 918 1207 1034 deputatione
1228 917 1453 1032 supeoiites‘
1471 920 1616 1034 poffint
1642 946 1899 1003 averruncare

465 1041 511 1120 bt
526 1034 743 1118 admodum
756 1058 979 1147 prooerere,
1001 1030 1151 1136 solent,
1177 1031 1259 1114 non
1286 1029 1363 1115 uns
1385 1036 1503 1138 vice,
1526 1057 1695 1144 ugrotos
1716 1032 1897 1140 adaquas

465 1145 677 1231 minemles
711 1143 965 1230 bituminosas
1000 1153 1043 1228 ὅ(
1086 1143 1224 1229 balnea
1256 1173 1391 1230 earum
1423 1143 1651 1230 molliffima
1678 1145 1897 1229 amandare.

466 1259 628 1370 Quibus
642 1255 846 1363 adhibitis,
861 1261 1004 1342 mimm
1020 1261 1073 1342 est
1089 1283 1238 1367 quanto
1251 1261 1399 1373 impetu
1415 1257 1589 1372 prosiliat
1597 1259 1825 1374 perspiratio
1840 1261 1898 1340 in·

464 1369 630 1479 soumis,
653 1378 696 1454 δι
712 1367 825 1456 simul
846 1397 1054 1455 tenuentur
1070 1369 1325 1456 crassamento
1347 1369 1528 1487 lymphae.

523 1485 626 1595 Quae
655 1488 748 1566 cion
782 1481 966 1570 divitibus
1003 1481 1096 1568 solis
1133 1507 1225 1568 corn
1345 1509 1437 1567 tut
1475 1482 1687 1598 plurimum
1722 1486 1896 1594 itinera,

463 1600 575 1684 vemi
596 1599 784 1712 temporis
807 1600 1005 1684 emicante
1029 1621 1197 1710 tepore,
1222 1509 1437 1680 ffiisera
1460 1594 1565 1680 lenia
1589 1596 1767 1710 proderit
1791 1596 1900 1682 usur·

464 1710 601 1824 passe,
629 1738 709 1821 quo
729 1707 916 1824 pleniore
949 1705 1211 1794 &uberiore
1237 1711 1347 1794 fluxu
1374 1708 1602 1904 perspiratio
1632 1709 1898 1794 intumescen-

428 1895 432 1900 .
463 1849 522 1908 tes
552 1849 710 1908 atomos
737 1822 930 1908 extrudat.
951 1824 1158 1906 Autumno
1186 1825 1284 1907 verb
1306 1826 1372 1906 inc
1392 1826 1557 1926 'nante‚
1597 1826 1690 1905 cum
1716 1822 1898 1906 densatur

466 1939 567 2020 cutis
580 1998 596 2043 ‚
622 1938 856 2050 stringuntur
879 1933 968 2021 v'asa
980 1999 995 2042 ‚
1028 1935 1160 2020 srstitur
1191 1963 1242 2019 ex
1267 1961 1409 2018 naturae
1440 1935 1664 2020 neceffitate
1682 1935 1896 2018 humorum

464 2046 515 2130 nd
539 2045 663 2132 cutim
692 2050 892 2243 serpentia
915 2111 929 2155 ,
953 2047 1108 2164 prodest
1136 2045 1268 2132 alvum
1294 2046 1506 2132 sollicitare
1528 2049 1787 2153 catharticis,
1813 2051 1897 2159 qui-

465 2157 538 2244 bus
568 2159 617 2244 ad
651 2163 729 2245 ima
774 2184 930 2246 emmor
1014 2187 1090 2251 rtes
1125 2165 1287 2246 nocivrt.
1317 2161 1446 2271 Quod
1475 2189 1564 2244 =non
1598 2187 1680 2243 uno
1711 2189 1784 2274 pro
1810 2189 1898 2274 gra·

464 2275 588 2358 vitate
612 2273 742 2356 morbi
761 2277 801 2355 in
816 2189 1180 2402 npcbbiendum
1190 2337 1204 2381 ,
1225 2269 1291 2358 sed
1312 2273 1431 2358 etiam
1474 2272 1577 2358 sures
1591 2273 1810 2357 iterandum
1825 2301 1896 2390 per

465 2413 590 2468 annos
611 2377 1147 2472 chronicommmorboturn
1171 2391 1332 2501 cognita
1356 2303 1580 2500 consbtutio
1597 2388 1781 2500 precipit.

521 2495 579 2580 Hi
599 2498 687 2582 sunt
703 2498 833 2586 morbi
858 2504 924 2612 qui
948 2498 1031 2610 jure
1049 2503 1191 2586 meritb
1220 2527 1271 2584 ue
1292 2499 1342 2584 de
1369 2499 1635 2584 ura'toriorum
1659 2527 1807 2584 nomen
1824 2496 1894 2584 stbi

464 2610 697 2717 vindicant,
719 2613 863 2724 quique
884 2614 953 2695 srm
982 2613 1163 2698 liciorem
1178 2529 1249 2696 nbi
1259 2641 1324 2698 me
1354 2617 1496 2696 'cinam
1514 2609 1719 2727 postulant.
1738 2609 1831 2694 Hos
1844 2607 1895 2696 ab

465 2745 575 2806 etate
605 2727 818 2836 incipiente
855 2724 904 2809 ad
932 2645 1096 2810 uitimos
1130 2723 1253 2838 usque
1280 2729 1367 2810 vite
1394 2725 1495 2824 fines
1521 2750 1592 2839 per
1617 2726 1734 2807 aeuns
1759 2721 1894 2806 discri-

378 2863 390 2886 ⁴
464 2837 571 2919 mina
593 2835 831 2922 distinximus
846 2833 862 2944 '‚
897 2844 989 2922 cum
1012 2837 1077 2924 uel
1112 2836 1171 2921 illi
1206 2833 1255 2921 ad
1284 2836 1406 2922 varias
1441 2840 1529 2922 vitae
1557 2833 1742 2952 periodos
1776 2863 1892 2952 appa-

464 2971 574 3028 reant
588 3005 602 3050 ‚
632 2946 698 3030 vei
720 2975 858 3036 eorum
881 2947 1013 3057 ioco,
1051 2973 1130 3034 aut'
1146 2948 1311 3034 ledrales
1339 2941 1493 3056 morbi,
1521 2975 1589 3032 aut
1622 2946 1748 3033 febres
1774 2950 1893 3032 intet-

464 3058 692 3164 mittentes‚
721 3085 788 3142 aut
810 3063 1029 3146 arthritides
1051 3122 1065 3168 ‚
1089 3063 1328 3176 nephritides
1339 3123 1354 3169 ‚
1380 3065 1496 3146 variis
1528 3059 1732 3145 insultibus
1760 3062 1893 3145 homi·

463 3195 556 3298 nem
586 3173 830 3303 conficiant3
856 3167 998 3286 quibus
1023 3178 1091 3260 vix
1118 3177 1170 3260 est
1194 3172 1333 3286 aliquis
1358 3177 1485 3258 homo
1513 3172 1736 3290 longaevam
1775 3201 1895 3289 agens

463 3306 585 3366 urtam
604 3309 670 3392 qur
695 3311 837 3368 careat.
1745 3334 1753 3348 ⁸

470 3440 475 3449 ·
519 3393 642 3478 Nunc
664 3397 837 3510 ergolad
862 3423 934 3481 eos
960 3398 1077 3482 nobis
1109 3393 1318 3514 superesset
1341 3395 1617 3484 transeundum
1640 3402 1709 3512 qui
1729 3397 1895 3514 depura-

463 3505 556 3590 t'otii
582 3534 665 3592 non
690 3509 779 3593 sunt
799 3511 984 3616 assessus,
1016 3521 1058 3596 δι
1078 3511 1144 3596 vel
1171 3509 1219 3595 ab
1245 3509 1480 3596 exundante
1481 3511 1667 3626 pendent
1697 3515 1896 3624 cacochy-

461 3617 568 3724 mis,
585 3619 652 3704 vei
671 3618 873 3736 irproptio
898 3627 999 3706 cutis
1017 3627 1143 3732 viti0,
1164 3627 1199 3706 si
1222 3647 1304 3708 non
1324 3626 1598 3710 intermediam·
1616 3613 1896 3710 constituerent

463 3727 621 3821 classem
646 3727 702 3816 illi
727 3723 1123 3848 quibimus-ratione
1149 3737 1200 3822 de
1227 3741 1388 3820 ututorii
1414 3733 1496 3824 sese
1519 3733 1745 3847 {sequenter
1764 3733 1897 3823 oculis

462 3845 598 3927 nostris
617 3843 863 3954 obtrudunt,
884 3855 934 3931 bt
955 3841 1052 3962 sepe
1069 3849 1169 3934 vanb
1191 3767 1362 3934 ibu'dunt
1387 3852 1545 3962 specie,
1569 3847 1775 3962 sormbque
1798 3879 1895 3964 pro·

461 3957 664 4059 theiformi
683 3981 698 4063 ,¹
716 3958 835 4072 ‘spem
860 3964 1181 4092 asponensium,
1217 3987 1302 4045 turn
1328 3969 1463 4076 aegrori
1489 4025 1502 4068 ,
1537 3988 1620 4047 tum
1642 3962 1809 4048 'Medici
1836 3965 1898 4048 vi-

463 4065 801 4182 denturqvincere.
824 4071 1012 4179 Etenrm,
1035 4100 1139 4156 nuno
1160 4077 1238 4170 huc
1260 4071 1437 4160 seruntur
1465 4073 1629 4158 &illuc
1641 4133 1656 4182 ,
1686 4074 1812 4158 modb
1835 4075 1898 4168 ini·

462 4179 558 4264 tima
585 4181 837 4295 depascentes
868 4184 1044 4293 viscera,
1075 4185 1200 4300 modo
1229 4181 1398 4269 sennam
1428 4209 1623 4272 mutantes
1645 4213 1894 4272 sanctorum

461 4289 503 4372 in
534 4317 648 4376 more
674 4315 703 4400 ,'
729 4319 835 4382 nunc
865 4291 1671 4406 hemorrhoidum'·sotrnam·12ffesinoteu
1706 4327 1773 4384 aut
1817 4298 1895 4386 alia

461 4399 577 4484 nun
598 4403 656 4490 Hi
680 4395 958 4522 ergoussebius
980 4437 1107 4525 oopus
1116 4412 1155 4492 fs
1173 4403 1176 4414 ’
1242 4407 1323 4508 iste
1341 4410 1655 4518 sibiuindieuntg
1673 4410 1894 4522 ne'aliquid

462 4515 675 4628 omissum,
709 4541 779 4636 'aut
807 4524 1101 4634 pretermissum
1126 4527 1166 4608 vi
1242 4547 1315 4609 tur.
1340 4519 1521 4636 ·Venibm'
1541 4524 1728 4608 studiosus
1763 4525 1892 4610 leslor

461 4625 686 4733 concedat,
710 4633 741 4714 ‘sr
767 4636 930 4718 nimiam
945 4637 985 4716 in
999 4637 1107 4722 hisce
1122 4633 1366 4752 dibgenriam'
1381 4638 1583 4722 videamur
1598 4633 1744 4720 obnixe
1767 4639 1893 4722 affec·

459 4761 571 4846 tere,
592 4745 683 4824 cirm
701 4745 743 4826 in
760 4763 811 4858 ,re
829 4773 946 4856 quam
961 4749 1045 4830 buc
1068 4749 1413 4862 usbuoentpeyria
1437 4747 1504 4833 stbi
1530 4751 1752 4834 vindicavit·
1773 4755 1895 4836 rario-

458 4871 553 4942 oem
576 4853 719 4940 fferre
735 4858 968 5036 inpurosusn
994 4859 1053 4952 fit.
1070 4859 1361 4956 ²Contionutda
1396 4861 1578 4978 ptaeterei
1607 4863 1791 4950 haesrtatio
1829 4863 1894 4956 iiii
