4226 5916
684 411 1173 508 CUTANEIS.
1565 445 1646 534 'ae-r·

171 629 176 646 ·
211 571 412 690 paralysin.
427 576 482 662 At
497 572 757 683 injuvenede
769 611 850 693 quo
866 579 1167 668 Transaslionea
1181 581 1469 701 Philosopbicae
1482 591 1531 692 (a)
1542 617 1649 675 rnen-

210 692 362 773 tionem
376 690 528 798 fecere,
542 691 691 778 summa
707 699 849 810 pariter
862 693 1087 782 inserrsrlitas
1099 697 1251 804 aderat,
1269 704 1360 780 cbm
1379 704 1480 786 cutia
1496 705 1650 816 penitbs
1761 729 1766 740 ·

210 801 429 886 deformata
449 804 495 887 es
515 829 701 918 peccaret
722 810 889 893 eraditis
909 805 983 920 qus
1009 835 1237 924 tympanum
1258 809 1357 894 sono
1380 813 1648 926 aemularetur,

209 924 252 999 st
277 943 347 1030 per
372 914 534 1002 laminas
559 917 628 1001 srbi
652 923 826 1006 invicem
853 921 1096 1036 superstrataa
1118 922 1313 1008 insensrles
1341 927 1395 1011 ita
1423 926 1547 1012 abiret
1557 983 1576 1036 ·,
1603 955 1648 1016 ut

209 1057 292 1112 una·
311 1027 422 1113 alteri
442 1035 524 1116 cuti
540 1032 776 1148 superposrta
791 1035 1000 1120 videretur.
1534 1107 1539 1116 .

260 1143 412 1226 Verbm
448 1147 487 1226 in
526 1143 571 1230 es
602 1153 759 1260 prorsbs
794 1148 975 1262 srngulari
1018 1155 1060 1232 dt
1092 1149 1348 1236 memoranda
1386 1179 1504 1262 quam
1541 1153 1646 1235 Cur·-

205 1255 292 1338 aius
328 1255 403 1359 (h)
435 1257 633 1374 descripsit
665 1264 766 1345 cutis
797 1263 1046 1346 induratione
1087 1263 1129 1346 id
1158 1267 1283 1350 inerat
1321 1270 1477 1378 prorsbs
1513 1267 1645 1376 srnguss

201 1365 310 1470 lare,
344 1369 451 1478 quod
488 1373 554 1456 vel
594 1371 805 1458 levissrmus
830 1379 954 1460 taetus
985 1373 1137 1460 sensum
1170 1376 1358 1487 exquisite
1387 1375 1645 1462 dolorificum

200 1481 406 1589 efficeret,
427 1485 553 1594 undb,
574 1485 671 1572 licet
689 1490 961 1602 phoenomena
971 1491 1039 1572 uix
1050 1491 1173 1574 smant
1182 1489 1328 1574 morbo
1346 1494 1503 1604 ptorabs
1519 1492 1643 1574 unico
1770 1565 1774 1574 .

199 1623 354 1679 nomen
370 1601 542 1712 imponi,
564 1602 666 1684 hanc
683 1605 845 1685 vocavit
859 1605 960 1686 cutis
980 1606 1295 1688 constrisiionem
1314 1607 1489 1688 tonicam
1506 1606 1642 1686 auslor

199 1707 473 1794 illustriffimus
487 1743 499 1811 ς
514 1712 581 1804 sed
598 1716 735 1798 inhoc
756 1713 886 1797 forsan
900 1715 1124 1800 differentia
1147 1720 1262 1830 origo
1277 1715 1445 1831 petenda
1466 1720 1518 1800 est
1532 1715 1645 1826 qubd

197 1825 242 1907 in
264 1823 462 1937 prioribus
482 1821 503 1907 ὲ
522 1826 882 1911 Diemerbroeckio
898 1826 1075 1941 allegatis
1089 1855 1218 1912 textus
1237 1829 1421 1913 mucosus
1444 1835 1485 1910 ὅτ
1502 1857 1644 1913 mutus

192 1940 309 2024 'inter
333 1935 497 2082 papillas
525 1965 708 2022 cutaneas
737 1939 937 2025 exundans
962 1942 1174 2054 inspissatus
1200 1939 1350 2024 sensum
1382 1938 1641 2050 obtunderet,

194 2053 355 2164 integra
380 2055 480 2135 cutis
506 2048 611 2158 bali‘,
642 2051 780 2137 contra
807 2056 852 2136 in*
869 2055 1021 2166 viggine
1045 2053 1240 2137 Curzianss
1265 2052 1362 2136 basrs
1391 2057 1502 2137 cutis·
1518 2057 1643 2194 prima

194 2164 446 2272 afficeretur,
462 2194 537 2250 nec
553 2169 681 2250 nervis
697 2167 933 2282 compressro
951 2165 1018 2250 illa
1031 2189 1302 2281 competeret,
1321 2165 1386 2251 sed
1401 2195 1539 2250 contra
1554 2191 1643 2250 ten-

197 2278 258 2360 sro
281 2275 408 2383 major
429 2278 581 2363 sensum
604 2307 816 2366 nervorum
840 2307 999 2392 augens.
1315 2345 1319 2352 .

257 2391 361 2472 Hac
380 2393 476 2474 verb
501 2399 543 2473 dt
561 2390 611 2474 de
629 2395 750 2476 causrs
769 2401 811 2475 dt
830 2392 880 2475 de
900 2391 1113 2476 observatis
1133 2390 1239 2475 circi
1258 2393 1575 2476 constrislionom
1598 2397 1641 2474 dt

195 2502 413 2586 craffitiem
441 2507 591 2586 ausiam
612 2507 713 2587 cutis
737 2503 786 2587 ad
806 2501 917 2608 hujus
943 2501 1037 2586 mali
1064 2508 1310 2589 curationem
1333 2509 1437 2588 viam
1456 2507 1642 2588 sternunt.

193 2615 480 2724 Quacumque
497 2618 602 2698 enim
616 2617 729 2698 causa
744 2618 845 2698 hanc
859 2619 1068 2722 invexerit,
1083 2615 1151 2698 illa
1166 2646 1253 2701 eam
1266 2620 1524 2700 mutationem
1540 2618 1643 2728 phy-

191 2729 321 2810 licam
341 2725 448 2811 fibris
467 2729 622 2813 inducit
639 2731 814 2814 cutaneis
825 2792 838 2836 ,
858 2756 904 2813 ut
925 2729 1169 2814 &duriores
1187 2739 1228 2814 dt
1252 2731 1451 2814 crassiores
1475 2723 1643 2817 evadant

190 2838 305 2945 illae,
329 2841 508 2952 adeoque
524 2841 730 3038 ripidiores
740 2907 754 2951 ,
774 2842 823 2927 ad
843 2842 995 2927 sensum
1016 2851 1057 2926 ὅ(
1076 2869 1232 2927 motum
1254 2846 1380 2926 minias
1402 2870 1523 2956 aptae,
1549 2841 1643 2957 poss

188 2952 406 3064 tulantquc
430 2982 473 3039 ut
497 2986 566 3038 mo
584 2954 748 3061 liantur,
777 2955 1099 3065 demulceantur,
1123 2959 1353 3071 aperiantur.
1378 2958 1528 3042 Verbm
1550 2957 1641 3040 rarb

187 3066 350 3152 solutio
367 3068 476 3152 hisce
499 3069 680 3154 remediis
702 3068 874 3183 plenaria
896 3074 949 3154 ita
968 3072 1207 3184 expeb‘tanda
1225 3073 1300 3178 est,
1322 3097 1368 3153 ut
1382 3069 1474 3154 dam
1499 3096 1640 3154 mucus

186 3179 266 3265 ille
289 3209 501 3264 concretus
516 3209 650 3267 cutem
665 3209 710 3266 ut
721 3181 934 3298 plurimum
947 3185 1130 3268 indurans
1147 3182 1333 3289 solvitur,
1357 3211 1439 3266 non
1454 3181 1639 3266 secedant

186 3293 313 3378 lerna
341 3294 544 3378 evidenter
572 3297 741 3380 mucosa
770 3322 887 3408 atque
914 3296 1147 3410 glutinosa,
1174 3299 1202 3380 sr
1234 3301 1275 3381 in
1299 3321 1410 3380 textu
1439 3294 1639 3380 reticulan'

185 3405 478 3521 Maspighiano
508 3412 743 3523 praecipuam
771 3409 904 3493 sedem
936 3413 1066 3494 fixerit
1095 3408 1278 3516 malum,
1307 3435 1518 3523 erumpant·
1540 3408 1638 3492 verb

185 3517 385 3635 pustula,
408 3521 434 3600 sr
460 3519 573 3605 altius
598 3524 748 3608 radices
772 3526 897 3637 egerit
917 3524 1030 3606 causa
1058 3521 1164 3606 mali.

249 3631 419 3745 Duplex
446 3637 552 3715 enim
573 3639 624 3718 est
634 3700 648 3742 ,
664 3663 709 3719 ut
728 3637 919 3740 diximus,
937 3666 1009 3748 pro
1033 3636 1250 3721 diversrtate
1266 3634 1432 3750 impertis
1456 3637 1497 3717 in
1516 3635 1639 3718 causrs

183 3745 407 3860 agentibus
443 3749 544 3830 cutis
568 3747 818 3846 addensatio;
839 3774 953 3830 acuta
971 3745 1121 3856 altera,
1149 3746 1268 3832 altera
1293 3746 1482 3854 rebellis,
1519 3748 1639 3830 chroa

124 3951 127 3958 ,
183 3866 323 3962 nica,
363 3865 405 3940 dt
432 3884 477 3941 ut
506 3865 641 3972 parbm
669 3859 789 3942 latinb
813 3859 985 3970 loquar,
1015 3860 1093 3945 alte
1119 3863 1332 3948 incantata.
1355 3862 1404 3944 In
1431 3857 1546 3944 acutis
1571 3861 1639 3943 vix

157 3994 160 4002 '
182 3973 422 4084 indigemus
448 3969 531 4055 aliis
548 3997 683 4086 prater
706 3973 909 4079 fomenta,
931 3979 972 4057 dt
995 3999 1040 4057 ut
1058 3977 1262 4059 Asinarius
1286 3972 1445 4076 suadet,
1465 3969 1639 4086 spongiis

181 4085 299 4168 labie
318 4081 500 4192 imbutis,
521 4083 661 4195 quibus
679 4085 970 4170 immisceamur
986 4085 1116 4171 herbae
1133 4085 1381 4173 emollientes
1398 4082 1473 4166 illa
1482 4147 1497 4190 ,
1520 4109 1639 4192 atque

182 4199 341 4284 leniter
367 4195 591 4304 solventes,
619 4197 752 4308 quales
778 4199 866 4284 sunt
890 4197 1123 4306 sambucus,
1150 4197 1381 4305 melilotus,
1404 4199 1639 4281 chamaeme-

182 4313 281 4396 lum
298 4373 313 4416 ,
344 4309 747 4420 aliaquebujusmodi
766 4311 904 4425 plantat
924 4340 1007 4421 qua
1024 4339 1173 4426 vapore
1191 4312 1328 4426 tepido
1350 4335 1467 4421 atquc
1489 4306 1639 4394 blando

181 4427 393 4511 insanueot
419 4424 458 4507 se
487 4454 555 4537 per
583 4449 715 4540 aperta
744 4453 934 4537 potorum
963 4422 1111 4508 oscula.
1138 4425 1246 4507 Nam
1274 4426 1638 4535 quantbmcumque

181 4535 339 4622 balnea
376 4563 423 4616 ex
458 4534 558 4621 lacte
595 4547 637 4622 dt
669 4535 855 4621 srmilibus
891 4535 1023 4621 herbis
1058 4538 1318 4643 indicentur,
1355 4533 1459 4618 malle
1496 4535 1640 4649 virgini

182 4651 405 4734 Curzianae
440 4653 510 4749 (c)
537 4645 824 4760 successerant,
855 4655 947 4736 cinn
978 4679 1125 4766 organa
1158 4651 1316 4737 sortiter
1343 4647 1473 4734 clausa
1509 4649 1639 4732 solum

229 4771 247 4842 s
257 4770 296 4836 a)
317 4765 418 4826 Trans.
434 4767 505 4826 Phil.
517 4783 559 4830 αθ.
574 4789 648 4841 424,
663 4791 713 4830 art.
731 4793 755 4832 1.

229 4846 298 4926 (b)
319 4847 432 4918 Lente,
451 4867 516 4931 pag.
539 4869 584 4926 ¹3·

227 4935 296 5008 (c)
321 4925 431 5006 Lerue,
446 4949 511 5014 pag.
530 4935 562 5006 85
575 4976 583 5004 ‚
603 4935 711 5006 86,87.

1344 4991 1516 5108 Qaaii
