4226 5916
662 439 1160 536 curnuars
1526 445 1697 566 'nr'

214 607 332 726 abdue
345 611 471 729 magis
494 611 693 721 notabile,
720 614 829 726 qubd
847 612 1063 730 junguntur
1085 617 1191 728 rugis
1216 595 1518 700 naturalibus&
1539 616 1644 704 seni·

210 728 305 814 libus
321 731 611 813 contractiones
629 726 704 811 illrc
716 732 873 814 tonica.
886 731 1034 814 Verum
1053 759 1156 842 ru-gae
1168 724 1243 810 illae
1254 732 1294 812 in
1309 727 1487 813 habitum
1501 733 1618 816 versae
1626 796 1643 841 ,

211 869 250 926 ut
273 847 314 924 bt
335 839 535 927 mobilitas
561 842 677 926 faciei
699 842 874 951 summa,
895 841 995 927 nihil
1022 841 1136 926 aliud·
1159 839 1275 925 nobis
1301 842 1489 927 exhibent
1508 873 1645 958 practer

209 953 395 1070 spasmum
430 963 472 1039 dt
504 954 789 1071 spasmodicam
826 958 1122 1072 dispositionem
1157 985 1240 1066 quae
1277 955 1502 1072 atrabilatiis
1541 961 1643 1046 adeb

210 1067 403 1154 familiaris
426 1072 501 1177 est„
529 1095 574 1154 ut
592 1072 707 1155 multi
729 1071 871 1156 dentur
891 1075 959 1182 qui
978 1070 1043 1154 vel
1064 1069 1112 1154 ad
1128 1072 1336 1152 minimum
1363 1099 1578 1182 pavorem,
1602 1078 1644 1159 in
1719 1081 1722 1084 ’

208 1177 340 1267 labore
364 1181 432 1267 vel
458 1185 661 1292 minimo,
687 1187 763 1270 toti
792 1213 863 1270 ore
891 1188 1234 1295 distorqueamur,
1267 1191 1309 1266 ὃ(
1339 1181 1497 1267 artubus
1524 1189 1643 1274 etiam

208 1321 394 1402 tremant,
413 1295 519 1380 unde
540 1296 702 1383 morbus
724 1296 793 1384 ille
817 1329 891 1414 pro
908 1300 1048 1382 affeblu
1068 1294 1276 1382 musculati
1294 1301 1424 1410 potius
1440 1295 1643 1383 habendus

206 1411 277 1515 est,
301 1409 419 1518 quim
443 1435 517 1524 pro
539 1413 640 1496 cutis
662 1415 762 1497 vitio
775 1476 789 1520 ,
810 1441 893 1526 quae
912 1416 1038 1527 agitur
1059 1419 1101 1496 ὅ(
1123 1409 1369 1494 obsecundat
1382 1407 1486 1519 juffis
1509 1419 1550 1495 ἃ
1573 1441 1645 1496 ne⁴

199 1521 371 1608 cellariis
392 1520 581 1610 motibus.
895 1563 898 1571 ⁴

253 1638 313 1720 At
336 1667 418 1720 non
441 1638 580 1721 eadem
604 1641 657 1721 cst
676 1639 831 1722 theoria
849 1665 1033 1750 rugarum
1044 1699 1058 1744 ,
1080 1638 1158 1721 srve
1182 1634 1320 1721 seniles
1347 1633 1423 1718 illae
1443 1639 1516 1720 ssnr
1528 1700 1541 1744 ,
1565 1640 1642 1724 srve

202 1751 430 1860 'conquisrtae
459 1756 501 1833 dt
532 1751 800 1836 accidentarib
829 1755 951 1835 vitam
980 1748 1195 1857 juvenilem
1224 1749 1394 1834 turbent.
1436 1751 1644 1862 Siquidem

201 1863 379 1976 pendent
391 1860 466 1946 illa
489 1860 510 1946 l
529 1865 657 1950 textbs
681 1863 905 1970 cellularis,
923 1871 964 1947 ἃ
988 1867 1071 1947 cuti
1088 1863 1299 1978 suppositi,
1326 1873 1367 1948 δι
1384 1864 1505 1977 ipsam
1521 1865 1645 1948 effor-

200 1979 344 2061 mantis
359 1979 575 2084 vacuitate,
590 1981 656 2088 qui
674 1985 764 2060 clun
772 2012 783 2030 ··
791 1976 846 2062 ob
865 1978 1104 2090 rigiditatem
1126 1985 1167 2059 ὅ(
1193 1979 1368 2060 attritum
1388 2005 1463 2059 nec
1478 2007 1644 2062 mucum

197 2107 277 2174 ‘nec
312 2091 468 2204 adipem
497 2094 599 2174 intus
636 2091 843 2178 admittere
909 2091 1026 2198 offit,
1061 2094 1101 2172 in
1135 2089 1174 2172 se
1208 2089 1473 2203 complicatur
1516 2095 1641 2201 cutis,

199 2227 304 2286 tono
319 2204 468 2288 amilio.
492 2203 603 2288 Hinc
618 2203 800 2290 fatiscens
815 2121 1013 2289 &lirlidas
1028 2203 1245 2316 quaeipsa'nr
1261 2206 1502 2286 constituunt
1516 2232 1644 2318 partes
1701 2250 1704 2258 ·

199 2316 251 2402 ad
268 2317 310 2400 se
324 2316 584 2434 adducendo,
601 2310 794 2402 crassescit
802 2380 824 2424 „
836 2327 878 2402 bt
895 2317 1025 2403 sensus
1045 2313 1125 2422 ejus
1147 2314 1389 2399 obtunditur.
1400 2315 1517 2400 Unde
1534 2319 1644 2402 credi

200 2427 369 2513 deberet
381 2429 490 2622 qpbd
499 2433 740 2540 quicumque
750 2432 958 2536 marcessit,
972 2459 1087 2543 rugas
1101 2431 1336 2513 contrahere
1348 2425 1524 2536 deberet,
1535 2430 1645 2542 quod

199 2540 368 2652 quidem
385 2569 411 2623 a
426 2541 516 2650 iqui
539 2567 649 2655 partc
667 2569 805 2626 verum
824 2546 888 2627 est.
915 2546 969 2627 At
989 2545 1015 2626 st
1035 2546 1077 2625 in
1097 2539 1260 2648 juvenili
1281 2549 1323 2624 δι
1345 2543 1514 2626 florente
1534 2569 1645 2630 aetare

197 2681 362 2738 marcor
382 2651 451 2737 ille
467 2654 636 2761 incidat,
658 2653 712 2738 ob
727 2654 860 2738 causas
877 2655 1106 2740 adventitias
1121 2717 1134 2761 ,
1156 2657 1261 2767 tugis
1277 2651 1421 2737 obsistit
1433 2657 1493 2738 vis
1506 2659 1644 2741 tonica

197 2769 320 2856 cutis.
351 2767 411 2852 Ita
439 2770 661 2852 immaniter
685 2768 867 2853 distentus
893 2765 1378 2882 gravidarummulierum
1400 2793 1538 2852 venter
1560 2771 1645 2884 post

127 2893 129 2899 “
145 2941 147 2946 ·
196 2885 376 2996 primum
390 2907 544 3014 partum
552 2884 620 2965 vix
636 2911 748 2996 rugas
763 2907 979 2986 contraxit,
995 2885 1080 2998 post
1094 2882 1253 2965 tertium
1268 2905 1335 2962 aut
1347 2907 1528 2990 quartum
1540 2907 1643 2967 tono

196 2993 343 3078 amisso
370 2998 537 3080 omnrnb
561 2996 725 3192 rugosus
754 3023 925 3112 apparet.
951 2995 1005 3078 Et
1048 2996 1204 3078 hthisrci
1229 2995 1349 3078 etiarn
1375 2997 1461 3110 post
1484 2997 1643 3132 exactos

194 3111 358 3222 primos
382 3105 513 3192 morbi
537 3138 605 3222 gra
634 3141 679 3192 us
704 3109 847 3223 rugosl
871 3107 977 3225 pelle
1026 3108 1199 3193 esormes
1223 3105 1322 3191 sunt.

203 3285 210 3296 .
256 3221 400 3334 Rogas
427 3247 560 3331 tamen
583 3221 797 3306 antediem
818 3225 1176 3332 srccitaremqueac
1201 3220 1428 3306 densrtatem
1449 3220 1644 3307 inducunt

192 3331 319 3416 labor
335 3335 479 3420 nimius
504 3343 544 3418 bt
566 3333 752 3419 sudorum
773 3336 915 3419 affidua
935 3336 1094 3421 effluvia
1111 3339 1150 3418 in
1168 3335 1370 3417 rusticis&
1388 3331 1487 3417 duro
1505 3331 1643 3420 labore

193 3446 399 3532 confedis
411 3447 600 3533 militibus
615 3454 680 3560 qui
693 3446 864 3556 juniores
879 3450 1006 3533 adhbc
1019 3477 1132 3562 rugas
1146 3450 1352 3550 ostentant,
1370 3453 1412 3530 dt
1424 3450 1465 3529 in
1477 3447 1646 3532 florente

190 3564 324 3645 eriam
337 3557 578 3647 urbanorum
597 3588 707 3649 :etate
726 3593 870 3677 corpus
887 3562 1127 3678 prastasium
1145 3557 1304 3644 habent.
1326 3560 1373 3642 In
1389 3561 1494 3674 mgis
1511 3559 1645 3645 nullus

189 3671 330 3786 vulgb
346 3673 679 3760 morbusVeritm
692 3677 865 3761 seneslus
877 3673 1128 3788 ipsamotbus
1140 3676 1214 3779 cst,
1232 3681 1273 3756 bt
1287 3675 1497 3788 anticipare
1510 3702 1642 3787 rugas,
1715 3674 1720 3680 ’

192 3788 419 3898 anticipare
441 3815 612 3872 mortem
634 3791 698 3873 est.
726 3787 937 3900 Quidquid
964 3814 1006 3869 er
1036 3816 1061 3871 o
1085 3787 1304 3871 ariditatem
1332 3793 1374 3870 dt
1405 3788 1433 3868 ri
1464 3786 1643 3871 iditatcm

189 3897 370 3989 senilem
390 3902 564 4008 inducit,
580 3905 685 4016 rugis
701 3931 774 4016 pro
787 3899 902 3985 causl
916 3902 980 3984 est.
1042 3904 1093 3983 bc
1114 3903 1286 3983 omniao
1316 3901 1414 3982 timo
1428 3817 1524 4012 sape
1537 3902 1644 3983 insti-

73 4059 78 4062 ·
190 4041 295 4098 tuto
327 4039 473 4100 tentata
499 4012 641 4122 jejunia
660 4078 674 4122 ,
697 4012 869 4133 vigilia,
891 4013 1050 4097 affestus
1072 4016 1193 4098 animi
1216 3929 1483 4097 meditabundi
1495 4075 1509 4117 ,
1528 4011 1644 4098 cibo·

187 4154 294 4212 rum
313 4127 538 4244 aeglesias,
562 4138 627 4212 aut
643 4155 782 4214 eorum
796 4129 983 4242 indigesta
997 4128 1201 4233 craffities,
1220 4128 1474 4209 vacuationes
1491 4129 1641 4236 nimiae,

187 4245 396 4326 exercitia
411 4243 673 4349 violentiora,
697 4246 845 4330 acrium
866 4244 1174 4325 aromaticorum
1194 4239 1312 4344 usus,
1334 4237 1525 4353 praecipue
1543 4243 1643 4326 verb

188 4355 506 4471 spirituosorum
536 4354 713 4463 abusus,
746 4388 827 4466 quac
862 4359 903 4439 dt
933 4353 1057 4437 solida
1084 4354 1348 4466 compingunt
1375 4360 1416 4436 bt
1444 4349 1642 4465 crispant,

185 4469 460 4580 liquoresque
475 4483 644 4585 cogunt,
661 4495 778 4580 atque
796 4462 1036 4578 coagulant,
1050 4467 1218 4550 maciem
1232 4473 1277 4548 bt
1292 4495 1406 4580 rugas
1420 4493 1644 4580 procreant.

184 4585 299 4668 Ima
315 4582 497 4666 ¹choleras
523 4580 667 4667 morbo
700 4581 796 4698 saepe
829 4579 975 4662 accidit
1000 4605 1046 4662 ut
1068 4582 1275 4662 hominem
1303 4582 1469 4663 omnini>
1497 4580 1519 4662 a
1546 4583 1641 4664 liam

183 4700 361 4781 nitente
381 4698 428 4778 *in
448 4699 617 4780 maciem
642 4702 683 4779 bt
710 4725 824 4810 rugas
842 4696 895 4775 ita
916 4687 1125 4799 conjiciat,
1148 4718 1192 4775 ut
1206 4690 1255 4774 ab
1274 4695 1436 4799 amicis,
1458 4696 1592 4809 paucis
1619 4691 1643 4776 i

183 4804 356 4894 morbo
376 4812 518 4893 exactis
540 4808 677 4894 diebus
687 4873 700 4915 ,
726 4839 809 4893 non
825 4805 1071 4922 agnoscatur.
1090 4802 1242 4890 Contrb
1258 4805 1420 4890 affeslus
1439 4803 1642 4918 eryfipela·

184 4921 340 5038 tosus,
362 4947 428 5009 aut
445 4922 535 5014 leve
556 4925 598 5008 in
618 4922 730 5009 vultu
746 4922 856 5010 senili
878 4920 1035 5006 oedema
1044 4983 1060 5029 ,
1078 4918 1293 5006 tumesasio
1312 4945 1424 5008 textu
1435 4917 1613 5032 cellulari
1623 4979 1643 5026 ,
