4186 5908
548 493 550 498 -
653 429 781 523 1'0211
807 429 1053 526 T'nN'E
1081 415 1189 527 178¹?
1540 457 1649 554 :1323

196 589 417 678 'strumum
444 589 593 680 habitu.
628 593 802 685 Pruri'tus
825 603 893 712 qui
913 591 930 632 ·’
948 597 1030 685 ribs
1047 593 1129 685 lton
1151 595 1283 686 aderat
1290 601 1366 710 ,in
1389 599 1536 686 morbo
1560 603 1642 694 sese

201 705 425 792 resolvente
431 712 708 818 ,·'concitatur‘²
725 707 807 798 dt's
856 628 946 798 tob
953 711 1148 800 violentas
1159 741 1350 828 agrorum
1366 745 1503 800 manus
1511 773 1528 824 ,
1539 725 1639 830 peri·

201 816 389 904 culosum
397 819 805 909 est'nemorbusrecru
833 826 950 912 escut.
968 827 1118 912 Verium
1128 825 1278 910 summa
1293 857 1365 944 pro
1379 829 1636 917 causaediver-

91 995 96 1004 .
197 933 313 1018 litate
324 929 559 1047 temporum
580 933 852 1053 erysipelatum
867 939 1177 1040 varietas‘datur.
1207 938 1298 1028 Alia
1312 943 1425 1025 enim
1442 940 1575 1026 subitb
1592 955 1635 1031 du

200 1049 381 1180 protinbs
399 1047 588 1132 exardent
605 1049 880 1162 summumque
897 1052 955 1135 sui
974 1051 1157 1140 obtinent
1169 1051 1361 1166 fastigium
1376 1052 1481 1160 salia
1496 1055 1634 1144 seusun

200 1161 492 1243 inflammandus
505 1193 517 1260 ;
532 1159 613 1244 ulia
632 1163 796 1248 demit'm
811 1163 975 1280 longam
991 1163 1323 1273 declinationem,
1345 1195 1428 1250 non
1442 1168 1521 1253 stne
1539 1175 1635 1256 reci·

202 1273 299 1360 diva
312 1298 419 1357 metu
428 1334 444 1379 ,
461 1275 661 1360 exercent.
678 1275 758 1362 Ubi
773 1281 907 1362 omnia
921 1279 1082 1363 externe
1097 1277 1169 1363 rite
1184 1305 1444 1395 peraguntur,
1461 1308 1560 1366 exce
1589 1281 1634 1368 t'o

17 1383 18 1412 ⁷
200 1382 370 1482 membri
382 1385 509 1470 afferri·
522 1387 721 1502 pondere,
737 1388 958 1502 doloreque
968 1389 1180 1503 aliquandi>
1191 1395 1408 1500 acerrimo,
1433 1422 1526 1476 cum
1558 1395 1634 1480 atus

17 1517 18 1586 ζ
200 1497 343 1584 britate
359 1502 538 1613 corporis
552 1498 677 1616 vulgi>
688 1499 801 1626 belle
820 1507 970 1638 agitur,
994 1505 1070 1590 nec
1086 1506 1157 1588 nili
1176 1502 1388 1700 langprente
1407 1505 1634 1620 erysipelate

200 1609 391 1726 languent
398 1616 534 1727 aegroti
542 1675 557 1720 ‚
573 1643 841 1728 magnumque
851 1615 1192 1746 tnliatpericulum
1199 1649 1256 1724 „u
1284 1621 1299 1701 i
1313 1615 1517 1732 erystpelas
1533 1617 1634 1707 illud

17 1755 18 1796 ³
198 1719 279 1810 stne
295 1723 414 1810 causti
428 1725 637 1812 evanescit.
661 1727 770 1820 lllud
784 1733 904 1838 verb,
928 1735 987 1814 uti
1003 1733 1082 1832 Jam
1101 1731 1249 1816 ditium
1260 1791 1275 1839 ,
1296 1731 1454 1816 icausrs
1472 1733 1633 1845 pendet.

200 1873 203 1880 ’
254 1837 505 1954 Erylipela'tis
527 1866 661 1924 autern
679 1839 841 1948 hujusce
858 1843 1030 1978 speciei,
1053 1847 1132 1931 stve
1151 1845 1313 1929 distinet
1334 1851 1376 1929 dt
1393 1846 1503 1928 unici
1522 1847 1634 1958 quod

200 1976 275 2036 nec
301 1951 388 2035 aliae
409 1949 507 2036 labis
532 1951 667 2060 secum
688 1953 954 2046 feratindtcia
965 2023 981 2064 ‚
1004 1956 1125 2042 causae
1146 1983 1213 2041 aut
1234 1953 1497 2042 accidentales
1517 1959 1632 2066 sunta

199 2071 242 2149 dt
267 2063 318 2148 ab
342 2069 513 2150 externis
535 2093 619 2150 non
644 2067 891 2178 naturalibus
906 2073 1028 2155 causts
1077 2071 1254 2177 etendae,
1285 2097 1352 2154 aut
1379 2071 1564 2179 interna,
1589 2074 1632 2158 id

198 2178 251 2261 eli
275 2175 577 2294 bdiiposttione
599 2178 673 2266 seri
695 2185 839 2268 acriori
867 2209 1028 2297 repeten
1056 2215 1113 2290 c,
1143 2211 1239 2295 quas
1263 2207 1308 2268 ut
1334 2181 1629 2298 expendamus,

198 2319 281 2374 uon
308 2290 360 2374 ad
389 2289 579 2406 pollibills
608 2295 771 2378 messit
798 2321 1002 2403 mentem,
1031 2295 1099 2382 sed
1131 2297 1182 2380 ad
1210 2297 1421 2410 ptafflcam
1445 2293 1631 2382 observa·

196 2405 379 2512 tionem,
401 2404 626 2491 notabimus
648 2410 809 2496 internis
829 2408 879 2493 'ad
898 2406 1105 2526 erysipelas
1122 2407 1440 2523 dispolitionibus
1459 2411 1633 2494 maxime

199 2517 339 2604 donari
365 2515 538 2624 juniores
568 2527 609 2604 bt
633 2523 702 2630 qui
729 2519 942 2635 plethorici
967 2525 1023 2607 ita
1044 2521 1163 2618 sunt,
1191 2547 1235 2606 ut
1253 2519 1371 2606 facile
1397 2547 1530 2606 tamen
1557 2522 1631 2608 seri

196 2629 433 2746 superfluam
456 2635 615 2746 copiam
632 2635 675 2716 in
689 2635 736 2718 iis
761 2634 967 2748 distinguas
988 2667 1000 2735 3
1023 2637 1117 2718 hinc
1139 2633 1199 2718 illi
1216 2634 1260 2717 fu
1288 2633 1424 2718 acibus
1443 2639 1630 2721 catharris
1780 2697 1782 2702 -

198 2746 475 2828 condibiantur
495 2775 508 2845 ;
527 2748 577 2829 iis
610 2772 721 2830 nares
753 2743 870 2830 facile
902 2749 957 2830 im
985 2744 1143 2853 lentur,
1161 2749 1226 2831 ait
1294 2751 1545 2862 ippocrates·,
1573 2747 1629 2832 ob

200 2885 357 2942 etenum
375 2857 648 2942 insuetam'aut
669 2857 890 2976 pleniorem
906 2891 919 2960 ;
937 2777 1000 2944 illi
1011 2858 1134 2945 facile
1157 2858 1180 2944 i
1196 2860 1346 2974 frigore
1366 2859 1630 2974 stringunture

202 2992 274 3052 eos
295 2967 407 3056 calor
433 2973 630 3056 exanimat
647 3003 660 3072 3
685 2977 745 3058 his
765 2983 806 3060 ἃ
818 2974 876 3058 ,ad
894 2972 1305 3089 impteffionemlocis
1320 2971 1492 3057 vividam
1519 2973 1631 3060 oculi

199 3077 391 3196 lacrymas
401 3083 610 3170 effundunt
696 3117 735 3172 as
745 3149 761 3194 ,
780 3114 896 3173 nates
908 3083 989 3172 levi
1004 3086 1055 3172 de
1070 3084 1208 3193 causi,
1228 3111 1273 3170 ut
1287 3086 1435 3200 frigore
1443 3084 1605 3170 insolito
1611 3132 1629 3194 5

198 3223 267 3280 aut
294 3195 532 3282 insolatione
564 3198 633 3284 sub
718 3204 883 3314 turpiter
913 3199 1093 3285 defluunt
1104 3263 1119 3308 ‚
1148 3200 1288 3286 dentes
1313 3195 1432 3283 facile
1462 3196 1629 3304 dolent,

195 3307 384 3509 {eggestppp
396 3337 476 3506 per
498 3335 630 3396 totum
655 3341 799 3428 corpus
819 3311 1138 3512 horripilationes
1161 3324 1246 3398 non
1266 3312 1445 3404 desinunt
1464 3315 1505 3395 in
1525 3339 1631 3394 mor·

281 3485 297 3530 9

196 3533 386 3621 fibrarum
413 3535 623 3648 sensrlitas,
641 3539 718 3625 ied
745 3534 859 3623 limul
889 3537 1014 3624 subest
1045 3537 1114 3624 illa
1138 3537 1331 3627 acredinis
1348 3536 1510 3650 ¹species
1544 3565 1631 3648 quc

197 3647 272 3734 soli
299 3649 390 3734 sero
414 3649 582 3736 insidens
614 3679 741 3766 purnes
771 3649 935 3740 vellicat
967 3656 1147 3758 santium,
1176 3654 1322 3760 vixque
1339 3674 1415 3732 eas
1445 3644 1630 3756 obstruit,

40 3760 42 3769 ’
197 3761 403 3850 sanitatem
424 3763 518 3850 ideo
544 3765 699 3872 aufert,
728 3762 915 3849 morbum
938 3793 1022 3848 non
1047 3763 1155 3848 facit.
1186 3765 1310 3876 Viget
1323 3758 1484 3858 lintereb
1510 3789 1631 3894 appe·
1673 3813 1677 3820 ·

195 3877 291 3960 titus
322 3875 372 3960 ad
403 3876 552 3985 cibos,
587 3907 688 3990 quos
716 3873 914 3992 pleniores
946 3904 1112 3992 carpunt
1141 3873 1287 3976 avide}
1312 3867 1490 3958 titillatur
1522 3901 1630 3957 ennn

197 3990 421 4074 stomachus
444 3988 494 4074 ab
518 3994 600 4075 acri
626 3989 865 4076 exuberante
892 3990 1003 4102 quod
1029 3995 1192 4076 nomine
1222 3987 1314 4072 bilis
1347 4013 1499 4072 veteres
1530 3986 1631 4070 dest·

196 4127 429 4216 gnaverunt.
461 4101 578 4188 Undb
607 4104 657 4190 ad
685 4105 780 4216 eryst
809 4099 889 4210 elas
916 4103 1090 4208 maxime
1120 4099 1318 4218 proclives
1348 4099 1645 4203 sunt‚ti1mii·

226 4213 342 4300 uibus
353 4219 445 4299 cirm
457 4210 620 4331 copidsa
637 4217 763 4302 adsita
805 4216 1126 4332 perspirationem
1142 4215 1348 4318 materies,
1362 4210 1480 4296 facile
1495 4237 1630 4299 tamen

199 4243 268 4410 illa
294 4325 572 4442 supprimitur,
603 4354 690 4414 tum
716 4332 744 4413 ii
769 4328 918 4439 'quibus
953 4329 1098 4415 refluus
1128 4328 1274 4409 humor
1311 4325 1417 4438 signa
1448 4323 1515 4408 dat
1546 4355 1631 4410 non

198 4438 425 4527 indubitate
441 4442 647 4528 acredinis.
664 4440 774 4526 Hinc
790 4445 910 4525 etiam
922 4443 1054 4558 pueris
1071 4439 1167 4523 n'on'
1177 4466 1261 4522 rara
1278 4437 1367 4521 sunt
1382 4436 1628 4550 erysipelate,

199 4557 294 4638 cum
312 4555 501 4640 humores
517 4553 729 4640 tenuifftmi
744 4551 969 4638 acredinem
983 4550 1054 4635 stbi
1071 4549 1260 4637 facillime
1274 4574 1434 4664 aptent,
1461 4550 1528 4633 sed
1547 4553 1631 4632 hoc

198 4669 242 4752 in
258 4664 472 4796 infantibus
492 4666 698 4784 erystpelas
717 4667 804 4752 sero
825 4662 995 4750 multiun
1014 4665 1176 4773 diffluit,
1198 4663 1303 4748 unde
1322 4659 1422 4747 illud
1437 4660 1631 4776 peculiari

197 4782 366 4869 nomine
375 4779 594 4890 undantium,
605 4781 673 4868 seu
684 4776 888 4897 erystpelas
896 4777 1104 4866 humidum
1113 4784 1163 4886 (a)
1173 4778 1632 4906 vocaveratAvicennas.
1788 4802 1792 4810 ·

239 4905 700 5004 (affabilem-³·
1337 4987 1410 5074 Bb
1514 4991 1518 4996 .
1604 4997 1622 5028 ,

411 3425 818 3532 eviter'resolvuntur‚
834 3423 930 3511 facil
969 3425 1257 3520 recrudescunt.
1274 3424 1351 3510 His
1366 3424 1469 3508 adest
1479 3423 1630 3508 summa
1783 3463 1790 3468 ·
