4250 5898
497 397 583 494 30²
955 349 1487 464 DEMORB'IS
1574 434 1577 444 .

498 521 675 632 tionibus
701 565 752 624 ex
778 531 877 646 aqud
908 557 1027 642 quam
1054 526 1154 612 intra
1181 555 1404 644 corporum·
1423 527 1652 623 animalium
1676 557 1796 618 venas
1821 557 1939 644 expe·

501 656 630 747 riundi
647 651 770 769 gratis
786 641 1162 756 tentanrus‚,spasmi
1174 665 1357 745 enormes
1377 647 1577 750 oriuntur,
1593 643 1725 736 donec
1740 672 1937 756 totaaqua

500 771 525 858 ὲ
551 773 661 856 venis
677 766 909 866 'effluxerit3
938 757 1228 866 adsuntaqueo
1260 755 1379 862 latice
1406 753 1549 870 largius
1574 785 1699 871 epoto
1724 767 1766 846 ὃ(
1794 762 1938 846 affatim

499 887 650 1000 ingesto
670 883 808 992 ingens
832 876 1004 960 anxietas
1026 868 1238 976 nauseosa,¹
1255 877 1297 954 δι
1316 870 1466 971 summa
1484 872 1550 955 res
1570 875 1747 958 irationis
1766 871 1937 957 difficul-

499 1027 587 1106 tas,
612 995 792 1104 adeoque
809 1019 909 1101 aqua
929 983 1092 1099 simplex
1107 982 1227 1068 nimii
1242 983 1358 1098 copis
1377 904 1610 1070 humeridus
1630 989 1765 1088 nostris
1787 986 1937 1092 addita,

500 1115 645 1200 veneni
675 1107 773 1191 loco
805 1106 869 1188 est.
904 1095 1093 1183 Praeterei
1124 1123 1301 1183 torrente
1328 1096 1402 1181 illo
1430 1127 1558 1210 aqueo
1586 1098 1680 1184 salia
1705 1100 1728 1182 ὲ
1754 1100 1938 1213 sanguine

502 1226 710 1328 eluuntur,
729 1217 848 1304 malla
862 1239 1038 1300 remanet
1051 1212 1239 1328 infipida,
1254 1213 1383 1318 iners,
1399 1239 1475 1296 nec
1490 1208 1572 1316 jam·
1585 1210 1762 1296 stimulos
1779 1216 1820 1296 in
1835 1211 1939 1298 fibris

503 1333 734 1436 concitans;
758 1335 861 1450 perit
884 1329 1014 1413 omnis
1036 1327 1152 1409 attio.
1176 1323 1293 1408 Unde
1316 1328 1359 1408 in
1378 1322 1855 1439 simpliciffimissdiluendi
1877 1356 1939 1410 ac·

502 1459 615 1550 tione
641 1477 723 1538 arte
748 1446 1012 1544 moderatrice
1034 1467 1209 1553 egemus.
1675 1529 1681 1536 ἰ

560 1563 750 1652 Praeterea
780 1563 877 1646 vero
905 1553 1124 1639 notandum
1153 1553 1205 1635 est
1236 1581 1377 1664 aquarn
1407 1549 1531 1636 solam
1560 1558 1602 1636 dc
1631 1553 1849 1668 fimplicem
1876 1557 1938 1638 vix

500 1681 592 1770 satis
613 1673 832 1791 liquoribus
850 1672 984 1772 nostris
1001 1666 1195 1750 adhaerere
1203 1725 1217 1771 ‚
1241 1665 1309 1749 sed
1330 1665 1434 1776 quast
1452 1663 1680 1780 praterlabi.
1700 1665 1818 1752 Unda
1839 1671 1938 1782 opti·

504 1825 617 1880 mum
645 1794 719 1876 erit
745 1789 772 1870 st
800 1785 884 1890 ejus
910 1780 1080 1866 solventi
1111 1778 1298 1862 efficaciae
1329 1805 1458 1892 partes
1488 1779 1677 1862 addantur
1705 1780 1847 1892 quibus
1877 1780 1937 1864 illa

503 1907 677 2017 aliquam
703 1901 878 1985 lucretur
909 1892 1128 1977 adhaerendi
1154 1891 1387 1975 efficaciam.
1418 1892 1478 1974 Ita
1503 1891 1803 2008 mucilagineae‚
1827 1923 1937 2007 garm-

505 2021 623 2106 mosae
650 2045 734 2127 qua
770 2041 820 2096 ex
852 2003 1125 2120 vegetantibus
1150 2029 1334 2120 petuntur
1360 2031 1486 2119 partes
1501 2066 1517 2110 ,
1544 2002 1620 2100 haic
1649 2007 1825 2119 gaudent
1851 2035 1936 2120 pro-

505 2136 670 2248 prietate
689 2152 733 2210 ut
754 2152 895 2234 aquam
916 2127 958 2202 δι
974 2120 1226 2222 contineant,
1248 2126 1289 2200 ὃ(
1310 2123 1528 2217 retineant3
1547 2117 1652 2203 unde
1670 2119 1838 2208 sarinosa
1857 2117 1936 2204 dul-

507 2247 589 2350 cia,
632 2239 734 2325 ualia
748 2238 834 2320 sunt
849 2259 971 2318 avena
981 2294 995 2337 ‚
1009 2257 1193 2428 gramen,
1209 2231 1404 2316 hordeum
1412 2263 1429 2338 ,¹
1444 2227 1572 2316 secale
1587 2239 1629 2314 dt
1643 2231 1780 2316 similia
1795 2231 1932 2340 multa,

508 2383 632 2467 aquea
684 2355 787 2436 otius
814 2346 989 2432 diluente
1039 2370 1206 2428 onantur
1229 2342 1416 2428 facultate
1438 2348 1555 2456 quam
1579 2343 1646 2430 vel
1676 2346 1758 2461 ipsa
1781 2346 1935 2460 srmplex

507 2499 620 2582 aqua.
649 2385 776 2552 lenia
794 2462 891 2547 veri)
913 2458 1132 2570 saponacea
1155 2481 1205 2540 ex
1226 2457 1343 2539 acido
1365 2465 1408 2541 &
1432 2456 1527 2542 oleo
1551 2456 1632 2543 levi
1649 2459 1821 2574 vegetali
1843 2489 1936 2543 con-

506 2585 629 2688 flata,
658 2574 781 2664 multi
807 2572 906 2685 aqud
931 2567 1059 2654 soluta
1084 2570 1255 2682 praestant
1282 2569 1419 2676 idem,
1444 2595 1489 2654 ut
1515 2575 1685 2686 reperire
1712 2575 1765 2656 est
1792 2573 1934 2658 insero

507 2695 644 2802 lanis,
670 2696 710 2776 in
734 2689 929 2776 fruetuum
950 2685 1174 2767 horaeorum
1189 2679 1316 2764 succis
1328 2743 1342 2788 ,
1366 2685 1407 2765 in
1429 2683 1616 2767 saccharo
1634 2692 1675 2768 ὅ(
1696 2683 1820 2772 melle
1839 2718 1853 2786 3
1875 2687 1937 2767 nist

508 2807 619 2921 quod
642 2810 684 2890 in
711 2807 771 2888 his
797 2801 945 2886 ultimis
974 2793 1186 2878 substantiis
1215 2792 1350 2876 oleum
1375 2796 1659 2909 praedominans
1685 2800 1746 2882 srti
1771 2796 1936 2883 levanda

509 2921 655 3008 nedum
673 2919 719 3004 stt
736 2915 949 3018 idoneum,
965 2911 1069 2992 hanc
1088 2903 1227 2990 contri
1244 2910 1423 2992 concitet
1431 2969 1447 3014 ,
1468 2908 1647 3020 adeoque
1663 2913 1783 2996 acido
1804 2911 1936 2996 oleoso

509 3031 791 3150 corrigendum
804 3028 861 3112 stt.
883 3025 942 3108 Ea
955 3023 1052 3107 verb
1068 3021 1203 3104 omnia
1220 3021 1276 3103 ita
1292 3019 1514 3105 exhibenda
1529 3023 1617 3107 sunt
1637 3051 1681 3106 ut
1698 3027 1936 3108 stomachum

509 3179 593 3236 non
606 3167 793 3260 gravent,
808 3137 1089 3248 ejusviresnon
1105 3128 1349 3241 obtundant,
1366 3161 1443 3218 nec
1458 3137 1601 3249 poffint
1612 3134 1702 3224 bilis
1710 3200 1726 3244 ,
1741 3169 1828 3250 quae
1841 3138 1935 3222 mals

508 3263 659 3348 secreta
689 3257 876 3342 ariditatis
906 3252 1202 3334 instrumentum
1226 3247 1311 3355 est,
1342 3249 1608 3336 astuosrtatem
1636 3253 1872 3357 retundere,
1896 3275 1936 3338 ut

507 3374 653 3492 possint
671 3368 786 3456 simul
805 3363 941 3450 halitui
964 3360 1194 3445 indesinenti
1214 3360 1441 3473 tepidorum
1466 3359 1698 3448 balneorum
1726 3363 1936 3450 misceri&

509 3489 692 3573 maritari.
712 3483 785 3568 Sic
803 3477 957 3568 nullum
976 3471 1024 3559 ab
1046 3475 1339 3570 humesiatione
1357 3471 1515 3560 vacabit
1533 3481 1722 3593 temporis
1744 3481 1935 3592 punslum.

508 3603 565 3688 At
581 3601 772 3714 regimine
791 3591 966 3678 diluente
981 3584 1136 3670 suffulta
1153 3585 1441 3672 medicamenta
1456 3587 1595 3676 melius
1612 3589 1776 3676 diluent.
1795 3592 1936 3676 vernn

508 3719 570 3804 his
586 3709 771 3800 omnibus
788 3709 843 3790 ita
862 3700 1061 3788 miscenda
1078 3697 1166 3782 sunt
1181 3705 1383 3789 narcotica
1396 3715 1463 3809 ut,
1481 3732 1575 3812 quas
1592 3706 1821 3788 humedans
1836 3702 1938 3788 diaeta

509 3862 593 3917 non
606 3825 781 3944 potuerit
789 3823 950 3905 vincere
961 3877 976 3923 ,
997 3817 1092 3898 vi&
1107 3839 1190 3897 arte
1201 3814 1414 3900 domentur
1427 3814 1592 3929 vigilioe;
1615 3819 1694 3901 stne
1707 3819 1815 3901 enim
1836 3817 1937 3902 som·

509 3977 587 4053 no,
603 3945 681 4026 stne
695 3957 877 4024 curarum
890 3939 933 4015 dt
947 3921 1232 4012 meditabundae
1247 3926 1524 4014 sollicitudinis
1538 3926 1730 4036 absentis,
1744 3928 1936 4042 nunquim

507 4060 640 4162 vinci,
661 4077 728 4138 aut
742 4050 890 4163 corrigi
905 4044 1053 4160 poterit
1063 4037 1242 4146 ariditas,
1260 4067 1377 4150 quam
1390 4043 1523 4128 frustra
1537 4046 1824 4130 contranitente
1834 4065 1933 4146 arte,

467 4245 476 4255 .
509 4169 586 4258 illae
607 4171 760 4283 semper
786 4170 829 4250 ὅ(
854 4155 1046 4279 perpetui>
1070 4147 1272 4238 inducent.

870 4357 1414 4452 A'RTICULUS
1479 4353 1578 4448 IV.

797 4543 864 4628 De
889 4537 1079 4651 efftdt'btu
1095 4543 1193 4662 stalis
1222 4537 1410 4628 radiorum
1436 4537 1477 4620 ιἰι
1503 4559 1640 4620 cutem.

567 4741 709 4830 Locus
738 4747 804 4830 hic
833 4745 929 4834 esset
956 4746 1007 4832 de
1037 4740 1312 4834 combustione
1338 4740 1480 4857 agendi
1508 4741 1687 4854 ignisque
1716 4736 1866 4825 admoti
1894 4729 1939 4820 ad

511 4885 646 4952 cutem
667 4857 898 4966 effeslibu83
923 4864 1061 4990 veriam
1087 4869 1179 4950 carn
1202 4859 1283 4976 ipsa
1308 4853 1530 4946 combustio
1538 4913 1553 4964 ,
1578 4881 1646 4942 aut
1667 4853 1717 4938 ad
1742 4845 1942 4966 eryfipelnt
