4250 5898
367 545 373 558 ⁸
515 563 714 677 angustiis,

514 403 597 516 „a
949 396 1058 488 na
1116 393 1479 488 ato-aurs
1637 469 1640 474 .
1727 477 1733 490 .

766 563 823 648 ost
845 578 1031 646 aemmnas
1054 589 1190 676 graves
1212 562 1451 674 &ingentes
1474 553 1600 640 luens
1612 615 1626 662 ,
1653 549 1829 670 pediculi
1858 549 1947 644 suc-

515 676 704 762 crescant.
738 592 840 759 inde
875 673 1031 758 Medici
1062 700 1201 760 omnes
1243 673 1376 757 Graeci
1408 666 1629 756 &Arabes
1660 665 1952 754 melancholici

514 785 664 899 aliquid
678 785 827 872 subesie
842 785 1072 892 credidere,
1092 794 1134 872 δι
1152 787 1174 869 ὲ
1189 784 1445 872 crassamento
1463 789 1505 866 δι
1523 806 1781 866 excremento
1797 777 1948 863 melan·

501 899 681 990 ‘cholico
707 903 902 986 hommce
927 897 1155 983 animalium
1186 900 1482 1012 generationem
1506 893 1678 1010 pendere
1706 892 1947 978 asseverave-

357 1057 360 1066 Α
517 1038 618 1098 runt.
634 1012 763 1096 Datur
782 1011 889 1096 certe
901 1015 1092 1096 cachexia
1102 1008 1358 1125 pedicularis,
1372 1035 1417 1094 ut
1431 1010 1484 1091 est
1497 1007 1687 1092 cachexia
1700 1005 1948 1111 verminosa,

547 1157 602 1208 uae
623 1122 803 1230 climate,
819 1123 889 1208 usu
910 1122 1211 1229 alimentorum,
1238 1120 1435 1227 moribus,
1459 1122 1828 1204 communicatione
1846 1119 1948 1204 vires

517 1155 647 1324 lumit.
668 1236 790 1322 Certe
803 1236 900 1322 licet
914 1235 1045 1352 plures
1058 1236 1226 1326 viderim
1240 1240 1322 1320 hoc
1334 1235 1554 1320 infortunio
1568 1231 1709 1316 leviter
1723 1229 1949 1316 laborantes

518 1379 662 1466 pueros
672 1412 686 1456 ,
714 1347 869 1436 nullum
888 1379 1059 1460 unquam
1079 1348 1171 1434 inde
1190 1347 1432 1434 occumbere
1450 1345 1586 1430 vidisse
1605 1347 1805 1459 contigit,
1825 1372 1950 1452 quan·

518 1466 662 1549 tumuis'
685 1492 758 1577 pro
782 1459 983 1548 lethali&
1007 1488 1156 1546 certam
1176 1463 1226 1546 ad
1246 1487 1418 1546 mortem
1436 1459 1662 1545 deducente
1688 1455 1738 1542 ab
1763 1455 1950 1544 omuibus

519 1574 715 1686 aqualiter
737 1573 959 1662 sudoribus
980 1573 1144 1660 morbus
1168 1571 1237 1660 ille
1260 1572 1415 1660 habitus
1437 1571 1568 1657 fiterit.

530 1753 535 1760 -
573 1684 641 1774 De
664 1691 787 1774 causis
810 1688 971 1799 quidem
993 1692 1156 1776 remotis
1174 1713 1291 1798 atque
1308 1689 1498 1804 proximis
1517 1682 1630 1790 hujus
1652 1681 1786 1768 morbi
1807 1681 1852 1766 id
1874 1680 1948 1768 sci-

519 1831 637 1907 mus,
659 1800 845 1887 morbum
871 1801 1031 1912 quidem
1107 1799 1323 1886 dicularem
1344 1803 1420 1886 hos
1445 1799 1654 1915 presertim
1674 1795 1862 1882 invadere
1883 1799 1948 1906 qui

520 1913 571 1996 ad
593 1915 825 1997 cachexiam
848 1918 964 2038 proni
988 1941 1054 2000 ant
1100 1911 1346 2028 pubertatem
1366 1911 1412 1999 eit
1433 1913 1729 2018 condiamur,
1748 1915 1835 1994 ritm
1855 1911 1950 1993 verb

520 2028 640 2110 etiam
663 2051 735 2108 eos
758 2028 825 2134 qui
846 2053 925 2130 Jam
947 2028 990 2108 in
1013 2025 1130 2112 decre
1158 2031 1254 2110 itam
1277 2026 1517 2112 senesiutem
1537 2049 1731 2137 vergunt,
1757 2021 1948 2138 praecipue

520 2137 618 2224 verb
639 2133 984 2244 melancholicos,
1012 2055 1215 2244 sordidos,
1243 2145 1285 2224 bt
1304 2141 1332 2221 st
1351 2139 1511 2250 quando
1537 2163 1649 2252 reges
1673 2157 1787 2246 arque
1806 2135 1947 2219 divites

521 2247 716 2354 adoritur,
732 2247 832 2333 illud
852 2250 1045 2366 precipue
1063 2249 1156 2334 inde
1170 2251 1465 2365 pendet,'qubd
1482 2251 1576 2335 ditm
1594 2253 1678 2334 vita
1695 2247 1787 2350 luxu
1800 2247 1945 2330 diffluit

523 2369 642 2473 ardue
661 2361 834 2469 diuitiis,
860 2361 1046 2446 alimenta
1063 2361 1178 2477 plena
1197 2364 1305 2448 succi
1328 2391 1610 2479 aggregantur,
1631 2391 1682 2475 ag
1711 2359 1948 2446 lomerantur

523 2477 642 2558 etiam
668 2477 944 2559 concouionis
963 2479 1091 2560 nimiae
1114 2503 1376 2560 excrementa.
1396 2480 1544 2561 Verhm
1566 2503 1648 2560 non
1669 2391 1757 2560 litis
1780 2471 1951 2558 offinee

524 2587 575 2672 de
590 2586 705 2672 causi
720 2587 901 2702 proximi
943 2589 1178 2674 renuntiasse
1196 2590 1351 2674 viderur
1359 2589 1542 2674 Galenus
1561 2593 1647 2694 (a),
1665 2585 1770 2672 'licet
1787 2589 1828 2670 ei
1845 2584 1948 2672 subs-

443 2768 446 2784 ,
524 2697 883 2787 cribathvicennas
897 2619 939 2808 (l

523 2811 858 2900 tertiscouionis
869 2877 883 2922 ‚
908 2843 991 2898 non
1010 2813 1337 2922 camenctum,
1361 2843 1429 2900 aut
1448 2819 1575 3012 pravis
1586 2876 1600 2920 ,
1621 2815 1714 2924 quia
1732 2841 1786 2898 ex
1810 2815 1888 2898 acri
1905 2821 1950 2898 fic

935 2703 1055 2806 )dhm
1066 2707 1120 2786 ait
1130 2701 1339 2818 pediculos
1350 2706 1462 2817 gigni
1474 2701 1523 2788 ab
1536 2704 1801 2786 excrementis
1815 2697 1949 2786 ealidis

524 2923 717 3010 virulenti
736 2927 898 3012 materiai
909 2925 1063 3014 nullum
1084 2927 1228 3012 animal
1242 2931 1428 3042 gignitur.
1481 2951 1692 3014 roventum
1705 2924 1823 3014 illum
1836 2929 1950 3012 edam

522 3035 594 3122 sub
609 3065 702 3122 cute
716 3041 801 3122 fieri
815 3041 923 3154 posse
929 3104 944 3148 ,
964 3069 1040 3126 nec
1054 3039 1183 3125 solum
1199 3042 1250 3126 ad
1268 3069 1400 3126 cutem
1419 3039 1523 3151 nasci
1539 3039 1794 3126 contendunt
1801 3103 1817 3146 ,
1833 3043 1951 3126 aiuttt-

521 3176 603 3260 que
628 3150 835 3262 pediculos
861 3150 930 3236 sub
959 3181 1061 3238 cute*
1080 3183 1194 3240 natos
1226 3157 1371 3238 minori
1401 3155 1553 3272 semper
1578 3151 1689 3238 mole
1714 3153 1885 3261 donari,
1908 3179 1951 3238 ut

523 3260 620 3378 pote
646 3262 846 3370 inclusos,
877 3293 953 3349 nec
979 3267 1089 3380 spatii
1122 3294 1332 3380 compotes
1363 3265 1605 3378 majoresque
1633 3269 1703 3378 qui
1732 3267 1786 3351 ad
1819 3294 1950 3352 cutem

524 3381 566 3460 ὃ(
585 3375 627 3458 in
646 3401 735 3462 aere
751 3373 879 3461 libero
899 3377 1133 3482 nascuntur3
1149 3381 1261 3492 quod
1279 3411 1329 3464 an
1345 3380 1620 3466 observatione
1639 3407 1895 3496 compertum
1909 3381 1951 3466 ht
2094 3410 2095 3482 i

524 3488 675 3573 nescire
695 3517 760 3574 me
780 3489 958 3575 fatebor?
1673 3511 1679 3522 '

577 3600 756 3707 Verum,
779 3599 877 3688 licet
901 3607 942 3688 in
963 3602 1040 3690 bic
1063 3603 1374 3690 consideratione
1393 3605 1514 3692 causae
1534 3601 1723 3690 morbum
1745 3607 1953 3692 efficientis

525 3709 656 3824 aliqua
671 3742 766 3798 vera
782 3716 876 3822 sint,
897 3715 1102 3830 problema
1126 3747 1209 3800 non
1225 3717 1404 3803 solvitur.
1433 3719 1479 3802 Id
1503 3729 1678 3826 coitum,
1702 3721 1826 3805 ineffe
1847 3721 1952 3836 posl'e
2093 3743 2094 3780 l

523 3823 681 3942 limphae
708 3833 750 3922 ὃς
778 3857 903 3912 muco
926 3833 1091 3914 nutritio
1117 3827 1287 3940 aliquam
1309 3833 1528 3916 raucedinis
1557 3833 1729 3946 speciem
1755 3863 1843 3945 qua
1864 3838 1949 3918 haec

524 3938 705 4024 animalia
727 3941 919 4056 precipue
940 3943 1076 4026 foveat
1099 3967 1218 4051 atque
1241 3941 1410 4029 delesset
1421 4007 1435 4052 ‚
1460 3945 1567 4030 unde
1587 3973 1664 4028 ova
1686 3948 1729 4027 in
1750 3974 1807 4030 eo
1828 3945 1951 4062 depo·
2092 3947 2093 3960 '

526 4079 628 4136 num
639 4114 652 4156 ,
673 4083 757 4163 quae
780 4052 956 4168 plurimis
978 4055 1031 4140 de
1051 4055 1173 4138 causis
1224 4055 1328 4141 osteh
1349 4058 1513 4165 intrusa,
1535 4085 1601 4142 aut
1616 4060 1657 4142 vi
1674 4059 1796 4142 etiam
1813 4061 1952 4144 veruti·

528 4163 709 4248 culorum
727 4169 916 4274 animata,
935 4167 1092 4284 possunt
1111 4085 1227 4283 prosih

529 4273 667 4360 calore
677 4275 762 4362 loci
777 4278 1027 4390 adolescant,
1041 4287 1083 4366 ὃ(
1096 4282 1138 4364 in
1151 4281 1321 4396 perfeda
1336 4283 1476 4366 inseua
1489 4309 1699 4366 mutentur.
1717 4283 1840 4370 Nasci
1861 4283 1954 4367 inde

528 4389 711 4504 possunt,
727 4391 971 4528 circumrosfi
990 4398 1100 4528 omni
1112 4391 1280 4524 vicinis,
1293 4391 1430 4528 ulcera
1444 4394 1531 4539 plus
1545 4397 1955 4592 minusvelparofturda,

525 4497 1722 4728 sse
1747 4511 1957 4740 „tm

562 4779 619 4938 lbi
636 4769 997 4938 hiiicehhflibihtiffisehif‘i
1006 4801 1187 4945 ‚cirihzlcap
1202 4871 1250 4926 26.
1397 4959 1400 4966 Ι

1231 4167 1342 4254 ridiirs
1361 4197 1590 4284 penetrare,
1609 4179 1652 4254 &
1667 4169 1804 4274 inseri,
1822 4171 1954 4256 donec
2091 4230 2092 4240 r
