4188 5916
486 408 571 506 356
924 393 1035 482 DE
1094 391 1147 479 M
1173 393 1220 480 Ο
1246 393 1291 481 R
1317 391 1355 479 B
1379 395 1405 480 1
1428 393 1461 480 S

486 557 584 642 bum
609 585 743 645 tamen
767 559 982 672 analogtmr
1005 560 1088 642 vidi
1111 563 1153 643 in
1171 563 1262 642 viro
1290 557 1602 669 qradragmio
1626 557 1699 668 qni
1722 551 1917 638 inferioris

485 673 745 758 Noram-,niz
767 673 902 755 littora
923 671 1125 756 habitabat
1144 680 1186 755 dt
1214 673 1366 755 Par'niis
1390 669 1624 753 consulendi
1650 667 1775 782 graii
1798 669 1917 751 adre-

486 814 610 870 nerat.
634 787 674 870 ls
693 791 837 868 flatura·
849 786 1112 899 pregrandis,
1138 815 1312 898 corpore
1326 784 1542 866 macilento
1561 787 1745 896 insignis,
1761 781 1916 862 vultum

484 925 608 1006 atque
620 929 756 982 manus
769 898 982 1012 grandibus
995 901 1129 982 cruslis
1142 928 1238 1007 quas
1252 898 1401 1029 lanugo
1415 927 1501 979 rara
1518 907 1563 980 dt
1582 896 1720 1028 mollis
1732 892 1917 1024 vestiebat

483 1009 1916 1238 psnrnmfflppffimffl

483 1261 593 1320 rante
605 1296 622 1342 ,
651 1239 721 1347 qui
745 1237 811 1321 die
838 1237 995 1345 sileret,
1026 1243 1149 1322 noiiu
1173 1237 1425 1320 revisisoeret
1448 1269 1464 1335 ;
1495 1235 1734 1318 decidebant
1757 1239 1912 1318 incerto

480 1373 667 1463 ternpore
692 1353 855 1457 crusis,
884 1349 971 1434 aliis
1001 1349 1112 1433 bidui
1144 1348 1357 1433 intervallo
1380 1348 1673 1433 mnsoertribus
1685 1413 1701 1453 ,
1725 1350 1807 1432 fine
1827 1345 1912 1430 ullo

479 1463 1912 1577 humorisexitu‚&s1quandoperartem,fiqnnemomniatennta
2087 1493 2088 1570 l

476 1575 597 1686 sunt,
619 1575 856 1662 tollerentur
879 1573 985 1684 illa,
1011 1580 1156 1662 cutisa
1276 1574 1910 1689 batrubella,deprellatamen,

481 1697 526 1775 dt
552 1689 653 1774 infra
678 1721 766 1777 oras
792 1693 896 1776 cutis
920 1691 1016 1774 sane
1041 1687 1142 1774 subli
1169 1718 1240 1773 ens
1253 1753 1269 1794 ,
1297 1699 1339 1774 δι
1361 1691 1467 1800 quali
1492 1689 1563 1770 sub
1589 1693 1723 1772 cruslis
1744 1689 1911 1801 eryfipe·

479 1801 618 1888 latosa.
648 1809 705 1889 At
728 1804 798 1888 illa
820 1804 931 1888 brevi
954 1801 1098 1910 lemis,
1121 1803 1295 1914 indeque
1319 1806 1455 1888 crustis
1480 1812 1610 1886 mrsr'rs
1637 1799 1908 1913 obtegebatur.

480 1917 626 2000 crana
643 1917 808 2023 albida,
833 1915 1101 2032 splendentes,
1120 1917 1171 2000 ad
1194 1916 1342 2000 limbos
1364 1916 1530 1998 subrufae
1548 1943 1680 2020 erant,
1699 1914 1909 2024 aliquando

479 2029 677 2143 sanguinis
704 2034 911 2114 tintluram
931 2029 986 2112 ob
1010 2029 1203 2144 scalptum
1231 2030 1395 2113 admixti
1426 2028 1497 2111 fibi
1521 2027 1737 2112 sumebant.
1771 2028 1909 2142 Origi-
2087 2067 2088 2074 κ

470 2169 572 2226 nem
597 2140 796 2228 alevibus
822 2146 942 2226 initiis
968 2143 1116 2226 malum
1145 2142 1320 2227 duxerat.
1356 2144 1531 2226 Pmritus
1557 2143 1840 2226 incommodus
1868 2150 1908 2227 bt

476 2253 637 2450 ppllulae
652 2253 763 2340 leves
781 2255 1024 2370 negligenda
1052 2253 1159 2340 malo
1187 2255 1325 2340 rebelli
1343 2283 1461 2366 atque
1484 2256 1789 2370 petinacillimo
1811 2284 1905 2369 pra·

521 2369 660 2452 serant.
673 2371 842 2484 Semper
853 2371 956 2454 reue
965 2367 1155 2477 valuerat,
1164 2377 1207 2453 dt
1219 2369 1482 2484 suspicionem
1496 2369 1589 2452 mali
1602 2375 1762 2454 venerei
1776 2374 1906 2454 omnia
2087 2467 2088 2470 g

472 2509 632 2596 paratus
655 2481 785 2568 subire
803 2483 976 2568 remedia
995 2481 1117 2596 longe
1138 2481 1334 2596 abigebat.
1359 2481 1487 2566 Nulla
1507 2484 1577 2597 ipsr
1601 2483 1700 2568 fides
1722 2485 1905 2584 admota;

474 2599 705 2680 vexavimus
741 2595 926 2680 miserum
963 2597 1086 2705 usque
1121 2597 1170 2679 ad
1202 2597 1394 2680 saffidium
1420 2594 1667 2682 sriffionibus
1695 2604 1739 2680 ὃ(
1764 2601 1906 2681 inunc-

476 2708 653 2794 tionibus
675 2708 985 2794 mercurialibus.
1007 2709 1286 2796 successerunt
1305 2737 1356 2794 ex
1376 2713 1583 2794 communi
1602 2709 1765 2793 consrlio
1784 2710 1907 2794 suffu-

464 2825 623 3018 tn
637 2821 1905 3050 ernnunrrnnnrnrnrau

633 2998 648 3041 2

464 3048 669 3132 methodo
692 3048 955 3134 Celeberrimi
977 3051 1067 3135 Van
1091 3051 1278 3134 Swieten.
1310 3051 1424 3133 Irrita
1446 3051 1558 3134 fuere
1581 3081 1687 3164 aegro
1711 3049 1901 3136 fastidiosa

471 3162 558 3246 baec
588 3167 830 3271 tentamina,
858 3163 1006 3248 malum
1028 3163 1218 3279 perstabat
1239 3162 1461 3248 immobile.
1482 3163 1666 3248 Tandem
1685 3192 1737 3248 ex
1759 3167 1900 3278 viperis

470 3281 516 3358 ὅ(
541 3271 620 3358 sale
643 3280 824 3390 viperino
849 3274 1032 3362 consesla
1059 3278 1148 3362 sunt
1170 3273 1320 3384 juscula
1348 3283 1391 3359 dt
1418 3277 1616 3361 sumendis
1637 3275 1797 3382 jusculis
1821 3276 1898 3388 sal,

469 3413 522 3471 ne
542 3389 665 3472 virtus
684 3393 792 3474 irrita
816 3391 1001 3496 caderet,
1031 3391 1263 3474 admixtum.
1291 3391 1468 3475 Demlrm
1495 3393 1686 3504 regimine
1709 3419 1761 3475 ex
1780 3419 1898 3506 vege-

468 3499 641 3585 tantibus
659 3505 905 3619 prescripto,
926 3503 1119 3614 simulque
1141 3503 1268 3618 longo
1288 3504 1358 3588 usu
1377 3505 1531 3615 ptisanae
1545 3504 1768 3588 sudorifera
1784 3530 1896 3615 atque

467 3619 695 3728 purgantis,
731 3617 780 3700 ad
807 3622 970 3730 patriam
997 3617 1291 3704 amandavimus
1318 3621 1447 3701 virum
1471 3649 1555 3701 non
1573 3619 1736 3702 divitem
1763 3626 1805 3700 bt
1832 3621 1897 3728 qui

339 3745 341 3750 '
466 3743 592 3810 tantas
619 3723 697 3834 jam
729 3731 925 3842 perpessus
953 3731 1078 3816 fuerat
1108 3759 1252 3816 moras.
1286 3731 1542 3816 Convaluilse
1571 3732 1702 3816 audivi
1717 3793 1732 3836 ‚
1760 3735 1895 3816 verbm

464 3867 541 3924 nec
553 3842 787 3926 methodum
803 3846 900 3926 novi
908 3905 923 3948 ‚
940 3851 981 3926 &
997 3873 1046 3926 an
1060 3845 1185 3951 casus,
1200 3844 1435 3929 Medicusve
1447 3845 1660 3950 levaverit,
1677 3846 1790 3928 cerro
1801 3844 1896 3928 scire

464 3981 548 4037 non
579 3956 705 4070 potui.
742 3955 837 4040 Vidi
864 3981 996 4040 tamen
1025 3958 1190 4044 similem
1221 3957 1304 4043 fere
1333 3959 1465 4042 casum
1495 3963 1660 4042 omnino
1688 3956 1892 4063 sanamm,

464 4060 592 4180 longo
612 4069 681 4151 usu
701 4067 908 4183 pilularum
924 4067 1080 4152 illarum
1096 4069 1386 4155 mercurialium
1410 4101 1493 4181 quae
1514 4072 1559 4154 de
1578 4069 1743 4179 Belsofle
1758 4069 1896 4154 dicun·

463 4201 528 4260 tur
537 4239 551 4284 ,
567 4183 607 4261 in
626 4181 861 4268 nobilissimi
878 4181 1064 4288 muliere,
1083 4213 1167 4378 (pue
1179 4181 1276 4268 licet
1290 4192 1332 4267 bt
1347 4183 1520 4268 maculas
1531 4184 1718 4272 crustosas
1729 4180 1838 4268 leves
1853 4192 1893 4268 bt

462 4285 711 4405 lanuginosas
729 4301 994 4410 experiretur,
1022 4296 1071 4380 ad
1110 4324 1252 4381 eucem
1271 4323 1404 4381 veram
1428 4307 1469 4383 δι
1493 4299 1722 4408 exquisrtam
1751 4297 1894 4382 referre

462 4399 556 4486 ideo
572 4433 787 4518 nequeam,
810 4411 919 4520 quod
934 4414 975 4494 in
994 4409 1146 4495 saemins
1161 4407 1183 4494 b
1196 4408 1321 4495 tribus
1336 4410 1525 4527 puerperii
1539 4409 1733 4496 mensrbus
1746 4409 1893 4522 aliquid

459 4511 575 4602 lanei
595 4521 635 4602 in
661 4519 768 4606 malo
793 4519 914 4608 latere
937 4522 1116 4638 legitime
1139 4525 1321 4640 suspicari
1343 4525 1496 4612 liceret.

515 4629 638 4716 Multi
664 4638 806 4746 pariter
830 4634 896 4720 alii
922 4636 1065 4724 similes
1090 4643 1333 4754 reperiuntur
1358 4641 1476 4724 casus.
1490 4637 1594 4753 apud
1621 4640 1797 4722 auuores
1827 4635 1892 4746 qui

458 4741 510 4831 ad
525 4739 670 4830 leucen
686 4747 820 4832 referri
833 4745 1004 4864 possunt,
1018 4758 1061 4835 bt
1074 4756 1143 4863 qui
1156 4751 1226 4836 sub
1240 4755 1402 4837 nomine
1418 4749 1561 4840 scabiei
1574 4751 1887 4866 impurae‚psorae,

456 4885 524 4946 aut
539 4857 708 4948 aliorum
721 4857 904 4948 sutilium
919 4861 1153 4952 morborum
1169 4862 1450 4954 describuntur.
1473 4867 1581 4953 Nam
1598 4867 1742 4954 siveris
1761 4866 1892 4950 nomi·
