4250 5898
493 419 579 542 32'8'
933 401 1041 514 DE
1100 407 1465 504 MORBIS

526 612 624 670 enua
637 573 688 668 de
701 576 929 691 quantiam
941 580 1028 666 fuae
1034 641 1048 686 ,
1062 581 1140 664 ut'b
1153 577 1272 666 causb
1283 579 1461 674 interiori
1475 571 1750 692 pendentibus,
1762 575 1934 691 egimuo

499 619 649 793 berum
663 724 790 778 rarum
803 697 855 790 est
865 695 969 797 hac,
983 695 1013 776 sr
1028 693 1236 804 praesertim
1251 687 1442 776 notabilia
1458 691 1551 794 smt,
1573 695 1594 772 ai
1610 688 1725 773 causa
1742 695 1931 804 exteriori

501 812 724 912 concitari,
746 807 832 904 ,stne
857 806 1052 889 concursu
1079 814 1121 890 δι
1149 803 1352 889 consortio
1379 805 1576 896 interioris
1600 802 1732 884 causa.
1759 802 1861 913 Quae
1883 831 1930 889 ut

500 923 804 1036 dignoscantur,
833 915 1081 1031 summopere
1107 917 1387 1002 attendendum
1408 915 1530 1000 estad
1552 915 1769 1026 diagnosmr
1798 916 1930 1000 causa-

367 1032 370 1038 ’
501 1065 589 1142 rum
615 1041 656 1115 bt
686 1030 736 1113 ad
765 1029 1042 1116 discretionem
1071 1029 1376 1144 symptomatum
1402 1030 1546 1139 cuique
1570 1027 1931 1142 causarum-generi

502 1142 771 1250 essentialium.
1111 1195 1115 1206 ·
1766 1185 1775 1202 ·
1886 1223 1890 1234 ,

508 1355 526 1364 ..
558 1261 733 1372 Frigoris
749 1258 851 1338 aelio
869 1259 1019 1360 cutim,
1036 1255 1270 1369 crispatione
1283 1250 1458 1358 inducta,
1474 1259 1514 1335 bt
1531 1252 1659 1336 fluidis
1675 1251 1930 1360 harentibus,

501 1376 544 1458 in
558 1367 790 1484 granulosos
805 1395 978 1452 tumores
991 1366 1140 1466 elevat:
1153 1363 1412 1479 gallinaceam
1430 1369 1551 1466 cutim
1569 1365 1705 1449 dicuat
1721 1369 1933 1467 nostrates;

482 1488 542 1567 'hi
564 1483 612 1568 ad
623 1481 803 1566 calorem
813 1483 895 1564 soci
913 1480 1072 1564 levioris
1087 1479 1197 1563 brevl
1211 1479 1432 1562 concidunt
1446 1485 1487 1561 ar
1499 1480 1792 1590 extinguuntur.
1806 1483 1930 1564 Acce·

501 1595 568 1696 dat
591 1625 639 1681 ex
661 1595 747 1679 altis
773 1591 1033 1706 penetralibus
1061 1594 1240 1704 corporis
1265 1593 1439 1676 accitum
1468 1593 1608 1676 vitium
1620 1651 1634 1696 ,
1663 1590 1798 1699 quidni
1825 1597 1928 1708 phy-

501 1736 633 1812 mata,
659 1705 884 1812 furunculi,
909 1708 1181 1790 exanthemata
1206 1702 1435 1790 nascantur?

511 1819 716 1920 ;·Caloris
734 1822 847 1904 aetio
875 1823 917 1902 in
943 1845 1077 1902 cutem
1102 1819 1244 1931 pariter
1270 1813 1330 1898 illi
1355 1843 1529 1908 tumores
1559 1846 1687 1900 novos
1715 1813 1930 1902 conciliare

501 1936 640 2050 potest.
675 1933 820 2016 Omnis
848 1932 1062 2014 humorum
1095 1927 1222 2014 moles
1237 1989 1251 2032 ,
1284 1931 1413 2012 omnis
1442 1926 1660 2012 solidorum
1687 1959 1930 2046 compages,

500 2044 686 2132 sensilitas
707 2044 786 2158 ipsa
803 2046 908 2126 cutis
934 2042 983 2130 ad
998 2041 1165 2128 furfures
1184 2043 1374 2153 primbm,
1402 2039 1494 2128 dein
1516 2038 1767 2154 eryfipelata,
1789 2043 1930 2158 phleg-

501 2187 641 2258 monas
662 2156 820 2239 demum
843 2152 1121 2268 producendos
1141 2177 1412 2258 concurrunt,
1440 2153 1665 2264 mutataque
1689 2157 1813 2239 toties
1840 2187 1932 2240 cor·

501 2273 610 2386 poris
636 2267 796 2354 diathesr
827 2274 868 2350 bt
893 2272 936 2350 in
962 2267 1308 2349 inflammatorium
1333 2262 1444 2349 versi
1469 2269 1636 2366 vitium;
1665 2267 1762 2377 quid
1787 2271 1927 2353 mirum

502 2385 530 2468 sr
555 2381 726 2488 vibices,
757 2381 960 2470 anthraces
992 2387 1033 2463 ὅ(
1058 2379 1218 2494 pessima
1243 2405 1406 2490 quaeque
1439 2377 1542 2462 mala
1570 2381 1612 2464 in
1637 2406 1774 2468 cutem
1799 2377 1927 2470 eliciat

502 2494 616 2592 calor
637 2498 844 2581 externus?
1008 2515 1010 2518 ·
1417 2587 1420 2592 ,

557 2605 815 2714 Nullaenim
847 2605 899 2691 est
933 2604 982 2692 ad
1000 2604 1256 2719 putredinem
1284 2607 1408 2719 magis
1442 2631 1529 2722 apta
1560 2606 1774 2740 dispositio.
1808 2608 1931 2694 Nulla

503 2752 601 2834 ergo
630 2721 680 2805 ad
707 2721 1024 2836 suppurationem
1051 2721 1175 2830 magis
1196 2714 1383 2801 inclinata
1403 2719 1682 2826 inflammauo,
1703 2719 1824 2831 quirm
1873 2755 1929 2805 uae

503 2839 527 2920 ὲ
548 2831 682 2920 calore
703 2833 860 2948 pendet.
885 2831 965 2916 Sed
984 2827 1061 2936 jam
1083 2833 1204 2916 cutim
1223 2831 1328 2941 quast
1346 2827 1541 2914 malorum
1559 2829 1736 2917 altricem
1754 2751 1930 2920 incolare

502 2975 586 3031 non
608 2945 715 3031 licet.
741 2942 977 3030 Mulieribus
999 2941 1286 3058 gravidis'saepb
1310 2945 1411 3028 cutis
1434 2945 1487 3027 src
1509 2942 1760 3059 deturpatur,
1784 2974 1830 3032 ut
1848 2943 1929 3032 ma-

502 3085 659 3152 tronam
684 3057 959 3143 nobilislimarn
980 3059 1021 3140 in
1045 3057 1229 3168 nigritam
1254 3061 1410 3169 prorsits
1442 3057 1670 3142 conversam
1700 3057 1928 3145 observave-

500 3175 578 3256 rim
595 3170 697 3270 ;,sed
715 3171 881 3283 nigredo
897 3167 965 3252 illa
984 3181 1006 3252 a
1024 3167 1255 3281 graviditate
1269 3177 1312 3254 bt
1329 3169 1616 3282 compressione
1634 3175 1802 3286 partium
1823 3199 1926 3279 orta,

502 3286 773 3400 pigmentique
795 3284 897 3398 nigri
923 3280 1031 3388 quod
1056 3279 1230 3390 undique
1254 3284 1355 3364 intra
1375 3312 1446 3365 cor
1475 3285 1553 3366 oria
1573 3313 1718 3398 organa
1743 3289 1926 3400 reperitur

504 3395 757 3500 deviatione,
786 3391 885 3476 nihil
914 3417 1006 3478 cum
1036 3419 1128 3476 cute
1155 3421 1370 3478 commune
1397 3312 1590 3500 habebat,
1624 3398 1692 3482 nist
1723 3399 1835 3506 qubd
1862 3396 1927 3480 illa

503 3511 643 3592 vitium
664 3505 820 3593 aliunde
843 3531 978 3590 natum
1001 3501 1247 3616 suscepisset,
1275 3514 1318 3589 bt
1345 3504 1472 3590 oculis
1496 3507 1709 3598 videndum
1731 3507 1927 3594 exhibuis-

501 3620 582 3726 set,
604 3647 648 3716 ut
662 3624 730 3730 qui
743 3617 838 3762 sape
852 3615 901 3700 ab
919 3618 1072 3702 intenso
1087 3617 1235 3731 frigore
1250 3621 1290 3701 in
1303 3646 1386 3700 non
1402 3618 1553 3704 assuetis
1573 3621 1783 3704 nascuntur
1803 3626 1927 3724 iaetu

501 3735 545 3820 hi
570 3729 593 3815 ὲ
618 3761 807 3826 concreta
829 3729 910 3818 bile
936 3730 1109 3849 pendent
1121 3791 1137 3838 ,
1170 3759 1304 3821 cutem
1332 3735 1609 3822 tantummode
1634 3731 1802 3822 maculis
1818 3764 1926 3822 con-

499 3871 701 3948 tammam.
1286 3869 1291 3878 ·
1562 3897 1565 3904 ι

524 4045 526 4052 ,
558 3958 706 4052 Veriam
721 3955 900 4040 directius
916 3985 1036 4070 agunt
1051 3959 1091 4040 in
1112 3983 1244 4042 cutem
1264 3985 1423 4046 externa
1447 3955 1671 4066 illabentia,
1691 3962 1770 4044 sive
1788 3957 1853 4042 illa
1874 3989 1924 4046 ex
1973 4062 1976 4071 Ι

501 4069 803 4183 vegetabilium,
827 4070 904 4152 srve
923 4097 972 4152 ex
997 4069 1221 4152 animalium
1242 4100 1387 4184 genere
1404 4072 1488 4155 srnt.
1515 4071 1574 4154 Ea
1592 4075 1688 4157 verb
1713 4101 1761 4158 ex
1782 4099 1923 4184 genere

529 4188 781 4294 ungentium,
797 4207 862 4265 aut
875 4180 1226 4287 contundentium,
1249 4211 1316 4267 aut
1328 4187 1558 4269 irritantium
1579 4185 1678 4268 sunt.
1700 4185 1764 4274 De
1781 4187 1925 4266 anima-

501 4211 598 4376 bum
620 4293 806 4408 punbiurb
822 4293 913 4380 alibi
931 4295 1126 4408 agendum
1140 4299 1225 4382 erit.
1253 4295 1472 4410 Pungentia
1493 4301 1713 4410 vegetantia
1723 4360 1737 4405 ,
1759 4323 1824 4381 aut
1841 4325 1927 4380 me·

502 4405 667 4494 characa
688 4435 833 4521 agunt,
859 4411 985 4492 aut'vi
1007 4411 1192 4492 irritante.
1218 4408 1294 4492 Sic'
1313 4407 1418 4515 rubi,
1435 4409 1549 4522 spina
1571 4411 1772 4518 rosarum,
1796 4409 1927 4496 mille-

502 4545 581 4626 que
598 4516 671 4602 alia
684 4524 861 4634 veprium
880 4549 1046 4633 genera,
1072 4519 1213 4606 vulnus
1232 4521 1395 4610 evidens
1408 4521 1602 4606 inserunt:
1625 4522 1673 4610 ab
1694 4526 1754 4607 his
1775 4521 1929 4636 sanguis

502 4627 706 4737 educitur,
728 4629 842 4745 plagi
862 4633 1020 4742 quidem
1044 4633 1232 4747 simplici,
1254 4635 1430 4743 quamvis
1445 4635 1698 4720 instrumento
1712 4633 1838 4748 vulgi>
1853 4638 1930 4718 cir-

501 4740 625 4825 culari
646 4742 824 4852 adeoque
847 4744 1117 4830 contundente
1133 4748 1277 4828 inflicta
1290 4747 1353 4828 srt.
1374 4744 1490 4828 Unde
1510 4744 1619 4832 brevi
1633 4751 1796 4830 cicatrix
1815 4747 1929 4830 indu·

500 4858 603 4954 citur
615 4913 632 4964 ,
662 4851 730 4943 sed
758 4883 841 4945 non
869 4857 948 4948 fine
978 4855 1107 4970 aliqua
1133 4859 1442 4952 inflammatione
1456 4919 1471 4967 ,
1501 4887 1585 4970 quar
1614 4891 1687 4976 prae
1718 4858 1932 4992 volumino

1745 4999 1935 5084 corporae
