4226 5916
520 407 608 518 aa
958 405 1065 493 nn
1135 399 1499 494 nonnis

521 577 565 657 in
589 569 814 658 furunculo
848 571 895 656 Id
923 598 1053 655 autem
1084 575 1125 654 in
1150 575 1279 684 pueris
1307 570 1449 656 crebro
1475 571 1689 686 reperitur,
1714 595 1827 661 atate
1851 574 1958 664 invaa

492 761 497 772 .
521 684 695 771 lescente
720 690 847 770 minias
873 695 913 769 bt
937 689 1057 768 rarius
1079 687 1230 786 oritur3
1253 687 1295 766 in
1314 684 1468 769 senibus
1488 713 1538 768 ne
1562 689 1751 798 reperitur
1777 690 1955 799 quidem.

579 797 829 882 Furunculus
857 797 979 884 mern
1001 799 1150 882 Graecis
1172 805 1266 904 (a),
1293 795 1543 883 tuberculum
1566 802 1620 882 est
1642 825 1831 908 acutum,
1860 833 1953 888 cum

517 913 831 996 inflammatione
860 919 901 994 ὃ(
932 909 1100 1019 dolore,
1132 909 1303 994 maxime
1329 909 1398 994 ubi
1427 908 1505 1016 jam
1533 917 1576 995 in
1603 943 1675 1024 pus
1700 917 1843 1028 vergit.
1873 913 1953 1002 Ubi

520 1023 594 1108 ada
623 1049 727 1108 etrus
756 1026 809 1106 est
837 1030 880 1106 δε
910 1028 1006 1107 exiit
1060 1055 1138 1131 us,
1174 1021 1306 1106 subter
1341 1050 1498 1140 apparet
1527 1054 1614 1139 pars
1644 1031 1770 1110 carnis
1805 1031 1849 1110 in
1880 1056 1952 1141 pus

520 1055 630 1224 versa
640 1198 655 1243 ,
678 1163 890 1252 corrupta,
919 1055 1119 1220 subalbiba
1130 1200 1144 1243 ,
1172 1133 1377 1242 subrubra,
1389 1166 1519 1247 ‚quern
1535 1137 1799 1223 ventriculum
1814 1140 1953 1224 furun-

518 1248 602 1332 culi
621 1250 781 1359 quidam
799 1253 1017 1333 nominant.
1046 1253 1116 1346 Ait
1138 1247 1267 1332 autem
1292 1248 1429 1332 Celsus
1452 1254 1492 1332 in
1514 1249 1587 1334 illo
1613 1249 1766 1334 nullum
1791 1256 1951 1366 pericu·

517 1360 604 1446 lum
632 1360 804 1469 subesse,
835 1367 927 1446 clim
955 1363 1084 1477 perse
1112 1361 1356 1456 maturescat.
1381 1366 1443 1464 At
1459 1363 1634 1447 Galenus
1655 1364 1721 1470 (b)
1748 1363 1950 1478 duplicem

516 1475 718 1559 furunculi
738 1477 998 1584 differentiam
1018 1477 1155 1570 statuit.
1178 1473 1293 1558 Alios
1309 1475 1444 1559 dicens
1463 1477 1540 1561 eise
1557 1475 1790 1560 furunculos
1807 1477 1949 1584 duros,

518 1593 619 1692 varis
641 1588 805 1697 ssmiles,
827 1597 868 1673 ὃ(
888 1593 955 1699 qui
976 1591 1283 1696 concosiionem
1303 1591 1371 1670 vix
1389 1589 1621 1688 admittant;
1644 1586 1743 1673 alios
1758 1593 1859 1674 verb
1875 1591 1949 1673 esse

517 1701 788 1804 crepundias
808 1709 849 1785 ὃ(
869 1730 1057 1816 magnos,
1084 1703 1152 1808 qui
1171 1697 1322 1800 febrem
1346 1705 1571 1809 concitent,
1592 1708 1634 1784 δι
1656 1730 1829 1816 corpora
1850 1733 1948 1786 cou-

517 1817 665 1899 sitiant.

574 1927 789 2038 Distinguit
812 1953 943 2010 autem
965 1923 1140 2009 Galenus
1158 1927 1292 2008 omnia
1311 1927 1394 2010 haec
1418 1924 1520 2008 mala
1543 1923 1805 2010 ibubonibus
1816 1990 1832 2034 ,
1859 1929 1947 2012 teste

514 2039 642 2122 Paulo
656 2043 719 2144 (c),
733 2067 783 2120 ex
793 2065 844 2121 eo
856 2039 964 2150 qubd
972 2069 990 2144 ,·
1003 2067 1086 2148 quae
1098 2037 1255 2152 proprie
1265 2067 1413 2122 nomen
1427 2036 1633 2122 bubonum
1651 2061 1789 2152 gerere
1803 2037 1945 2124 debent

518 2149 621 2234 mala
643 2150 905 2265 phlegmones
930 2152 1031 2258 smt,
1059 2180 1104 2236 ea
1125 2149 1250 2234 modb
1275 2154 1462 2236 recensita
1485 2149 1657 2262 aliquid,
1689 2182 1785 2236 cum
1812 2153 1944 2238 naturai

515 2261 794 2380 phlegmonis,
810 2263 1069 2378 erysipelatosr
1089 2261 1241 2378 semper
1255 2289 1418 2375 gerant:
1440 2267 1505 2348 cui
1522 2264 1753 2348 distinsiioni
1771 2266 1813 2348 id
1828 2265 1945 2351 velirn

514 2406 585 2492 per
601 2374 916 2461 observationem
932 2377 1139 2481 addidisse,
1154 2374 1262 2486 quod
1280 2374 1382 2458 mala
1395 2379 1477 2460 haec
1494 2377 1544 2461 de
1559 2377 1700 2487 quibus
1712 2380 1818 2460 hica
1847 2383 1944 2462 imus

515 2499 560 2574 ὃ(
583 2520 667 2602 quae
694 2489 940 2574 recensemus
967 2492 1069 2573 inter
1090 2489 1338 2603 depuratoria
1364 2493 1465 2572 cutis
1488 2487 1613 2596 mala,
1641 2487 1831 2574 asumma
1857 2519 1944 2576 cute

513 2603 652 2687 sensim
681 2601 832 2714 semper
863 2605 1088 2717 incipiant,
1123 2600 1429 2716 profundiusque
1464 2605 1506 2684 in
1533 2627 1687 2686 textum
1715 2601 1945 2688 cellularem

512 2721 706 2831 irrepant3
719 2715 787 2799 sed
802 2718 956 2830 apicem
970 2719 1010 2798 in
1027 2741 1119 2799 cute
1131 2712 1351 2798 habuerunt
1362 2719 1555 2830 primum,
1573 2713 1595 2798 *a
1610 2713 1687 2826 qui
1700 2715 1814 2800 altilis
1827 2745 1944 2832 pene-

511 2854 616 2915 trant
640 2862 648 2910 :
676 2824 856 2912 bubones
876 2831 973 2913 verb
992 2834 1033 2912 ὅ(
1054 2824 1194 2940 reliqui
1214 2825 1546 2942 phlegmonodoei
1569 2854 1745 2914 tumores
1769 2828 1819 2913 ab
1842 2834 1944 2915 inte-

513 2939 683 3027 rioribus
702 2941 749 3023 ad
767 2944 890 3024 cutim
910 2943 1082 3026 ferantur
1093 3004 1107 3047 ,
1130 2969 1296 3050 eamque
1316 2940 1476 3025 demirm
1491 2943 1693 3055 attingant.
1714 2942 1827 3025 Hinc
1844 2946 1942 3028 inter

513 3053 678 3137 morbos
701 3057 800 3138 cutis
822 3053 1050 3138 recensendi
1068 3083 1151 3137 non
1166 3052 1266 3138 sunt.
1295 3053 1396 3163 Quae
1415 3059 1507 3136 ciam
1526 3057 1581 3137 ita
1603 3055 1697 3159 smt,
1722 3083 1806 3138 non
1825 3056 1942 3140 video

513 3198 585 3250 cur
607 3164 821 3249 Manardus
847 3167 913 3271 (dl
938 3162 1110 3248 Plinium
1139 3167 1396 3278 reprehendat
1423 3166 1532 3277 quod
1557 3165 1625 3248 sub
1656 3170 1823 3251 nomine
1856 3169 1946 3282 pani

511 3307 559 3365 ea
578 3273 816 3362 intellexerit
835 3275 961 3384 mala,
983 3308 1066 3388 quae
1087 3279 1218 3361 Graeci
1237 3277 1306 3362 sub
1326 3277 1533 3392 phygethli
1549 3282 1711 3363 nomine
1731 3280 1940 3395 defignant.

512 3394 619 3476 Cirm
644 3392 805 3473 nomina
827 3394 910 3473 haec
935 3391 1015 3475 duo
1036 3390 1143 3474 idem
1165 3392 1415 3503 fignificarint
1439 3389 1561 3476 Celso
1586 3392 1733 3479 &aliis
1758 3391 1940 3480 omnibus

511 3506 641 3590 latinis
659 3506 777 3588 etiam
796 3505 1051 3587 vetustissimis
1076 3503 1310 3589 ausioribus.
1619 3520 1621 3525 ’

568 3620 660 3701 Nec
686 3619 813 3699 minias
837 3619 934 3701 verb
960 3645 1010 3701 ex
1025 3619 1085 3699 his
1104 3641 1210 3729 patet
1229 3615 1299 3700 sub
1323 3615 1442 3702 titulo
1465 3618 1693 3732 phygethli‚
1718 3622 1940 3733 phymatis,

509 3727 739 3834 furunculi,
776 3728 1022 3840 aliorumque
1053 3733 1260 3813 nominum
1290 3728 1338 3812 ab
1370 3728 1566 3814 Arabibus
1592 3735 1939 3844 excogitatorum,

510 3875 594 3958 quae
611 3841 754 3926 referre
768 3839 926 3955 longius
948 3845 1012 3926 hic
1032 3842 1159 3950 soret,
1179 3873 1303 3926 unum
1319 3850 1361 3926 ὅ(
1376 3843 1482 3927 idem
1498 3842 1592 3926 mali
1606 3872 1730 3957 genus
1746 3845 1872 3930 intelli
1902 3849 1940 3952 i,

509 3954 714 4070 erysipelas
749 3953 1159 4068 phlegmonodaeum,
1193 3955 1259 4040 sed
1288 3955 1437 4070 species
1468 3963 1602 4040 revera
1633 3955 1803 4043 diversas
1837 3876 1940 4061 elie,

509 4096 554 4152 ut
577 4069 867 4154 accuratissimis
889 4065 1226 4152 observationibus
1249 4071 1408 4154 constat.
1435 4066 1582 4154 Nullus
1601 4072 1653 4153 est
1673 4074 1781 4153 enim
1803 4069 1945 4154 Medi-

511 4212 580 4265 cus
607 4185 674 4291 qui
700 4211 781 4264 non
805 4186 845 4264 in
868 4184 976 4296 praxi
998 4180 1164 4264 diversas
1190 4177 1304 4286 hujus
1326 4181 1474 4290 species
1497 4179 1762 4268 observaverit
1786 4185 1943 4296 phyge-

508 4291 622 4377 thlon
631 4355 645 4398 ,
666 4296 829 4406 phyma,
845 4323 959 4406 arque
974 4290 1248 4398 furunculum,
1266 4322 1435 4402 quorum
1452 4323 1549 4407 ergo
1560 4324 1684 4408 genus
1696 4295 1943 4382 trauandans

508 4409 659 4518 primb,
682 4410 773 4489 dein
797 4408 952 4490 diversae
971 4408 1118 4521 species
1141 4407 1389 4516 exequendae.

560 4515 626 4602 Ab
642 4520 810 4603 humore
825 4523 866 4602 in
882 4538 1015 4605 cutem
1030 4518 1268 4640 deponendo
1286 4527 1327 4605 dt
1344 4518 1453 4628 cujus
1466 4519 1765 4607 excrementitia
1780 4518 1944 4609 indoles

543 4651 602 4730 (a)
624 4649 781 4712 Celfi'ihid.

545 4733 599 4808 (b)
623 4729 684 4790 Lib.
704 4751 717 4804 5
732 4777 739 4802 ‚
754 4733 787 4792 de
804 4733 908 4816 Comp.
921 4735 1000 4798 ned.
1016 4735 1069 4798 sec.
1086 4737 1163 4802 lora·

545 4819 600 4886 (c)
618 4811 680 4871 Lib.
697 4834 733 4884 4,
751 4834 811 4894 cap.
826 4837 872 4872 η.

545 4891 598 4972 (d)
620 4891 681 4960 Lib.
700 4913 737 4966 7,
758 4893 844 4976 Epist.
865 4895 965 4958 Medic·
985 4916 1027 4958 rr.

1758 4977 1950 5084 occlusas
