4186 5908
470 451 481 460 ·
617 449 1155 544 corausto·
1265 532 1268 538 Α
1508 432 1597 566 '279
1731 474 1733 482 *

46 685 50 699 .
158 615 616 736 plorantum-miseriis
628 649 712 716 1111
727 619 875 728 samm,
888 647 970 727 aut,
989 621 1230 736 srporentilrs
1243 622 1443 736 agendam
1451 683 1466 730 ‚
1484 621 1598 710 doses

161 733 328 819 restasla
359 729 555 849 sulphuris
586 735 710 820 amati
738 737 948 820 astrimonii
960 746 977 840 ,'
1009 763 1093 844 quo
1124 733 1193 818 sub
1226 733 1439 850 pilularum
1470 735 1600 822 forms

9 829 11 950 l
161 850 313 1042 gumrsmi
341 849 581 934 ammoniaci
604 845 687 932 dost
714 845 866 963 duplici
894 844 1255 934 &absorbendum
1278 848 1403 937 tribus
1426 849 1600 966 partibus

161 989 244 1044 rem
278 986 429 1046 centur.
1021 987 1056 1003 ·’
1126 1032 1130 1042 .

216 1070 377 1160 Intercit
401 1071 609 1158 suadentur
639 1096 758 1188 potua
785 1071 895 1160 leves
924 1083 966 1160 dt
993 1103 1069 1189 pro
1093 1073 1344 1160 indocilitato
1371 1080 1489 1162 atatis
1516 1105 1600 1164 non

160 1183 392 1294 injucundi,
422 1213 472 1272 ex
495 1185 759 1302 aperientibus
787 1184 909 1281 salini
926 1186 1388 1303 uirtute'saponaceique
1409 1191 1600 1303 preditis,
1645 1192 1648 1212 '

114 1367 117 1375 Δ
162 1298 298 1408 quales
308 1303 481 1494 prestant
490 1301 665 1386 cortices
673 1299 905 1414 capparidos
913 1344 932 1408 ,r
940 1299 1316 1410 radicesanonidos‚
1329 1299 1602 1418 eringii‚lapa·

161 1415 220 1496 thi
229 1477 243 1518 ‚
261 1441 306 1496 ru
337 1416 381 1496 ia
398 1415 612 1498 tinslorum
628 1442 712 1524 qua
728 1411 867 1498 ultima
886 1414 1070 1500 adversio
1087 1413 1317 1530 scrophulas
1336 1441 1454 1526 atque
1471 1419 1602 1502 rachi-

161 1525 287 1609 tidem
304 1529 387 1610 vim
406 1523 434 1609 s
451 1528 634 1612 ecificam
658 1524 891 1634 quibusdam
913 1527 1057 1612 dicitur
1077 1523 1271 1613 obtinere.
1293 1529 1518 1642 iunguntur
1541 1533 1602 1616 his
1714 1549 1719 1562 ·

162 1667 236 1752 pro
250 1667 293 1723 re
309 1637 399 1725 nats
415 1557 530 1726 doses
539 1642 652 1723 varia
667 1636 805 1734 saliunt
817 1667 1070 1746 neutrorum,
1083 1643 1186 1726 inter
1199 1671 1285 1754 qua
1304 1641 1414 1753 quod
1429 1644 1602 1728 maxime

162 1752 264 1861 aqui
279 1749 450 1836 solubile
472 1755 525 1836 est
545 1760 588 1836 dt
606 1751 720 1836 aldus
740 1775 920 1866 penetrat
932 1750 987 1836 sal
1002 1751 1179 1866 glauberi
1194 1753 1425 1840 admirabile
1443 1757 1600 1869 praser-

164 1867 238 1948 tim
255 1865 580 1972 commendatur,
598 1872 691 1955 clam
705 1868 1075 1982 811113111111,
1093 1875 1142 1951 &³
1153 1872 1271 1962 urina
1284 1872 1369 1956 uias
1382 1874 1603 1982 promptius

163 1977 349 2079 affectem
375 1978 503 2062 modo
525 2005 659 2064 tameo
680 2008 752 2094 pro
777 1983 966 2066 varietate
992 2009 1044 2064 co
1092 2009 1251 2088 orum·,·
1267 2007 1334 2066 aut
1360 1982 1599 2068 catharticus

164 2119 338 2198 11111111,
359 2117 426 2176 aut
449 2121 637 2176 arcanum
658 2093 709 2176 du
739 2090 903 2178 licatum
924 2011 1177 2208 prmollmda
1193 2123 1276 2178 non
1294 2093 1513 2180 videantur.
1592 2159 1594 2164 ,

218 2203 266 2288 Si
291 2206 390 2291 verb
416 2201 508 2290 tolli
542 2235 626 2292 non
656 2123 837 2292 viciatus
870 2209 1068 2292 horumce
1101 2207 1488 2316 medicamentorum
1522 2237 1601 2325 ope

164 2319 285 2402 nimia
305 2315 474 2434 lympha
501 2320 706 2427 croisades,
731 2320 800 2405 sed
819 2320 1083 2435 symptomata
1105 2318 1303 2412 obdurent
1324 2330 1367 2406 dr
1387 2319 1601 2408 obfirment

165 2431 227 2537 se,
250 2432 443 2516 monendi
459 2432 548 2516 sunt
568 2432 759 2518 infantilis
781 2438 900 2520 atatis
925 2460 1125 2532 curatores
1149 2434 1325 2520 remedia
1344 2431 1414 2518 illa
1428 2463 1513 2520 non
1529 2439 1601 2520 nist

165 2541 295 2658 longo
319 2572 502 2660 tempore
527 2545 636 2661 posse
662 2546 746 2632 suas
772 2551 874 2632 uires
893 2575 1065 2633 exerere·
1092 2548 1288 2632 Mutanda
1305 2551 1412 2632 euim
1433 2551 1600 2634 omnino

165 2661 218 2742 est
230 2657 546 2745 &subvertenda
566 2664 781 2744 humorum
803 2662 934 2744 craso.
948 2659 1106 2745 Interes
1119 2664 1217 2745 vero
1232 2663 1394 2745 maximi
1413 2659 1466 2742 est
1485 2663 1600 2775 pretii

166 2772 390 2887 prospicere
411 2800 461 2858 ne
484 2771 564 2856 ulla
582 2771 848 2857 funilionibus
866 2771 975 2858 labes
995 2776 1169 2858 inuratur
1187 2803 1271 2884 quat
1291 2770 1464 2858 debilem
1484 2802 1602 2856 occo⁴

167 2891 344 2969 numiam
367 2885 558 2998 susdeque
581 2885 714 2972 ferret.
739 2884 856 2970 Unde
874 2890 1045 3002 tempori
1071 2886 1244 2972 dandum
1274 2886 1384 2997 quod
1413 2885 1600 2971 efficacia

168 2997 398 3083 detrahitur.
418 3001 475 3083 At
486 2999 515 3082 st
528 3002 614 3114 post
629 2996 722 3106 julla
736 3025 918 3114 tempora
931 2997 1085 3082 nullum
1103 3001 1146 3082 in
1162 3003 1264 3082 hanc
1283 2999 1487 3082 mucosam
1502 2999 1602 3084 cras-

163 3113 287 3196 sitiem
313 3141 500 3198 exercere
525 3113 704 3198 videatur
729 3115 939 3228 imperium
964 3117 1025 3214 uis
1053 3115 1261 3198 antimonii
1287 3111 1444 3197 solvens
1457 3175 1473 3218 ,
1499 3138 1597 3196 tunc

128 3267 130 3274 ·
166 3225 276 3310 tarde
296 3235 337 3310 &
355 3227 424 3312 sus
495 3227 539 3310 so
561 3225 686 3341 gradu
704 3227 755 3310 ad
772 3227 946 3312 remedia
962 3224 1209 3330 mercurialis
1230 3226 1449 3340 confugere
1466 3224 1601 3310 liceat.

166 3339 230 3428 Ea
243 3342 351 3422 enim
365 3256 560 3424 stabiliora
575 3341 664 3424 sunt
682 3347 725 3424 bt
742 3339 900 3424 solvunt
918 3339 1181 3452 undequaque
1198 3370 1384 3444 naucum,
1400 3341 1484 3422 irnb
1502 3338 1602 3452 sape

167 3452 353 3568 &ipsam
379 3457 667 3559 acrimoniam,
699 3483 955 3564 quecumque
982 3455 1029 3538 stt
1053 3451 1135 3560 ejus
1162 3456 1304 3566 ungu,
1325 3453 1507 3538 videntur
1533 3477 1601 3536 aut

168 3565 407 3672 absorbere,
431 3595 501 3652 aut
524 3565 767 3652 demisere.
797 3569 947 3654 Veram
975 3567 1017 3650 id
1044 3568 1133 3681 ipsrs
1158 3563 1358 3680 piaculum
1384 3568 1460 3673 est,
1490 3571 1530 3648 dt
1558 3567 1602 3650 iu

169 3677 340 3762 infantili
363 3675 473 3761 stole
498 3706 638 3762 emtus
661 3709 734 3762 nos
763 3681 929 3766 reddere
953 3678 1073 3766 debet
1092 3705 1213 3790 atque
1235 3677 1468 3794 prudentes,
1492 3677 1602 3788 quod

165 3791 323 3877 molem
339 3789 458 3904 ipsam
475 3789 733 3903 globulorum
747 3793 980 3906 infringant,
996 3793 1105 3904 quod
1119 3791 1350 3908 glandulas,
1363 3793 1466 3898 ossa,
1481 3819 1606 3878 mern*

168 3903 306 3992 braum
327 3903 512 3988 uasorum
534 3901 692 3988 ultimas
715 3913 756 3987 dt
781 3903 1007 3993 subeant&
1027 3933 1256 4023 penetrent,
1281 3906 1462 4014 adeoque
1481 3904 1604 4018 ipsam

171 4021 445 4105 oeconomiam
464 4015 672 4104 animalem
693 4021 858 4104 niarium
876 4019 1121 4129 subversam,
1148 4021 1258 4134 quod
1279 4023 1320 4102 in
1343 4015 1451 4100 malo
1472 4027 1540 4133 pe'r
1562 4017 1604 4104 so

172 4134 313 4218 critico
333 4159 452 4245 atque
467 4133 721 4248 depuratorio
733 4133 815 4220 sern
868 4136 980 4223 rsuit
996 4135 1263 4222 devitandum.
1276 4127 1486 4238 Praeterea,
1505 4129 1602 4217 licet

171 4236 538 4362 acredinisspicula
566 4245 612 4329 sa
640 4247 663 4332 ὲ
692 4163 874 4335 retundit
895 4253 1143 4351 mercurius,
1173 4244 1254 4358 ipsa
1276 4241 1491 4354 aliquando·
1512 4275 1604 4332 nou

172 4364 339 4473 attingit.
377 4361 574 4470 Adeoque
607 4277 734 4446 soluts
769 4363 933 4448 crassitie
970 4383 1147 4454 remanet
1182 4355 1275 4440 mali
1309 4355 1430 4442 labes.
1473 4357 1601 4470 Quod

172 4475 288 4557 etiam
314 4476 353 4554 in
379 4473 519 4557 adultis
546 4477 602 4557 ita
631 4474 870 4578 acciditur,
899 4470 1050 4555 sublati
1073 4497 1143 4584 per
1172 4469 1391 4555 efficaciam
1419 4467 1601 4556 mercurii

172 4583 388 4670 acrintonii
405 4585 595 4694 venerei,
623 4614 825 4670 remanere
844 4586 975 4701 sapius
995 4585 1195 4685 videamus
1218 4587 1412 4700 herpetes.
1438 4585 1601 4701 Sapiens

174 4702 359 4812 elligitur
378 4700 589 4784 methodus
612 4703 796 4784 mercurii
811 4700 1032 4783 efficaciam
1050 4701 1188 4792 sensim
1203 4695 1397 4786 &leniter
1417 4702 1599 4816 experiri,

172 4833 222 4896 ω
240 4813 349 4895 noxa
367 4811 523 4897 tenellis
549 4805 782 4929 corporibus
807 4815 1016 4930 infligatur.
1065 4800 1072 4816 ’
1207 4811 1211 4816 ’
1519 4817 1526 4837 ‘

225 4927 337 5012 Inter
361 4931 518 5012 mitiora
541 4933 946 5042 praeparataeminem
967 4961 1146 5056 paqacaea
1162 4928 1405 5020 mercurialis
1428 4932 1471 5016 dt
1498 4953 1604 5010 mer-
