4246 5900
398 545 412 554 μ
469 429 525 532 3⁶
694 417 791 507 on
836 411 1657 508 uro·au1·s'·curnuars.

471 587 637 699 regione
659 579 830 667 dissimili
845 583 1116 669 utentesvisiu
1145 583 1397 687 adoriuntur;
1417 612 1463 670 ut
1482 588 1536 670 est
1556 584 1814 704 Alepensrbus
1838 583 1911 670 sua'¹

471 696 620 812 pustula
641 697 762 806 quae,'
775 696 844 782 ubi
867 693 988 781 semel
1010 701 1162 815 erupit,
1178 725 1418 811 manumque
1444 728 1490 784 ac
1511 699 1716 785 brachium
1739 702 1902 806 invasu,

472 811 601 894 sanata
623 809 744 894 semel
770 837 970 918 nunquam
989 809 1229 896 recrudescit
1258 822 1301 897 ὅ(
1322 815 1470 898 nemini
1496 839 1545 897 ex
1567 814 1727 899 advenis
1747 816 1904 929 parcit',

473 923 647 1008 docente
668 922 724 1008 ill.
749 919 888 1008 Rullel
917 929 993 1024 (a).
1026 923 1269 1008 Cicatricem
1292 928 1395 1008 hanc
1418 926 1549 1010 adhuc
1575 929 1621 1008 in
1646 957 1763 1010 manu
1783 927 1905 1042 gestat

473 1035 582 1120 malo
606 1034 704 1121 olim
732 1036 781 1118 ad
800 1031 977 1148 :Alepum
994 1032 1173 1120 saviente
1192 1035 1274 1120 sere
1294 1039 1499 1120 confectus
1521 1037 1742 1154 Chirurgus
1762 1065 1905 1153 exper-

472 1151 635 1234 tissimus
668 1144 895 1234 Cbambon.
958 1209 962 1215 -

529 1267 594 1347 An
615 1267 716 1349 inter
734 1259 867 1344 causas
893 1258 1128 1344 morborum
1156 1287 1418 1346 cutaneorum
1443 1259 1662 1374 peculiares
1688 1265 1903 1350 reseremus

471 1403 683 1464 ventorum
707 1373 860 1483 aliquot
883 1377 1132 1458 exurentium
1156 1372 1322 1457 halitum
1357 1379 1426 1485 qui
1454 1373 1551 1490 saepe
1572 1373 1728 1472 vultum
1753 1388 1796 1463 dt
1819 1405 1908 1459 ma-

472 1519 596 1574 nuum
617 1514 751 1582 cutem
777 1489 829 1570 ita
853 1511 980 1570 torret
1003 1513 1047 1572 ut
1070 1487 1279 1601 epidermis
1299 1486 1522 1600 separetur,
1550 1495 1591 1574 dt
1610 1492 1652 1573 in
1666 1487 1902 1604 phlysiaenas

469 1601 704 1688 mollum?
724 1598 835 1714 Saepe
857 1603 898 1683 in
921 1601 1127 1684 fervidiori
1145 1603 1386 1714 AEthiopum
1411 1599 1538 1710 calo,
1564 1604 1658 1686 teste
1688 1601 1909 1710 Ludolfoj

470 1715 611 1830 pluviae
631 1711 787 1798 ‘aventu
801 1715 962 1818 accita,
986 1713 1196 1820 foetentes,
1211 1723 1254 1798 dt
1274 1709 1638 1816 bfoetidiisrmarum
1656 1713 1822 1800 nubium
1839 1743 1908 1802 re-·

471 1827 671 1921 solutione
697 1826 913 1940 pendentes
934 1830 989 1909 ita
1016 1855 1207 1942 corrupta
1235 1828 1347 1933 sunt,
1373 1852 1419 1911 ut
1435 1831 1597 1913 vestium
1630 1845 1788 1912 rexnam¹
1810 1858 1904 1913 cor-

470 1944 682 2056 rumpant3
707 1943 749 2022 in
777 1938 919 2050 quibus
939 1967 1104 2025 vermes.
1122 1939 1231 2025 brevi
1255 1940 1536 2055 exploduntur.
1558 1941 1640 2025 Sed
1662 1941 1822 2028 effeetus
1844 1940 1904 2026 illi

471 2084 556 2139 non
587 2055 690 2138 adeo
721 2079 852 2136 truces
881 2052 969 2136 sunt
997 2060 1114 2168 quam
1152 2058 1221 2164 qui
1249 2052 1271 2138 b
1304 2051 1535 2168 glacialibus
1566 2053 1705 2138 Boreae
1744 2053 1904 2169 spiculis

470 2170 734 2278 concitantur.
757 2167 865 2248 Nam
883 2167 1006 2279 frigus
1021 2171 1257 2250 acerrirnum
1275 2165 1502 2281 erysipelata
1520 2169 1662 2280 pariter
1677 2175 1719 2251 dt
1735 2167 1904 2281 pustulas

470 2279 585 2373 breyi
602 2280 726 2392 spatio
747 2282 938 2390 temporis
959 2283 1001 2362 in
1023 2285 1270 2392 gangrenam
1290 2279 1505 2394 degeneres
1528 2280 1727 2394 producit.
1749 2281 1903 2366 Omnia

470 2397 577 2478 enim
605 2394 832 2478 vehementi
864 2393 1076 2476 eretbismo
1108 2396 1342 2507 stringuntur
1368 2391 1530 2499 solida,
1568 2396 1704 2477 omnia
1735 2393 1908 2508 conglar

470 2509 623 2592 ciantur
658 2503 808 2609 fluida,
842 2507 977 2616 qu'aesr
1010 2504 1164 2590 auxiliis
1193 2506 1346 2591 mature
1380 2503 1548 2590 admistis
1580 2533 1662 2590 non
1687 2504 1869 2591 sanentur
1883 2545 1906 2615 ,¹

469 2619 628 2734 possunt
656 2618 841 2703 infatuus
863 2625 905 2702 dt
934 2618 1204 2703 indurationes
1229 2624 1283 2704 ita
1305 2645 1542 2723 remanere,
1573 2644 1619 2702 ut
1643 2619 1795 2703 amissus
1823 2650 1900 2734 pro

468 2737 653 2848 tempore
684 2729 843 2836 sensus,
873 2760 1072 2842 nunquam
1102 2732 1230 2816 sartus
1258 2741 1300 2816 dt
1333 2735 1484 2846 integer
1518 2733 1757 2838 restituatur,
1788 2734 1907 2844 quod·
1964 2745 1975 2758 '

468 2849 553 2932 non
575 2876 658 2931 uno
681 2841 867 2958 exemplo
886 2845 982 2929 vidi.
1007 2844 1172 2928 Ciern
1199 2842 1365 2928 muliere
1382 2875 1466 2956 quae
1489 2845 1633 2928 acriori
1652 2844 1790 2956 frigori
1808 2847 1898 2931 fue-
1977 2843 1980 2854 ’

467 2985 529 3042 rat
563 2959 738 3072 exposita
762 2985 784 3036 a
811 2983 862 3038 ex
894 2956 1111 3067 digitorum
1137 2959 1204 3040 vix
1236 2955 1407 3068 aliquem
1430 2955 1616 3070 tangendi
1638 2955 1791 3040 sensum
1806 2960 1902 3044 ·ser-·

468 3096 579 3155 varet
586 3133 602 3177 ‚
616 3069 748 3154 seusbs
766 2985 874 3152 illisu
886 3065 1057 3180 reliquia
1070 3068 1120 3154 ad
1133 3072 1338 3158 minimam
1361 3071 1520 3186 frigoris
1542 3069 1902 3160 recrudescentiam

467 3181 584 3299 plane
606 3180 897 3268 amittebantur.

523 3292 713 3382 Praeterel
737 3301 916 3382 annotari
937 3301 1002 3382 hic
1022 3298 1143 3384 velim
1158 3329 1242 3384 non
1256 3300 1333 3386 elle
1351 3299 1458 3415 negli
1511 3301 1629 3386 ndam
1654 3301 1696 3384 in
1713 3299 1901 3388 mounda

435 3471 445 3494 .
468 3437 586 3518 cute,
610 3408 801 3521 novisque
823 3410 1124 3526 proprietatibus
1150 3411 1208 3497 illi
1222 3414 1435 3498 inferendis
1471 3412 1545 3498 olis
1568 3417 1762 3500 altionem
1774 3477 1788 3522 ,
1805 3419 1899 3499 ciun

467 3523 583 3610 radiis
605 3522 922 3638 impendentibus
942 3528 984 3606 in
1007 3523 1117 3608 illam
1138 3530 1243 3640 agit,
1259 3555 1426 3637 eamque
1445 3531 1586 3612 exurit.
1606 3527 1662 3612 Ut
1685 3531 1790 3612 enim
1805 3555 1894 3612 cer-

466 3661 555 3720 tum
576 3639 652 3744 est,
674 3639 752 3722 srve
766 3636 944 3722 irradiata
963 3645 1225 3754 proprietate,
1241 3643 1319 3724 ssve
1341 3638 1523 3753 phlogisti
1545 3637 1648 3724 illisis
1671 3639 1904 3726 universalis

466 3751 707 3855 intrufione,
730 3750 796 3834 seu
831 3750 992 3836 demum
1018 3755 1114 3837 aeris
1139 3754 1303 3868 apposni
1329 3761 1371 3838 δι
1404 3757 1553 3838 attraffi
1581 3755 1796 3862 fixatione,
1831 3781 1902 3840 eas

466 3893 551 3972 qua:
579 3863 749 3948 maxime
775 3861 850 3946 soli
870 3894 897 3948 o
924 3893 1126 3980 ponuntur
1149 3893 1305 3979 partes,
1326 3866 1497 3950 maximia
1523 3867 1664 3950 vividis
1687 3870 1796 3979 pingi
1821 3897 1897 3950 co·

466 3971 646 4086 loribus,
671 3979 815 4088 quassi
843 3895 969 4062 sosbn
998 4007 1154 4082 arceas,
1186 3977 1386 4091 nunquam
1424 3980 1635 4093 experieris
1663 4005 1807 4090 pares,
1841 3983 1902 4065 ita

466 4086 649 4174 colorem
667 4087 795 4176 vultui
817 4104 935 4203 atque
948 4090 1088 4200 faciei,
1103 4099 1145 4176 ὃς
1159 4089 1506 4198 rubicundiorem,
1528 4098 1570 4175 bt
1589 4090 1823 4174 viridiorem
1843 4092 1893 4175 ab

465 4197 548 4306 ejus
580 4206 734 4288 afflone
766 4207 849 4290 cuti
880 4203 1116 4290 inurendum
1142 4231 1261 4322 patet.
1294 4205 1406 4290 Hinc
1443 4209 1562 4290 etiarn
1590 4201 1639 4287 ab
1663 4203 1777 4318 ipsuis
1802 4215 1900 4317 per-'

466 4312 584 4430 petua
602 4317 644 4398 in
670 4315 850 4426 Nigritae
868 4320 1022 4404 afflone
1032 4379 1048 4425 ,
1066 4317 1248 4404 colorem
1270 4321 1376 4402 hunc
1407 4319 1536 4456 primi)
1559 4343 1718 4421 natum,
1736 4316 1828 4401 dein
1852 4320 1901 4404 in·

466 4452 643 4512 naturam
656 4429 819 4512 uastum
861 4428 1040 4515 robabile
1063 4433 1128 4515 est.
1143 4431 1259 4516 Unde
1274 4429 1322 4514 ab
1334 4433 1448 4547 ipsius
1463 4459 1513 4546 pe
1561 4427 1896 4518 emiafflonene·

467 4537 672 4624 cessarium
695 4542 748 4626 est
761 4547 803 4626 δι
821 4459 932 4626 illam
951 4543 1152 4652 indurari,
1170 4553 1212 4632 dt
1225 4546 1443 4631 firmiorem
1457 4543 1526 4629 red
1556 4545 1694 4651 ',imb
1718 4541 1894 4629 &furfu-

467 4679 652 4762 raceam,
670 4681 717 4738 ac
746 4653 852 4767 quasa
875 4653 1135 4762 obstructam
1157 4660 1373 4773 quinetiam
1398 4667 1440 4748 bt
1459 4660 1578 4744 rasim
1596 4653 1825 4769 inequalior
1844 4683 1893 4746 ac

502 4909 546 4991 (a)
563 4903 687 4994 Journey
705 4923 735 4972 to
748 4905 871 4996 meppea
