4228 5898
467 400 525 484 90
733 371 826 463 DE
886 363 1183 462 MORBIS
1228 365 1630 458 CUTANEIS.

390 615 397 624 .
467 539 631 624 firmatis
654 565 716 624 res
735 537 947 652 aliquandiu
968 537 1114 642 eamr,
1135 532 1290 620 nullum
1312 534 1406 622 iude
1424 532 1891 651 naseinarlevametrtum,

465 652 534 739 sed
555 651 703 736 malum
720 651 826 736 malo
841 649 993 736 additur
1008 649 1053 754 (a
1064 655 1090 752 ).

539 763 733 851 Proxima
772 767 833 850 his
866 763 954 846 sunt
987 758 1150 846 macula
1180 789 1264 873 quae
1293 755 1472 847 urbicum
1500 757 1632 846 foma
1661 763 1748 878 poli
1778 767 1892 852 nixus

465 907 629 964 crunam
646 903 827 964 enormes
850 871 1107 958 debilioribus
1119 875 1327 989 prasertim
1347 885 1546 989 apparunt.
1570 871 1681 958 Tum
1707 877 1892 962 varicosae

468 1021 555 1102 qua
583 996 625 1076 in
657 991 826 1106 gravidis
860 994 902 1072 bt
933 984 1163 1071 mulieribus
1189 989 1300 1070 fluxu
1324 987 1515 1070 delusistis
1537 988 1758 1072 menstruali
1796 994 1891 1078 binc

467 1104 561 1192 inde
578 1131 646 1220 per
668 1099 838 1233 cutems
899 1125 1045 1214 guruur
1054 1161 1069 1206 ,
1089 1105 1132 1182 bt
1155 1125 1240 1208 quat
1262 1099 1481 1183 accuratius
1495 1103 1668 1214 tangenti
1683 1099 1799 1188 facila
1811 1105 1890 1188 dil·

466 1212 823 1418 relarguit
842 1210 1358 1440 singillatim
1368 1209 1889 1440 &resilieritis

465 1466 587 1552 atque
601 1465 710 1524 vena
731 1439 951 1525 decursum.

453 1565 458 1576 '
522 1555 673 1638 Verirm
695 1555 834 1668 ingens
852 1579 927 1638 nec
951 1549 1163 1636 temnenda
1182 1545 1425 1636 macularum
1446 1551 1584 1636 divisio
1609 1549 1632 1636 a
1653 1551 1795 1640 colore
1819 1557 1892 1642 de·

463 1667 656 1766 sumitur3
680 1663 761 1750 aliae
777 1665 883 1751 enim
908 1663 1133 1781 nigrescunt
1158 1669 1201 1747 bt
1221 1666 1469 1750 atrocitatem
1486 1663 1610 1749 eausa
1624 1665 1766 1752 colore
1782 1671 1892 1754 indi-

463 1805 583 1880 cant3
604 1779 819 1864 flavescunt
841 1777 943 1878 aliae3
965 1776 1046 1862 alia
1066 1781 1196 1860 nitore
1211 1779 1313 1860 cutis
1327 1775 1480 1861 sublato
1497 1778 1714 1890 viridisque
1725 1779 1891 1868 floribus

463 1886 820 1978 emarcescentibus
834 1890 1056 1988 albescunt3
1070 1917 1144 1974 nee
1163 1915 1294 1973 tamen
1309 1893 1433 1974 statim
1448 1887 1473 1973 a
1490 1889 1693 2004 nigredine
1709 1885 1890 2008 maligni·

459 2029 585 2090 tatem
621 2008 863 2118 pronunties.
896 2003 1121 2087 Nascuntur
1147 1997 1310 2085 macula
1336 2005 1572 2116 nigricantes
1585 1999 1610 2110 ,'
1631 2003 1698 2089 sed
1727 2006 1890 2122 superfi-

461 2122 589 2204 ciaria
609 2116 656 2200 ab
671 2116 755 2201 aliis
778 2125 819 2202 bt
833 2113 961 2201 formai
974 2124 1014 2200 bt
1027 2119 1156 2228 ptimo
1174 2115 1327 2229 aspelilu
1339 2115 1622 2229 distinguenda
1631 2179 1646 2224 ‚
1668 2145 1762 2202 cum
1781 2147 1889 2206 extra

462 2233 590 2314 turim
610 2235 880 2346 promineant3
900 2231 958 2312 hae
984 2225 1253 2312 melancolica
1272 2237 1314 2312 bt
1334 2228 1421 2313 sunt
1442 2237 1483 2312 bt
1500 2229 1710 2340 dicuntur,
1726 2259 1888 2320 vereor·

461 2369 544 2454 que
555 2404 570 2451 ‚
586 2349 678 2427 cum
705 2341 779 2426 illa
799 2347 840 2426 in
859 2338 1171 2458 morbis⁸splenis
1190 2337 1342 2456 plenibs
1361 2369 1597 2457 appareant,
1621 2370 1673 2428 ne
1691 2373 1764 2460 pro
1779 2347 1886 2432 scor·

463 2453 608 2542 buticis
634 2457 740 2571 apud
763 2455 888 2540 libros
906 2464 948 2541 bt
966 2459 1142 2540 tutiores
1165 2453 1295 2586 sapibs
1314 2453 1457 2540 literint
1480 2452 1643 2562 habita,
1664 2455 1760 2542 licet
1783 2458 1887 2545 alio·

463 2567 561 2681 quin
581 2569 668 2684 ipso
682 2571 728 2654 as
748 2574 834 2655 ettu
855 2571 909 2654 ita
930 2566 979 2652 ab
993 2573 1041 2654 iis
1053 2567 1222 2652 discerni
1237 2594 1410 2678 queant,
1426 2593 1472 2650 ut
1488 2566 1555 2651 vel
1579 2572 1762 2654 minimus
1777 2601 1888 2658 erro·

460 2679 515 2767 ris
537 2707 664 2767 naurs
683 2596 876 2798 aliurgere
898 2709 980 2766 non
1004 2683 1131 2799 possit.
1153 2680 1290 2764 Plures
1314 2680 1401 2764 sunt
1456 2709 1513 2762 ua
1536 2680 1816 2796 puntliculares
1842 2693 1887 2770 bt

459 2799 568 2907 quast
609 2795 748 2880 arvulae
764 2793 925 2882 macula
940 2823 1075 2904 crura,
1091 2795 1233 2910 pedes,
1253 2796 1337 2876 imo
1353 2709 1566 2878 lumbos&
1583 2795 1739 2880 dorsum
1754 2797 1884 2884 nates·

461 2936 542 3020 que
559 2825 759 3014 obsident,
773 2936 866 3005 cum
879 2908 959 2990 levi
980 2907 1239 3022 &profundo
1259 2904 1409 2991 doloris
1425 2905 1546 2990 sensu.
1568 2907 1701 2991 Primb
1722 2911 1885 3020 quidem

461 3019 615 3105 intense
635 3045 723 3103 atra
738 3019 848 3126 sunt,
869 3017 998 3134 postea
1014 3017 1160 3126 rubra,
1179 3017 1246 3102 sed
1261 3018 1411 3103 intensi
1435 3017 1624 3105 rubedine
1648 3008 1799 3106 donalae
1815 3053 1885 3140 ap-

460 3159 600 3248 parent
612 3163 695 3242 qua
709 3131 845 3215 sensim
858 3133 900 3214 in
914 3130 1148 3246 erysipelatis
1168 3131 1320 3215 roseam
1332 3129 1500 3216 formam
1515 3135 1719 3242 cillantur,
1741 3133 1885 3229 deinde

455 3244 655 3331 navedine
682 3244 808 3328 tinda
829 3246 1092 3330 evanescunt:
1114 3270 1180 3329 eas
1205 3235 1386 3358 strigulari
1408 3245 1594 3360 exemplo
1615 3248 1697 3332 vidi
1725 3251 1766 3333 in
1788 3279 1884 3366 pue·

458 3359 551 3444 rulo
567 3356 801 3443 scholastico
817 3361 885 3470 qui
903 3359 1079 3444 fervente
1091 3358 1193 3471 syrio
1210 3357 1304 3442 dum
1323 3357 1589 3444 scholasticam
1605 3389 1674 3476 pet
1686 3361 1883 3448 summum

456 3471 552 3559 solis
574 3472 756 3558 ardorem
770 3469 1129 3557 deambulationem
1148 3473 1302 3555 summo
1317 3473 1482 3577 ardore,
1513 3475 1625 3558 cursu
1640 3475 1754 3559 simul
1764 3539 1778 3584 ‚
1796 3476 1883 3562 luc-

457 3587 578 3698 oque
591 3588 770 3701 peragit,
791 3581 1014 3670 suffirraram
1033 3589 1115 3672 vini
1137 3583 1318 3698 lagenam
1345 3583 1532 3668 librarum
1552 3587 1717 3671 duamm
1737 3593 1885 3675 exhau-

456 3704 557 3789 serat
571 3699 794 3814 imprudens
807 3731 818 3782 t
833 3703 927 3783 huic
941 3703 1047 3784 enim
1061 3699 1141 3781 line
1155 3696 1265 3782 febre
1273 3761 1287 3804 ‚
1300 3723 1340 3782 at
1348 3696 1459 3783 ebrio
1476 3703 1517 3783 bt
1533 3698 1783 3786 verbadelira
1796 3733 1883 3820 pro

456 3815 599 3903 ferenti
630 3841 677 3896 ac
700 3809 974 3897 vacillantibus
1002 3810 1167 3926 pedibus
1196 3814 1264 3898 vix
1292 3811 1475 3896 insistenti
1510 3812 1673 3898 macula
1697 3815 1773 3898 illa
1792 3845 1882 3902 eru·

456 3953 614 4045 perant,
632 3924 834 4041 lladioque
852 3926 1076 4038 quindecim
1098 3925 1251 4009 dierum
1265 3930 1451 4040 peraeto,
1474 3951 1715 4009 evanuerunt
1729 3927 1880 4016 sensim.

511 4037 592 4126 Sed
616 4037 841 4147 hujusmodi
866 4037 1038 4124 maculas
1060 4039 1323 4124 diuturniores
1352 4038 1485 4124 videre
1513 4039 1592 4144 est,
1625 4041 1709 4121 imb
1739 4047 1780 4124 ἃ
1837 4071 1881 4126 er

454 4149 622 4266 longum
648 4161 806 4267 tempus
839 4153 1090 4270 perdurantes
1122 4153 1165 4234 in
1190 4151 1370 4252 senibus3
1397 4152 1480 4235 imo
1507 4147 1548 4234 ὁὶ
1569 4154 1609 4233 in
1632 4150 1724 4237 sene
1749 4071 1878 4239 deiiro

451 4261 1879 4490 tiliill,tllgrtltliillirillestifdtilillntil*

449 4489 760 4689 &immotis
780 4409 886 4574 illiugs
907 4497 1132 4607 nigricantis
1158 4491 1226 4606 qui
1251 4408 1554 4610 ipudiuuorer
1580 4495 1746 4582 nomine
1764 4409 1880 4612 tulpia

510 4629 666 4716 rgmtur.

486 4853 544 4932 (a)
571 4843 647 4914 Vide
660 4841 758 4906 Aniba
775 4845 883 4912 math
