4292 5904
481 341 574 518 ‘⁶30
879 393 1494 492 pauonum

485 571 747 682 relinquunt3
783 565 996 658 lidemirm
1026 567 1184 684 propria
1214 567 1287 652 smt
1315 563 1492 677 quadam
1520 555 1612 648 'cuti
1636 551 1755 646 faciei
1786 548 1927 648 malti⁴

445 763 449 770 .
485 716 569 798 qua
589 683 750 798 quidem
773 680 928 768 duobus
949 679 1122 767 articulis
1145 677 1543 796 comprehendemus.

695 905 1251 994 ARTIC-UL'US
1331 895 1695 1022 PRIMUS.

537 1119 605 1206 De
627 1119 779 1206 Morbis
800 1121 902 1205 curis
918 1121 983 1238 qui
998 1118 1269 1236 particularem
1288 1118 1329 1202 in
1336 1115 1446 1230 fitcie
1466 1114 1688 1200 corodtrtm
1707 1107 1882 1194 indumu.

494 1429 499 1438 .
540 1347 642 1432 Non
662 1351 814 1432 tantiam
836 1345 1166 1434 lineamentorum
1188 1349 1376 1431 varietate
1390 1403 1414 1450 ,
1442 1339 1583 1426 ossium
1612 1332 1743 1423 sormi
1755 1400 1769 1444 ‚
1805 1356 1925 1446 atque

486 1458 758 1546 musculorum
771 1461 939 1574 polituris
956 1463 1141 1547 differunt
1157 1465 1260 1546 inter
1277 1460 1316 1544 se
1335 1458 1544 1543 hominum
1558 1454 1701 1560 facies,
1717 1451 1786 1535 sed
1803 1453 1921 1534 etiam

366 1591 373 1602 “
488 1573 571 1688 ipsi
586 1577 686 1657 cutis
699 1577 1155 1686 tenuitate,'atqueuariis
1168 1579 1211 1659 in
1224 1571 1305 1688 ipsit
1316 1573 1417 1656 uatis
1429 1565 1712 1654 accidentibus.
1727 1565 1922 1652 Tenuitas

486 1689 675 1770 strusiurae
696 1690 796 1770 cutis
820 1713 937 1800 atque
956 1695 1040 1772 tium
1061 1685 1322 1793 cellularum,
1347 1689 1433 1770 tiam
1455 1679 1770 1765 membranarum
1792 1675 1921 1760 cellu⁴

485 1797 543 1884 las
577 1827 760 1883 cutaneas
789 1803 1083 1886 efformantium
1114 1797 1323 1890 discrimen
1357 1800 1560 1910 ingenerat
1589 1785 1689 1878 illud
1720 1791 1918 1874 summum
2007 1835 2012 1848 ·

462 1977 468 1990 .
487 1911 598 2020 quod
618 1912 827 1995 intercedit
844 1916 945 1998 inter
964 1914 1142 1998 feminea
1169 1910 1349 1997 cuticula
1371 1911 1534 2024 gratiam
1552 1914 1594 1991 ἃ
1616 1909 1811 2014 marium,
1833 1933 1919 2020 pra·

486 2025 619 2108 sertim
644 2025 874 2106 rusticorum
898 2025 1143 2140 asperitatem
1164 2023 1415 2130 vultuosam,
1440 2023 1542 2106 inter
1567 2017 1788 2104 infantilem
1813 2021 1918 2100 nito-

487 2163 572 2238 tem
590 2141 631 2217 ὅ(
650 2133 786 2240 senum
807 2163 934 2248 rugas.
955 2137 1176 2223 Ratitatem
1195 2140 1320 2242 cutis,
1337 2139 1456 2244 sepa
1474 2133 1606 2244 ἀραιόν,
1631 2130 1808 2216 masculis
1828 2127 1916 2214 ads-

487 2245 605 2334 cribit
630 2243 898 2361 Hippocrates
928 2256 989 2356 (a)
1018 2247 1103 2356 jure
1131 2253 1381 2360 meritoque,
1410 2276 1494 2330 non
1529 2243 1639 2356 quod
1676 2269 1740 2328 aut
1769 2241 1909 2326 ossium

485 2359 635 2450 fabrica
646 2420 660 2464 ,
687 2386 753 2444 aut
773 2358 957 2476 supposui
979 2361 1107 2445 textis
1126 2359 1322 2446 cellularis
1337 2363 1536 2464 vacuitas,
1560 2383 1628 2442 aut
1649 2351 1915 2440 musculorum

489 2475 721 2560 exercitatio
741 2499 858 2584 atque
876 2471 1035 2558 durities
1054 2473 1223 2558 multum
1244 2477 1310 2557 hic
1329 2504 1412 2556 non
1430 2471 1665 2570 conferant3
1684 2471 1821 2553 verium
1839 2465 1921 2582 ipsa

487 2589 589 2672 curis
603 2587 786 2670 stmuura
801 2589 842 2669 in
857 2585 1013 2670 feminis
1028 2585 1110 2670 fera
1153 2584 1324 2672 ellucida
1335 2647 1350 2694 ,
1373 2581 1612 2700 lymphisque
1633 2577 1750 2666 molli
1770 2577 1919 2676 imbuta

488 2725 607 2809 atque
628 2700 724 2782 vasis
751 2695 947 2782 flexilibus
976 2707 1017 2782 dt
1040 2617 1158 2782 facilia
1181 2728 1250 2814 per
1275 2727 1487 2784 nervorum
1517 2694 1765 2780 sensilitatem
1793 2689 1919 2777 mobi-

486 2810 589 2900 libus
606 2809 750 2897 donata
761 2809 845 2898 lilia
852 2837 973 2922 atque
985 2812 1090 2896 rosas
1103 2810 1191 2896 illas
1204 2807 1456 2897 illecebrosas
1470 2807 1676 2924 producit,
1693 2811 1734 2892 in
1749 2803 1918 2890 maribus

381 2939 390 2958 ⁸
485 2913 827 3030 ariditatem‚imb
843 2925 1031 3010 &sordes
1042 2953 1095 3010 ex
1110 2925 1193 3039 ipso
1210 2929 1313 3010 cutis
1327 2951 1436 3010 textu
1480 2923 1646 3038 erpetui)
1659 2919 1920 3008 renascentes·

487 3040 601 3150 Quin
618 3028 752 3122 sordes
773 3035 860 3122 illas
872 3035 966 3122 vers
981 3041 1185 3124 terreasin
1202 2954 1531 3123 marcescentilus
1546 3051 1664 3145 atque
1684 3029 1893 3150 decrepitis
1915 3077 1919 3084 ·

485 3153 628 3270 partim
654 3147 870 3234 eit-detriti
902 3151 1170 3265 epidermide,
1197 3154 1337 3264 partim
1368 3179 1424 3236 ex·
1446 3149 1728 3264 perspiratione
1754 3175 1876 3232 muco

485 3259 689 3370 nascentes
710 3263 775 3344 vix
800 3260 923 3346 deteri
947 3263 1056 3406 polit
1079 3267 1318 3374 experientia
1339 3261 1524 3372 declarat.

543 3371 733 3456 Tenuitas
748 3371 815 3456 illa
826 3375 869 3458 in
888 3377 968 3488 ipsa
982 3376 1082 3458 cutis
1099 3372 1302 3460 substantii
1316 3373 1524 3482 enascens,
1541 3371 1637 3460 licet
1655 3365 1917 3459 connexionis

484 3482 651 3570 modum
664 3485 839 3570 nondum
853 3487 1059 3572 edocuerit
1073 3487 1261 3598 Physica,
1275 3475 1399 3596 major
1413 3491 1465 3572 el’t
1483 3492 1523 3574 in
1538 3490 1642 3572 flavo
1657 3481 1916 3601 gaudentibus

483 3625 603 3708 atque
627 3625 815 3712 argenteo
839 3599 1075 3713 capillorum
1094 3599 1263 3707 colore,
1287 3603 1417 3684 minor
1437 3604 1477 3684 in
1497 3605 1544 3684 iis
1564 3605 1633 3711 qui
1656 3601 1915 3714 nigricantem

485 3739 645 3794 comam
659 3738 775 3820 atque
789 3715 899 3824 nigra
913 3711 1284 3827 superciliahabent.
1307 3715 1408 3824 Quae
1420 3713 1581 3823 quidem
1597 3715 1796 3798 tenuitatis
1809 3709 1915 3794 diffe-

482 3826 609 3916 rentia
624 3851 824 3934 nunquam
840 3827 882 3906 in
893 3824 1118 3908 mor-bosam
1135 3826 1322 3910 diadtesm
1339 3823 1603 3910 transformari
1648 3827 1770 3932 orell,
1787 3817 1914 3908 clami

482 3932 619 4022 naturis
633 3936 699 4042 fit,
717 3943 758 4020 dt
772 3927 820 4020 ab
838 3931 950 4040 hujus
966 3935 1246 4046 ¹constitutione
1259 3939 1445 4053 pendeat,
1457 3939 1525 4024 sed
1537 3966 1603 4022 cer
1659 3967 1744 4048 quae
1758 3939 1916 4022 tenuior

484 4051 537 4134 est
561 4051 661 4132 cutis
689 4056 731 4133 dt
757 4047 925 4134 delicata
950 4055 1101 4166 magis,
1132 4049 1324 4136 morbosis
1350 4049 1551 4138 alsedibus
1577 4047 1749 4134 maxime
1804 4075 1911 4154 atet,

480 4166 578 4244 cium
599 4166 723 4273 magis
746 4159 799 4244 ob
824 4161 942 4277 ipsam
964 4163 1072 4248 suam
1095 4161 1338 4250 debilitatem
1361 4166 1408 4248 iis
1430 4175 1664 4277 exponamur.
1692 4081 1810 4246 Untll
1832 4162 1913 4272 quo

479 4277 607 4384 magis
627 4279 680 4358 ell
706 4274 909 4390 spassando
935 4279 1123 4362 tenuitate
1148 4281 1274 4384 cutis,
1299 4279 1352 4360 ei>
1386 4281 1509 4388 magis
1536 4273 1745 4390 lentigines
1769 4271 1913 4358 insola·

484 4385 689 4493 tionesque
706 4390 871 4502 accipit,
893 4391 946 4472 eo
965 4394 1083 4472 etiam
1103 4394 1226 4503 magis
1246 4385 1419 4472 maculas
1440 4391 1643 4502 concipit,
1666 4393 1760 4472 cium
1782 4413 1912 4470 textus

481 4491 554 4579 ille
575 4495 789 4586 reticulatis
811 4497 1024 4615 Malpigltii
1044 4503 1261 4588 exsiccetur
1282 4499 1457 4609 facilius,
1478 4509 1521 4586 dt
1544 4499 1786 4586 obstruamur:
1807 4495 1912 4582 unds

444 4651 449 4662 ·
482 4609 526 4692 in
551 4603 682 4718 aliqui
713 4639 821 4724 parte
847 4641 1013 4728 pereunt
1043 4617 1179 4722 nitor,
1216 4612 1515 4725 aequabilitatem
1547 4639 1674 4726 atque
1704 4607 1912 4696 levitatem

481 4719 604 4810 totilts
620 4722 849 4825 conturbat3
861 4723 964 4814 unde
977 4730 1074 4814 naui
1081 4787 1097 4836 ,
1113 4730 1214 4840 vari,
1229 4725 1394 4816 rubores
1401 4789 1417 4838 ,
1432 4751 1544 4841 gutta
1560 4727 1683 4814 rosea.
1696 4721 1808 4812 Hinc
1823 4719 1912 4810 mas

521 4887 583 4960 (ι)
599 4877 679 4967 Aefl-
698 4879 766 4947 [ὧι
783 4894 886 4968 astu
