4226 5916
224 581 335 668 altero
364 589 500 704 accipi
527 617 629 676 acre
646 590 891 680 indomabile
919 593 1029 703 quod
1062 588 1212 676 summai
1240 590 1449 679 tenacitate
1483 592 1654 711 lympha

223 695 411 783 adhaereat
427 705 621 810 nutritiae,
652 711 694 796 bc
714 705 843 818 postea
861 705 962 790 lacte
982 707 1169 810 nutricis,
1189 701 1255 788 vel
1273 707 1386 818 ipfibs
1405 709 1537 792 matris
1556 738 1651 823 per·-

221 808 332 892 verso
353 812 593 918 invalescat,
621 821 846 930 tineamque
862 818 1082 932 producat3
1105 821 1200 900 hinc
1226 821 1318 899 cnm
1343 815 1456 922 hujus
1483 824 1647 933 originis

114 959 115 966 Ν
219 918 372 1006 nullum
384 927 492 1010 statui
513 931 638 1041 potest
655 957 834 1044 tempus,
864 957 1074 1014 connatam
1089 927 1285 1013 ‘credimus
1299 929 1546 1030 affellionem
1562 963 1648 1046 quc

217 1029 267 1114 ab
292 1037 514 1151 incipientis
535 1043 623 1124 virae
648 1043 816 1126 exordio
840 1072 1041 1153 nunquam
1066 1070 1140 1124 nos
1167 1040 1347 1142 deseruit.

132 1233 134 1240 ,
161 1167 162 1170 ‘
273 1145 502 1260 Incipientis
521 1155 632 1238 tineas
651 1153 776 1268 vulgb
798 1154 1034 1270 prodromus
1050 1162 1092 1238 bc
1114 1154 1219 1264 quasa
1238 1156 1373 1236 martia
1392 1157 1579 1286 porrigo,
1603 1161 1647 1246 in

216 1258 264 1342 iis
281 1255 384 1374 locis
405 1264 574 1348 maxime
595 1267 700 1350 cons
720 1272 810 1354 icua
832 1297 915 1379 quae
940 1295 1036 1350 mox
1060 1269 1166 1350 tinea
1184 1265 1368 1371 invadet,
1390 1265 1482 1349 rude
1501 1267 1647 1377 quassa

217 1396 358 1454 centro
390 1372 528 1458 sensam
564 1297 826 1485 decresdens,
859 1379 1129 1492 protenditur.¹
1155 1376 1255 1487 Quo
1285 1381 1326 1460 in
1355 1376 1454 1462 loco
1482 1383 1646 1494 porrigo

211 1487 538 1596 magis'eminct,
561 1491 606 1572 fit
629 1495 774 1598 crusta,
795 1522 880 1602 quae
899 1492 1036 1575 sensrm
1053 1491 1270 1599 sensumque
1289 1488 1462 1602 spilstot',
1484 1493 1647 1578 mucosa

211 1617 349 1680 tamen
372 1601 452 1707 est,
482 1609 523 1686 δι
547 1601 651 1686 male
679 1603 774 1689 olet.
801 1601 1303 1688 rancidulo-acescentem
1322 1606 1491 1687 mixtum
1512 1623 1647 1692 tamen

109 1731 112 1738 ¹
211 1709 373 1820 putrido
395 1711 621 1827 spontaneo
633 1716 801 1801 odotem
820 1720 991 1822 emittit,
1012 1713 1173 1798 srsuerit
1189 1718 1341 1830 impura
1358 1723 1399 1799 bc
1419 1715 1522 1799 male
1541 1743 1646 1802 trac-

210 1839 320 1922 tata;
343 1828 409 1908 vix
425 1824 529 1910 ullus
547 1831 599 1909 est
614 1829 716 1913 odor
734 1831 760 1912 sr
777 1826 897 1914 lintea
910 1852 1128 1934 mutentur,
1149 1835 1190 1911 dc
1210 1855 1305 1941 puer
1321 1827 1489 1912 mundus
1504 1829 1644 1937 suerit,

161 1953 165 1964 ’
210 1957 334 2043 atque
359 1934 464 2020 belle
488 1937 689 2024 educatus.
720 1941 862 2024 Crustae
886 1938 962 2024 illae
991 1939 1128 2024 sensim
1159 1939 1375 2050 sensrmque
1403 1938 1645 2028 albescentes

210 2046 407 2155 evadunt,
428 2056 468 2134 bc
480 2052 525 2161 in
538 2051 683 2136 viciniis
698 2050 776 2160 jam
789 2083 872 2136 non
887 2053 1012 2136 furfur
1018 2113 1031 2158 ,
1051 2079 1118 2134 aut
1135 2051 1194 2134 sar
1212 2050 1443 2136 morbosum
1460 2079 1643 2168 apparet,

162 2231 167 2242 .
206 2153 281 2242 sed
307 2157 419 2246 lemae
442 2164 607 2275 grandes
632 2163 886 2250 albescentes.
917 2162 1000 2248 Sub
1027 2163 1135 2248 hisce
1155 2161 1267 2247 lentis
1285 2167 1386 2248 cutis
1405 2163 1509 2249 laevis
1528 2195 1644 2282 appa·

82 2347 87 2356 .
206 2295 272 2354 ret
289 2280 335 2358 dc
355 2277 458 2385 quast
477 2305 723 2385 marmorea,
749 2281 834 2362 imb
859 2274 1072 2386 aliquandi)
1121 2273 1310 2383 ellucens.
1338 2275 1486 2360 Nullus
1509 2305 1648 2364 tamen·

205 2385 361 2492 humor
385 2390 466 2469 exit
483 2415 618 2498 praeter
637 2421 799 2474 mucum
821 2389 950 2472 levem
975 2388 1025 2470 ad
1047 2307 1152 2500 ipsos
1172 2390 1338 2469 tumoris
1355 2391 1560 2514 margines.
1586 2393 1643 2474 At

202 2525 299 2578 non
321 2526 441 2601 unus,
466 2525 534 2582 aut
555 2499 749 2584 solitarius
764 2527 898 2584 tumor
918 2499 1102 2612 exsurgit.
1122 2500 1273 2583 Vetlam
1293 2502 1423 2610 priore
1442 2529 1523 2604 Jam
1537 2501 1642 2614 quast

203 2610 478 2692 maturitatem
496 2609 640 2725 adepto
661 2612 911 2724 succrescunt
922 2609 1009 2715 alii,
1028 2614 1082 2694 ita
1097 2637 1142 2693 ut
1155 2611 1398 2694 tineosorum
1417 2637 1555 2725 caput,
1571 2637 1643 2696 aut

201 2717 396 2833 glabrum
411 2721 478 2828 srt,
498 2727 622 2806 autin
642 2723 813 2840 partibus
830 2753 913 2807 non
926 2721 1069 2837 glabris
1083 2748 1214 2807 totum
1233 2723 1364 2806 crustis
1379 2721 1545 2831 scateat,
1561 2723 1642 2810 sese
1732 2747 1744 2760 “

201 2835 386 2917 invicem
407 2831 806 2949 superscandentibus.
1544 2867 1551 2894 ⁸

85 3013 89 3018 .
179 3011 187 3026 .
263 2945 473 3028 Interdum
507 2974 638 3046 tamen
666 2953 779 3034 tinea
793 2951 1029 3064 incipientis
1060 2947 1135 3034 alia
1164 2949 1217 3033 cst
1245 2946 1402 3053 forma,
1435 2947 1641 3060 praesertim

190 3061 246 3152 'in
278 3052 362 3143 illi's
397 3089 497 3168 quos
561 3061 760 3150 randiores
794 3066 899 3146 tinea
933 3062 1093 3147 invadit.
1123 3060 1329 3171 Psydracia
1363 3087 1512 3174 pauca,
1549 3091 1641 3146 con·

196 3172 341 3278 serta,
365 3201 448 3254 uno
473 3176 515 3254 in
532 3091 637 3258 ioco
663 3179 861 3259 turmatim
885 3178 1128 3290 erumpentia¹
1149 3178 1261 3258 tineae
1287 3171 1380 3256 dant
1403 3169 1569 3280 locum,
1597 3172 1652 3260 id·

169 3363 170 3366 .
197 3285 257 3370 est
281 3285 477 3398 porrigini
504 3293 545 3370 dt
568 3290 699 3372 crustis
721 3287 813 3372 inde
833 3287 1093 3371 nascentibus.
1121 3287 1273 3370 Cetera
1293 3311 1337 3369 ut
1356 3288 1398 3367 in
1417 3282 1491 3367 alis
1511 3285 1641 3398 specie

175 3396 352 3504 ,eadem
369 3394 455 3480 sunt
477 3400 757 3511 phoenomena.
773 3400 838 3483 Ad
853 3398 1025 3486 frontem
1046 3401 1169 3510 usque
1187 3402 1291 3482 tinea
1312 3388 1568 3512 protendilm.
1586 3401 1641 3484 Et

64 3505 66 3514 ’
195 3514 303 3594 clam
336 3505 558 3621 glabritiem
589 3517 689 3598 cutis
721 3511 859 3598 sedulo
894 3517 1074 3612 examine
1106 3509 1413 3624 perpendimur,
1442 3507 1641 3620 ‘stmulque

193 3621 463 3738 epidermidis
497 3622 756 3709 sublationem
787 3628 828 3710 in
860 3623 981 3708 lentas
1017 3623 1087 3706 stbi
1122 3623 1406 3725 succedentes,
1438 3621 1640 3707 euidenter

169 3731 381 3838 ‘subjecta
405 3737 505 3820 cutis
529 3738 736 3822 tumefada
762 3741 803 3819 in
834 3733 900 3818 sual
928 3733 1132 3819 substantii
1168 3734 1482 3850 deprehenditur.
1518 3735 1608 3818 lmb
1621 3795 1640 3842 ,

189 3846 305 3932 lieet
331 3875 412 3938 non
434 3845 570 3932 doleat
586 3877 656 3963 per
678 3849 718 3934 se
731 3912 745 3956 ,
770 3848 1056 3944 rudibstamen
1075 3847 1233 3931 tt'ablata
1251 3847 1402 3932 sensum
1426 3843 1640 3931 obscurum

189 3957 465 4045 dolorificum
482 3962 620 4068 refert,
642 3960 765 4047 &sub
781 3961 895 4044 frittu
908 3988 1026 4070 atque
1039 3963 1180 4058 attaslu
1195 3959 1309 4072 rubet
1318 3955 1529 4058 facillime5
1546 3957 1640 4044 inde

188 4099 318 4190 patet
345 4099 415 4156 cur
443 4076 572 4158 crustae
599 4073 802 4162 videantur
826 4074 1004 4190 depressae
1018 4137 1032 4182 ,
1062 4073 1184 4160 velut·
1200 4070 1277 4155 stit
1305 4096 1397 4155 cute
1424 4066 1641 4155 humiliore

188 4186 475 4297 exsurgerent.

253 4299 367 4386 Non
401 4324 533 4383 tamen
565 4297 717 4414 semper
745 4299 886 4386 eadem
911 4327 1072 4384 externa
1098 4304 1211 4382 tinea
1240 4296 1508 4408 phoenomena
1536 4293 1640 4382 sunt.

182 4411 298 4502 Alia
313 4411 422 4494 enim
434 4412 525 4494 verb
540 4409 718 4526 lupinosa
732 4411 810 4494 dici
823 4415 962 4527 potest,
974 4411 1145 4518 eoquod
1159 4418 1200 4494 br
1216 4408 1255 4491 su
1286 4405 1326 4491 rb
1340 4405 1459 4491 bastm
1470 4405 1640 4492 multum

184 4527 438 4636 emineat&
457 4523 682 4608 attollatur:
704 4520 779 4606 alia
792 4523 1003 4638 depreffior
1018 4525 1091 4627 est,
1108 4531 1169 4627 bt,
1185 4537 1237 4606 ut
1273 4550 1390 4614 araus
1405 4524 1479 4625 ait,
1502 4546 1640 4604 corro-

180 4638 333 4740 dens,
353 4639 405 4720 eb
429 4635 538 4745 quod
559 4635 789 4722 extendatur
802 4667 924 4747 „quat
941 4639 1058 4726 etiam
1075 4632 1284 4742 subjeclam
1303 4635 1426 4717 cutim
1448 4632 1641 4716 erodit&
1730 4653 1734 4662 ⁴

182 4747 359 4838 offibus
382 4749 471 4862 ipsrs
491 4745 622 4835 sulcos
647 4751 856 4866 imprimit,
882 4753 988 4836 utin
1013 4747 1265 4835 cadaveribus
1284 4742 1598 4860 deprehenditur.

248 4856 496 4972 Aliquando
509 4864 606 4947 verb
624 4863 787 4950 humida
806 4867 858 4951 est
870 4925 886 4978 ,
909 4863 952 4950 id
978 4865 1031 4948 est
1056 4860 1212 4978 aliquo,
1237 4859 1446 5061 sedbparco
1471 4860 1641 4950 humore

767 5050 770 5058 ,
1351 4999 1417 5056 nn
