4292 5904
505 351 595 456 aar
957 331 1069 426 DE
1140 327 1516 422 MORBIS

506 507 660 624 ingenti
689 503 959 592 remediorum
994 525 1039 586 to
1068 503 1225 588 icorum
1249 500 1300 586 ad
1325 497 1619 585 deformitatem
1646 488 1762 578 illam
1794 491 1949 582 tollen·

508 621 600 706 darn
612 684 627 728 ,
651 621 718 706 sed
742 617 826 702 fere
853 617 989 698 onmia
1015 531 1083 698 nh
1108 618 1244 730 topica
1266 607 1588 725 ads’ningentibus
1610 605 1730 722 plena
1752 609 1851 694 sunt
1882 613 1949 696 Ita

506 734 590 819 duo
606 732 675 817 illa
686 733 845 846 topica,
867 725 1008 838 quibus
1029 727 1069 812 se
1090 753 1243 840 guttam
1256 724 1410 810 roseam
1423 722 1567 806 sanasse
1585 721 1714 804 asserit
1732 721 1948 832 Rhenus,

505 845 667 932 alumen
688 845 912 956 recipiunt3
931 841 1098 926 alterum
1117 839 1394 952 adstringentes
1413 844 1456 920 dt
1473 832 1633 920 acerbas
1651 831 1801 948 plantas
1811 897 1825 941 ,
1845 835 1948 922 alte-

504 987 595 1042 rum
610 959 708 1042 verb
723 985 816 1039 cum
834 953 1063 1068 lithargyrio
1079 950 1260 1065 sulphur,
1278 981 1361 1062 qua
1375 951 1509 1032 omnia
1521 949 1947 1062 repercutientiasunt.

502 1071 568 1154 Ex
594 1066 879 1182 multiplicibus
907 1097 991 1178 qua
1017 1063 1244 1150 iTurnero
1269 1087 1544 1178 proponuntur
1571 1058 1727 1142 nullum
1753 1063 1943 1172 estquod

504 1211 592 1266 non
619 1207 872 1298 preparatum
899 1181 1140 1264 saturninum
1169 1179 1345 1292 recipiat.
1378 1173 1453 1258 Illa
1480 1175 1650 1284 quidem.
1666 1177 1717 1258 eb
1744 1177 1945 1260 minorem

505 1322 708 1380 merentur
731 1295 878 1401 sidem,
902 1301 983 1404 quo
1003 1291 1309 1376 demonstratum
1330 1291 1454 1401 magis
1480 1291 1583 1371 inter
1605 1313 1787 1371 externas
1810 1294 1946 1374 causat

504 1435 660 1521 guttam
687 1408 840 1492 roseam
869 1407 1099 1492 inducentes
1126 1403 1276 1487 nullam
1307 1404 1506 1516 potentins
1536 1427 1682 1514 agere,
1712 1398 1832 1510 quarn
1857 1401 1945 1488 fuci

504 1521 646 1608 diversr
684 1519 825 1630 quibus
864 1517 1076 1604 abutuntur
1109 1513 1306 1602 mulieres.
1344 1515 1398 1598 Et
1429 1512 1538 1599 certi
1573 1513 1787 1628 crispandis
1823 1542 1943 1625 atque

505 1633 736 1747 stringendis
762 1636 924 1716 orificiis
952 1633 1206 1716 minimorum
1229 1630 1411 1712 vasorum
1437 1625 1536 1708 nihil
1562 1629 1688 1740 aptius
1713 1629 1796 1733 est,
1822 1653 1941 1738 atque

504 1751 608 1834 adeo
635 1745 735 1830 nihil
759 1745 992 1859 fugiendum
1015 1747 1152 1857 magis.
1184 1743 1381 1852 Adeoque
1407 1740 1457 1823 ad
1482 1737 1717 1824 resolvenda
1744 1747 1788 1824 dt
1809 1739 1942 1824 ernol-

503 1861 641 1948 lientia
663 1855 852 1972 simplicia
873 1856 1188 1972 confugiendum
1209 1859 1262 1939 est
1272 1918 1287 1962 ‚
1313 1851 1453 1964 quibus
1472 1849 1602 1936 libera
1619 1851 1817 1944 serventur
1836 1855 1938 1966 pers·

504 1973 707 2087 pirationis
724 1973 821 2075 via,
842 1997 992 2054 meatus
1011 1970 1194 2052 vasorum
1208 1971 1456 2082 aperiantur,
1479 1963 1672 2074 simulque
1686 1965 1937 2052 solidioribus

503 2083 700 2196 sanguinis
721 2079 892 2194 partibus
915 2084 956 2163 in
976 2081 1159 2164 vasorum
1186 2081 1378 2164 anstasius
1403 2075 1653 2162 arietantibus
1673 2076 1796 2189 aliqua
1817 2077 1936 2188 liqui-

506 2196 605 2280 ditas
622 2193 878 2278 concedatur.
898 2190 1035 2277 Ponet
1050 2192 1284 2276 resolventia
1297 2191 1500 2275 addantur.
1520 2189 1724 2274 Famosum
1737 2193 1812 2274 fixit
1822 2191 1929 2304 apud

504 2307 690 2392 mulieres
716 2311 758 2388 dt
783 2301 832 2387 ab
860 2303 1082 2388 austoribus
1098 2304 1422 2388 commendatum
1440 2300 1617 2386 fabarum
1636 2303 1868 2410 detortum,
1888 2313 1933 2389 bt

503 2425 546 2506 in
563 2445 709 2532 genere
724 2417 773 2502 ad
788 2419 863 2501 hos
877 2419 966 2502 usus
980 2416 1157 2502 adhiberi
1170 2417 1327 2532 possunt
1341 2417 1471 2500 farina:
1484 2414 1721 2502 resolventes
1718 2419 1789 2556 ⁸fic
1803 2416 1912 2501 dieta
1918 2476 1936 2526 ,

504 2532 738 2650 plantaque
758 2561 842 2640 quae
871 2534 913 2615 vi
948 2529 1169 2616 resolvente
1203 2531 1565 2636 commendantur,
1595 2527 1936 2639 chamotmelum,

505 2642 738 2750 melilotos,
766 2640 941 2728 sambuci
963 2646 1111 2752 flores,
1140 2653 1183 2728 bt
1205 2640 1313 2726 ebuli
1336 2641 1460 2751 folia,
1485 2645 1603 2728 flores
1631 2651 1675 2728 ὃ(
1697 2641 1795 2728 solia
1820 2644 1937 2756 virge

503 2787 661 2864 aureae,
689 2784 738 2840 eu
767 2759 914 2862 atoni,
941 2755 1189 2867 aliorumque
1212 2755 1428 2839 fimilium:
1458 2755 1588 2839 forsan
1611 2765 1655 2842 ὃ(
1679 2759 1935 2842 aromaticam

503 2876 585 2958 vim
617 2898 701 2952 non
732 2787 829 2976 hcet
863 2869 1065 2984 respuere,
1094 2873 1123 2954 st
1153 2898 1237 2952 non
1270 2867 1387 2952 subsit
1418 2871 1596 2954 irritatio·
1632 2869 1802 2956 Pomara
1830 2873 1934 2964 varia

501 2982 737 3070 adhibentur
763 3009 813 3066 ex
838 3011 1079 3089 cucumere,
1108 3011 1159 3068 ex
1190 2979 1407 3067 emulstone
1433 2981 1640 3088 confecia,
1673 3013 1768 3068 curn
1797 2987 1933 3070 amaris

500 3093 736 3210 amigdalis,
761 3122 809 3178 ex
835 3091 979 3206 butyro
1007 3096 1057 3180 de
1085 3125 1238 3200 cacan,
1269 3092 1364 3178 oleo
1394 3123 1491 3179 cerae
1519 3103 1725 3180 &cerato
1758 3097 1902 3182 Galeni
1915 3155 1932 3203 ‚

503 3237 588 3318 quae
603 3209 756 3311 omnia,
780 3209 807 3288 st
825 3212 998 3292 recentia
1018 3209 1115 3316 smt‚
1130 3236 1206 3293 nec
1219 3208 1401 3316 rancida,
1418 3207 1546 3292 linteis
1563 3239 1584 3290 a
1613 3211 1737 3325 posita
1755 3239 1827 3326 per
1843 3239 1931 3294 noc·

503 3345 614 3426 tem,
641 3317 955 3434 perspiratorium
981 3322 1192 3406 humorem
1217 3318 1408 3404 cohibent
1429 3329 1471 3405 dt
1493 3241 1611 3432 quali
1623 3325 1722 3406 roris
1754 3327 1865 3408 instar
1888 3325 1930 3408 in

499 3433 645 3520 faciem
676 3433 856 3516 retinent.
894 3431 964 3516 Sic
999 3442 1042 3518 dt
1075 3436 1202 3519 carnis
1234 3430 1404 3517 vitulina
1438 3434 1553 3518 frusta
1588 3435 1673 3519 offae
1705 3463 1756 3518 ue
1791 3433 1930 3520 ssmiles

499 3543 681 3660 apposita
700 3541 826 3628 vultui
844 3543 893 3628 ad
909 3542 990 3651 ejus
1011 3549 1182 3631 nitorem
1204 3544 1515 3630 conservandum
1532 3463 1727 3635 Juvenals‘
1729 3551 1772 3630 in
1792 3547 1931 3632 mulie·

497 3685 585 3740 runt
602 3657 876 3740 Romanarum
902 3655 1039 3742 luxum
1062 3658 1298 3743 declamanti
1313 3656 1626 3774 exprobrationis
1644 3657 1785 3746 locum
1809 3661 1930 3750 dedet

498 3795 614 3878 runt,
647 3766 742 3854 lieet
770 3797 840 3883 per
864 3772 1042 3885 physices
1063 3770 1172 3886 leges
1195 3771 1349 3857 admitti
1371 3773 1524 3887 possint.

818 3959 1594 4104 Pannonnrnustn

753 4223 820 4308 De
843 4225 999 4315 Robore
1026 4227 1308 4314 &Turnoribus
1335 4228 1375 4312 in
1403 4257 1490 4324 cute
1512 4226 1670 4313 notium.

551 4449 678 4552 Gutta
702 4449 812 4536 rosea
836 4451 969 4538 nasum
994 4456 1172 4568 attingit,
1191 4461 1232 4540 dt
1247 4453 1384 4539 eadem
1407 4451 1488 4560 ejus
1508 4455 1560 4540 est
1581 4477 1716 4539 natura
1739 4453 1780 4542 in
1802 4453 1936 4570 naso,

496 4589 613 4678 atque
645 4567 686 4646 in
717 4567 839 4680 genis.
875 4567 964 4652 lm‘o
992 4594 1040 4651 ex
1069 4566 1253 4651 omnibus
1280 4568 1397 4652 faciei
1424 4567 1595 4684 partibus
1622 4565 1727 4652 nulla
1754 4575 1809 4654 est
1837 4605 1933 4685 quae

494 4679 595 4766 adeb
622 4679 742 4762 causis
771 4685 939 4766 exterius
969 4678 1173 4794 agentibus
1202 4708 1449 4797 exponatur,
1480 4679 1597 4792 quint
1625 4678 1730 4766 extri
1754 4683 1934 4800 superst-

491 4797 596 4884 cient
623 4789 753 4880 vulttis
781 4793 1042 4908 undequaque
1065 4793 1268 4912 protensus
1292 4793 1415 4882 nasus.
1443 4791 1631 4914 Preterch
1650 4823 1733 4881 non
1755 4799 1926 4914 impune
