4250 5898
438 441 612 552 *546
877 389 881 400 ’
969 433 1512 528 annonara

531 599 790 717 pyramidales
813 602 910 687 fiant
920 662 934 708 ,
954 609 998 688 lit
1020 601 1116 688 dent
1132 600 1261 688 adhuc
1280 597 1553 714 imaginationi
1572 595 1679 683 circi
1699 594 1960 710 quodludat3

562 713 691 804 ollunt
718 719 837 801 etiam
868 718 1020 800 hiantes
1052 713 1188 828 gluten
1220 717 1307 829 puti
1338 716 1507 796 mixtum
1539 713 1789 801 emittere&
1821 709 1960 798 ulceris

532 747 679 914 satiem
692 827 895 916 exhibere.
914 828 1175 914 Destruuntur
1187 854 1318 916 autem
1332 823 1421 938 illi3
1439 826 1532 910 dlun
1545 823 1748 940 applicatis
1760 823 1962 912 emollien-

535 939 641 1029 tibus
665 973 718 1028 un
748 943 875 1026 uentis
898 938 1089 1026 volumen
1111 939 1325 1055 accepite,
1353 964 1449 1026 orne
1467 939 1574 1024 enim
1593 939 1807 1025 artificiosa
1828 967 1960 1024 manua

536 1081 701 1168 compre
732 1081 867 1140 ronem
888 1055 1017 1142 efficit
1029 1115 1044 1160 ,
1077 1062 1119 1138 ὃ(
1149 1055 1195 1140 fit
1224 1081 1318 1139 com
1366 1051 1460 1138 offro
1491 1080 1576 1162 quae
1602 1053 1656 1138 eo
1685 1051 1808 1163 usque
1833 1055 1961 1136 conti-

535 1167 794 1274 mandacii,
820 1167 954 1258 dome
978 1167 1174 1282 sanguinis
1205 1191 1358 1280 guttua
1384 1162 1531 1250 exiliat.
1564 1163 1665 1252 Hac
1693 1167 1802 1250 enim
1827 1161 1961 1250 ivasu

535 1277 716 1362 laceratis
743 1279 876 1394 prodit
900 1309 983 1390 quae
1005 1307 1074 1392 per
1097 1278 1229 1363 levem
1258 1276 1576 1393 suppurationem
1602 1283 1766 1392 parietes
1798 1279 1960 1364 tumoris

536 1390 720 1498 resolvit,
737 1396 791 1476 ita
810 1421 855 1482 ur
874 1392 1102 1484 concidant.
1122 1390 1198 1476 Per
1215 1389 1345 1506 plures
1360 1389 1536 1504 menses,
1557 1392 1642 1476 nno
1660 1419 1729 1506 pet
1750 1419 1874 1476 annos
1894 1387 1960 1474 ali-
2100 1443 2101 1478 r

534 1505 696 1614 quando
724 1505 960 1620 perdurant,
989 1507 1278 1588 inflammantur
1303 1501 1434 1620 postea
1447 1566 1461 1609 ,
1491 1503 1810 1618 suppurationem
1838 1501 1961 1587 levem
2100 1559 2101 1578 r

392 1691 397 1716 ,
536 1619 757 1740 patiuntur,
782 1619 838 1700 sm
858 1621 983 1702 minus
999 1619 1040 1700 in
1052 1644 1145 1702 veta
1156 1621 1426 1723 atheromata,
1450 1618 1676 1700 steatomata
1687 1678 1702 1725 ,
1721 1614 1962 1701 melicerides

536 1728 803 1841 degenerant,
827 1757 894 1814 aut
920 1755 1126 1816 vertuntur
1151 1725 1194 1815 in
1221 1730 1379 1815 massam
1407 1756 1590 1814 carneam
1616 1726 1829 1817 informem
1851 1757 1961 1844 quarn

533 1841 713 1932 sacoma
735 1847 978 1930 vocaverim.
2100 1855 2101 1872 ¹

788 2025 1512 2120 PARAGRAPHUS
1569 2027 1664 2116 IV.

1085 2225 1152 2310 De
1176 2221 1411 2313 Sarconrote.

594 2434 693 2518 Non
721 2434 879 2548 ignatus
907 2434 995 2521 sum
1021 2438 1171 2520 variam
1199 2435 1276 2519 elle
1305 2442 1348 2518 dt
1379 2437 1537 2549 protelis
1571 2431 1749 2520 *anostra
1778 2429 1961 2520 diversam

538 2545 766 2630 sarcotnattis
790 2550 1082 2662 acceptionem.
1115 2549 1306 2632 Sarcoma
1336 2551 1469 2654 enim,
1496 2549 1523 2630 sr
1548 2546 1676 2631 Paulo
1698 2549 1896 2662 AEginetae
1921 2558 1960 2636 dr
2100 2651 2101 2656 p

534 2661 658 2745 ‘Aetio
674 2660 882 2768 credatur,
910 2669 951 2744 ὅ(
972 2661 1061 2746 ante
1078 2659 1196 2768 illos,
1223 2664 1372 2746 aunon
1392 2659 1441 2745 de
1459 2657 1756 2746 definitionibus
1776 2663 1939 2746 medicis
1945 2723 1962 2770 ,
2100 2667 2101 2684 ¹

538 2775 646 2856 estin
664 2771 820 2858 naribus
836 2777 961 2862 carnis
976 2801 1113 2889 prater
1128 2801 1302 2868 naturam
1317 2775 1629 2881 incrementum,
1647 2775 1701 2858 ita
1718 2801 1763 2858 ut
1778 2772 1801 2858 *a
1815 2773 1963 2890 polypo
2100 2831 2101 2836 Ν

538 2886 693 2970 differat
714 2886 921 2995 sarcoma,
949 2887 1058 2998 quod
1077 2886 1246 3004 polypus
1266 2915 1338 3004 per
1366 2887 1517 2978 radices
1547 2887 1760 2994 adhereat,
1791 2889 1965 2972 satcoma

351 2963 356 2972 ⁹
500 3051 507 3058 -
537 2997 709 3082 informe
740 2999 786 3082 stt
815 2998 925 3084 mole
954 3009 996 3084 ὅ(
1022 2999 1158 3115 figuti.
1191 3001 1337 3084 Omnis
1366 2998 1566 3114 polypus,
1590 3003 1724 3110 inquit
1749 3003 1969 3114 AEgineta,

536 3109 718 3218 satcomp-
733 3115 808 3216 est,
825 3143 907 3196 non
931 3141 1052 3198 omne
1068 3113 1246 3198 sarcoma
1264 3111 1454 3228 polypus..
1469 3113 1574 3223 Quae
1593 3116 1685 3196 clam
1704 3116 1759 3196 ita
1779 3116 1874 3221 lint,
1899 3143 1967 3198 cur

537 3251 613 3306 nos
628 3224 808 3306 sarcoma
826 3225 876 3308 ad
895 3223 987 3310 alias
1006 3253 1132 3340 patres
1153 3227 1424 3312 delleslimus?
1446 3226 1555 3336 Quia
1576 3226 1714 3309 eadem
1732 3224 1815 3332 ejus
1835 3253 1965 3311 natura

539 3337 593 3419 en
607 3398 620 3441 ‚
647 3342 688 3419 ὁ(
714 3333 859 3421 ducem
878 3337 1079 3448 sequimur
1100 3342 1186 3452 post
1210 3337 1384 3446 Arabas,
1413 3339 1644 3424 Guidonem
1671 3339 1721 3424 de
1747 3337 1965 3446 Cauliaco‚

536 3448 804 3563 imprimisque
825 3446 964 3534 Ambr.
990 3449 1175 3534 Paraeunr.
1199 3452 1319 3566 Apud
1346 3442 1439 3534 illos
1456 3453 1635 3535 satcoma
1655 3455 1707 3536 esi
1727 3456 1831 3537 cutis
1856 3455 1966 3568 ipfitic

536 3561 869 3676 prominentia&
898 3563 1001 3674 quast
1035 3563 1226 3680 plicatura
1254 3593 1339 3674 quae
1363 3562 1465 3647 nihil
1494 3564 1599 3650 aliud
1626 3567 1808 3650 continet
1834 3593 1966 3680 prater

539 3699 673 3761 cutem
695 3681 736 3761 dt
759 3675 915 3794 adipem
935 3675 1170 3764 induratum.
1197 3677 1373 3763 Contio
1392 3677 1609 3762 sarcomate
1626 3677 1737 3762 senso
1756 3677 1966 3790 aliquando

538 3784 704 3871 naturali
727 3787 920 3895 donatur,
944 3787 1177 3900 aliquando,
1201 3789 1255 3874 ob
1278 3790 1476 3874 descitum
1498 3819 1711 3876 nervorum
1730 3790 1785 3874 ibi
1807 3817 1967 3906 proten-

537 3899 670 3984 sotum
686 3961 700 4005 ‚
728 3900 838 3987 sensu
870 3927 989 3987 caret.
1027 3904 1121 3987 Vidi
1154 3929 1324 3988 connata
1355 3904 1571 3988 satcomata
1586 3967 1600 4010 ,
1635 3901 1657 3987 it
1685 3907 1887 3991 nativitate
1914 3901 1967 3986 ad

537 4013 661 4123 usque
683 4017 908 4130 provedam
925 4041 1103 4121 atatem,
1130 4019 1336 4100 communi
1358 4017 1517 4128 quidem
1535 4021 1784 4102 incremento
1806 4047 1853 4099 au
1881 4020 1938 4097 eri
1950 4074 1968 4121 ,

478 4213 480 4216 ,
538 4123 605 4210 sed
623 4125 679 4208 nil
700 4125 768 4210 fibi
787 4127 991 4244 proprium
1013 4127 1168 4214 habere.
1200 4128 1291 4212 Alia
1316 4129 1421 4212 nasci
1446 4130 1528 4214 vidi
1538 4193 1554 4237 ,
1581 4157 1658 4213 nec
1680 4133 1822 4246 pariter
1842 4045 1968 4210 allam

538 4241 798 4322 mutationem
814 4244 1004 4356 accipere.
1023 4239 1114 4324 Alia
1128 4243 1225 4324 vero
1238 4241 1420 4326 videntur
1436 4249 1477 4326 dt
1495 4241 1752 4356 grandescere
1769 4249 1809 4326 &
1825 4243 1970 4324 mitum

536 4347 579 4433 in
607 4351 773 4442 modum
800 4357 947 4468 augeri.
981 4353 1211 4466 Aliquando
1242 4357 1360 4440 etiam
1389 4359 1491 4440 cutis
1520 4352 1588 4437 illa
1616 4357 1969 4438 inflammationem

538 4465 717 4576 concipit
744 4471 784 4548 dt
806 4465 1152 4596 suppurationem,
1182 4497 1264 4578 qnae
1288 4468 1540 4573 stichorosa,
1563 4465 1692 4574 lenta,
1715 4466 1868 4560 saniosa
1882 4465 1970 4550 lire·

536 4575 588 4658 rit
599 4635 613 4680 ,
635 4576 810 4662 satcoma
823 4609 973 4665 mtrum
990 4583 1031 4674 in
1050 4581 1216 4676 modum
1238 4581 1432 4671 increscit.
1453 4585 1509 4666 At
1530 4580 1576 4678 sa
1604 4578 1627 4663 ἑ
1650 4579 1830 4676 satcoma
1847 4567 1972 4663 facile

533 4687 742 4882 prunarii
768 4689 893 4804 figuti
923 4691 1089 4777 tollitur.
1121 4695 1165 4776 si
1191 4695 1299 4779 enlm
1330 4693 1453 4778 isilo
1478 4723 1556 4809 pen
1585 4719 1649 4777 eat
1676 4699 1718 4777 dt
1750 4689 1969 4778 tenuissimi

561 4801 639 4906 asr,
669 4799 825 4910 qualem
845 4804 1031 4890 morbum
1056 4809 1238 4890 nostrates
1262 4806 1463 4916 vocabant
1473 4809 1533 4922 fil
1544 4806 1656 4920 scint
1676 4803 1815 4892 Fiam
1830 4869 1848 4905 ,
1874 4830 1972 4892 tunt:

529 4910 611 5020 ejus
637 4911 731 4998 basrs
756 4913 905 5003 sericeo
930 4917 1004 5004 filo
1028 4917 1130 5006 bene
1159 4943 1295 5010 cerato
1322 4919 1570 5038 inligetur,
1598 4945 1645 5014 ut
1669 4923 1804 5016 omnis
1832 4943 1970 5010 namot
