4226 5916
485 408 569 520 496
887 403 1034 536 ¹DE
1101 398 1550 490 MORBIS'

488 571 632 658 faciem
654 564 720 678 ipsr
743 565 933 648 nitentem
954 563 1122 677 praestitit
1145 566 1188 646 dt
1210 589 1332 646 muco
1355 560 1540 646 refertam
1556 560 1695 674 ,unde
1712 561 1927 675 aliquandb

490 679 560 776 srbl
583 677 722 762 miserb
744 676 958 789 plaudunt,
980 679 1118 784 mortis
1137 679 1231 759 atria
1278 674 1457 757 ulsantes.

546 796 603 878 At
628 791 765 875 vidisse
797 788 933 872 datum
963 791 1037 884 fuit
1071 706 1283 897 aliquandi)
1312 787 1479 872 infantes
1509 785 1649 870 misere
1680 789 1847 902 rugosus
1876 789 1926 872 ab

490 906 576 1019 ipso
595 919 772 1008 exortu,
802 933 1026 1013 quanquam
1051 910 1092 985 ὅτ
1117 931 1238 986 muco
1267 928 1422 1012 turgere
1447 928 1584 983 eorum
1615 930 1665 983 ex
1691 901 1827 985 naturl
1852 905 1924 1009 stt,

492 1027 536 1102 bt
562 1044 654 1102 cute
678 1015 787 1099 rose'al
814 1014 985 1128 placere.
1017 1017 1171 1100 Vitium
1198 1017 1308 1097 muci
1336 1043 1418 1096 non
1446 1013 1532 1096 satis
1561 1015 1812 1102 distendentis
1837 1017 1925 1099 vasa

524 1159 570 1213 ec
598 1132 793 1242 compassi
817 1130 904 1212 satis
927 1128 967 1211 id
993 1128 1102 1211 fecit.
1134 1129 1226 1212 Nec
1255 1156 1359 1230 rarus
1385 1129 1439 1210 est
1463 1125 1563 1210 adeb
1591 1129 1750 1211 assedus
1777 1133 1818 1212 in
1844 1158 1926 1237 quo

492 1160 734 1354 liquidiore,
770 1269 845 1325 nec
867 1241 955 1324 satis
983 1245 1178 1325 nutriente
1205 1259 1326 1324 muco
1351 1240 1551 1322 flaccescit
1578 1265 1707 1324 textus
1736 1242 1924 1326 mucosus

493 1383 611 1466 atque
632 1352 827 1438 cellularis
835 1416 850 1460 ,
867 1383 985 1465 quem
1002 1357 1042 1437 in
1057 1351 1225 1438 infantili
1240 1379 1349 1436 astate
1364 1351 1463 1436 laste
1485 1352 1774 1438 &humoribus
1791 1381 1924 1466 preter

493 1469 720 1554 adultorum
747 1495 900 1552 morem
925 1467 1142 1552 tumescere
1166 1493 1299 1551 natura
1319 1463 1406 1550 vult
1429 1473 1471 1548 ὅτ
1493 1469 1670 1579 imperat.
1698 1467 1829 1579 Ruga
1850 1467 1922 1550 illa

493 1583 616 1666 succo
636 1584 798 1664 nutritio
821 1580 893 1664 rite
916 1579 1117 1664 distributo
1141 1580 1345 1686 sanantur,
1371 1587 1462 1662 cum
1482 1580 1648 1663 infantes
1668 1577 1728 1662 illi
1746 1609 1824 1693 prae
1844 1611 1925 1665 rna·

495 1695 691 1779 critudine
716 1695 846 1808 rugosr
865 1693 989 1808 vulgo
1014 1692 1189 1778 famelici
1209 1692 1298 1776 srnt.
1325 1693 1431 1776 Aere
1457 1696 1563 1775 enim
1587 1696 1775 1776 humores
1800 1696 1924 1778 inficit

494 1809 759 1906 stomachicos
776 1815 816 1890 bt
831 1811 873 1888 in
885 1804 1110 1891 ventriculo
1128 1806 1380 1919 hospitantes,
1398 1803 1514 1888 Unde
1528 1807 1614 1891 rarb
1627 1803 1715 1920 plus
1730 1807 1924 1890 nutriendi

495 1920 608 2025 sunt,
632 1918 697 2002 sed
720 1918 926 2031 regulatim
952 1926 994 2001 ὅτ
1014 1919 1192 2003 ordinate
1216 1915 1364 2002 alendi..
1608 1942 1613 1954 ·

553 2032 627 2116 Hae
652 2031 739 2114 sunt
760 2030 953 2146 precipue
975 2061 1158 2144 rugarum
1180 2030 1376 2114 morbose
1391 2030 1631 2113 nascentium
1659 2029 1793 2115 eausae.
1820 2031 1923 2114 Nam

499 2144 608 2254 quod
631 2141 741 2230 oculi
763 2143 898 2230 senum
924 2147 1054 2258 tugost
1079 2147 1175 2228 fiant
1202 2143 1292 2228 ante
1321 2148 1483 2248 omnia,
1512 2141 1553 2225 id
1579 2141 1600 2224 ὲ
1625 2146 1779 2226 textura
1805 2143 1922 2227 cellu-

498 2256 624 2342 larum
642 2255 854 2342 oculorum
869 2254 1037 2373 globum
1053 2256 1343 2344 involventium
1357 2256 1525 2370 pendet3
1544 2257 1784 2365 quodetiam
1806 2257 1921 2340 sami·

498 2401 637 2454 narum
654 2371 784 2484 saepihs
798 2399 1073 2487 puerperarum
1086 2398 1222 2456 venter
1237 2375 1342 2484 rugis
1355 2371 1619 2485 propendeat,
1639 2369 1682 2453 id
1699 2368 1748 2450 ab
1765 2373 1922 2456 immani

498 2487 633 2598 gestari
649 2487 760 2598 pueri
776 2485 953 2598 pondere
974 2513 1090 2595 atque
1111 2483 1317 2587 volumine
1338 2483 1684 2596 repetendumest,
1702 2484 1810 2566 unde
1829 2489 1925 2568 cutis

498 2595 629 2714 postea
645 2605 840 2682 &tonum
858 2601 1030 2704 amittat,
1048 2606 1090 2684 bt
1105 2625 1336 2711 recuperare
1349 2599 1416 2680 vix
1432 2594 1572 2680 valeat.
1589 2596 1793 2680 Pariter&
1809 2625 1924 2680 marn-

497 2741 651 2796 marum
668 2720 709 2794 &
731 2713 877 2796 ventris
900 2714 1020 2825 turpis
1045 2712 1253 2825 propensio
1273 2708 1416 2792 anilem
1438 2708 1675 2794 senestutem
1698 2708 1922 2796 dedecorat.

500 2824 625 2908 Curta
660 2823 709 2908 ad
745 2852 883 2909 omnes
924 2854 1037 2964 rugas
1065 2827 1230 2908 curatio.
1269 2821 1507 2928 Juveniles‚
1541 2822 1765 2907 moderatio
1810 2825 1922 2906 animi

500 2944 544 3020 bt
564 2939 687 3022 vislbs
710 2941 886 3050 tegimen
910 2965 997 3052 apte
1024 2937 1250 3051 disposrtum
1272 2935 1390 3019 sanat.
1421 2932 1575 3020 Seniles
1601 2963 1731 3018 morte
1761 2934 1924 3020 abscon·

500 3051 656 3134 duntur.
680 3049 807 3134 Causa
820 3078 1077 3160 quacumque
1094 3052 1139 3134 stt
1149 3114 1163 3156 ,
1187 3053 1391 3133 contrariis
1410 3047 1598 3133 tollenda.
1619 3050 1778 3132 Somno
1789 3113 1804 3155 ,
1821 3049 1923 3134 dista

499 3164 549 3247 ad
569 3167 670 3246 vires
690 3167 965 3247 concottrices
980 3161 1311 3269 accommodata,
1333 3162 1606 3248 moderatione
1621 3166 1922 3269 exercitiorum,

499 3278 600 3360 acris
621 3273 839 3358 sublatione
861 3280 965 3388 rugis
992 3277 1171 3361 medetur
1202 3307 1262 3360 ars
1291 3275 1516 3360 cosmetica.
1547 3274 1629 3359 Sed
1657 3273 1759 3358 nihil
1815 3280 1924 3360 raestat

501 3384 796 3474 emollientibus
821 3415 938 3498 atque
963 3387 1278 3474 demulcentibus
1305 3392 1406 3472 inter
1434 3417 1516 3500 quae
1541 3392 1761 3504 principem
1787 3309 1925 3474 locum

503 3500 685 3584 obtinent
713 3499 907 3585 laslicinia
922 3563 936 3606 ,
961 3503 1198 3612 hinchetiam
1226 3501 1422 3584 Romanis
1459 3501 1556 3584 olim
1583 3501 1855 3587 meretricibus
1880 3501 1925 3586 ad

500 3612 698 3699 tollendas
732 3640 849 3724 atque
876 3615 1143 3728 impediendas
1170 3645 1311 3727 rugas,
1347 3613 1531 3698 balneum
1562 3643 1611 3699 ex
1644 3617 1793 3700 asrnino
1830 3613 1927 3700 lasle

502 3723 876 3840 commendabatur,
900 3734 941 3811 ὅτ
956 3727 1064 3810 exsul
1083 3727 1290 3812 Messalina
1305 3731 1473 3812 comites
1486 3756 1550 3813 eas
1563 3732 1680 3812 etiam
1693 3729 1926 3826 deducebat

501 3842 617 3953 Quid
629 3844 695 3926 hlc
710 3843 814 3925 varia
825 3840 942 3923 faciei
961 3839 1242 3946 delinimenta,
1263 3868 1380 3952 atque
1394 3843 1509 3926 sucos
1525 3839 1800 3949 emollientes,
1818 3841 1930 3926 oleo·

500 3955 564 4039 sos
578 3982 730 4060 tamen,
744 3952 884 4066 quibus
897 3979 947 4034 ne
960 3955 1219 4037 marcesceret
1231 3958 1330 4038 cutis
1345 3953 1567 4062 vetabatur,
1583 3961 1928 4040 commentorem?

442 4060 445 4068 ’
501 4065 565 4150 Eb
584 4065 759 4152 infantile
774 4068 897 4180 magis
916 4094 1037 4180 opus,
1055 4066 1163 4176 qubtl
1175 4094 1225 4150 ex
1241 4069 1286 4150 iis
1300 4097 1426 4181 pauca
1441 4094 1587 4152 metam
1604 4071 1815 4182 attingant,
1832 4071 1927 4150 cium

502 4177 609 4260 nulla
628 4179 702 4262 alia
718 4177 905 4265 tollendis
920 4181 1024 4291 rugis
1046 4183 1109 4264 via
1130 4205 1281 4293 pateat,
1304 4181 1374 4262 nist
1391 4179 1613 4296 suppleatur
1637 4183 1757 4296 adeps
1774 4211 1928 4288 novus,

501 4291 547 4374 eal
574 4293 737 4376 crassitie
758 4323 873 4403 quarn
898 4320 947 4376 ex
974 4290 1107 4376 naturfi
1129 4290 1247 4376 debet
1270 4289 1418 4379 habere
1439 4295 1627 4408 turgidus.
1652 4295 1770 4380 Unde
1793 4293 1930 4378 malim

500 4405 730 4492 rusticorum
747 4405 1008 4515 quorumdam
1022 4406 1213 4491 Afrorum
1227 4408 1460 4492 methodum
1476 4438 1591 4517 quam
1604 4408 1723 4523 parvi
1741 4409 1791 4492 ad
1808 4409 1933 4519 usque

501 4513 731 4604 cellularem
754 4517 874 4604 telam
898 4517 1074 4633 aperturi
1101 4523 1141 4602 in
1169 4545 1260 4604 cute
1289 4519 1387 4604 faeta
1412 4520 1626 4628 adhibent,
1653 4523 1935 4634 insufflantque

501 4643 602 4718 aera.
628 4629 696 4714 Sic
716 4633 818 4716 eninr
842 4632 989 4743 septem
1014 4631 1063 4715 ad
1088 4636 1296 4716 minimum
1317 4633 1468 4716 dierum
1491 4632 1749 4748 pulchritudo
1770 4663 1838 4718 aut
1857 4635 1936 4720 sal·

502 4773 583 4830 tem
600 4744 699 4825 cutis
715 4745 972 4856 turgescentia
987 4745 1206 4848 inducitur3
1223 4751 1324 4829 hanc
1342 4745 1453 4830 cursu
1462 4807 1476 4852 ,
1492 4773 1537 4830 ut
1552 4743 1660 4830 aiunt
1670 4811 1685 4852 ,
1702 4749 1936 4834 discutiunt.

501 4853 625 4955 Nulla
642 4851 718 5009 alia
736 4857 788 4938 est
813 4859 853 4940 in
875 4859 957 4943 hoc
983 4861 1195 4946 curationis
1218 4885 1362 4975 genere
1380 4859 1540 4974 physica
1556 4859 1772 4972 indicatio,
1796 4863 1867 4944 nisi
1893 4889 1941 4945 ut

1801 5005 1940 5062 novus
