4186 5908
11 389 13 528 i
615 395 1211 584 ‘coannexa⁸
1532 459 1631 572 rm

11 531 14 716 i
175 608 317 698 conci
337 616 437 702 vero
457 611 618 702 variole
641 612 826 732 legitima
853 616 901 702 ad
925 613 1177 733 phlegmonis
1202 639 1377 702 naturam
1404 616 1612 736 pertinent.

208 723 329 830 ‘Hire
364 725 488 839 usque
523 727 650 812 serum
690 757 781 814 acre
819 727 869 813 ad
910 727 1190 843 producendos
1230 729 1394 813 duarum
1434 729 1613 842 priorum

175 831 353 922 claffium
370 839 535 924 morbos
548 843 590 924 in
604 841 821 946 vitio'suit,
847 848 888 926 dt
909 868 996 954 pars
1017 838 1085 924 illa
1105 842 1300 953 sanguinis
1324 871 1408 951 quae
1430 843 1614 926 concres-

175 975 268 1034 cere
287 981 372 1036 non
386 954 531 1067 potest,
549 979 616 1038 aut
633 956 674 1038 in
694 951 816 1038 lemas
835 951 942 1038 leves
958 949 1101 1038 solidas
1113 980 1221 1069 parte
1233 953 1290 1036 sui
1307 953 1488 1038 crassiore
1504 957 1612 1070 cogi·

174 1085 250 1149 tur.
272 1063 415 1154 Serum
430 1063 530 1151 illud
545 1094 621 1150 nec
633 1078 771 1150 verum
789 1096 861 1180 pus
875 1067 1106 1172 efformare,
1123 1095 1198 1151 nec
1213 1092 1365 1150 textum
1380 1063 1612 1153 cellulamm

174 1199 380 1286 penetrare
394 1175 523 1284 valet,
550 1177 750 1289 iliumque¹
764 1178 1042 1263 tantummodo
1061 1205 1219 1264 tumore
1238 1179 1374 1264 afficit.
1401 1180 1502 1264 Atsr
1522 1210 1612 1294 pars

172 1285 370 1400 sanguinis
413 1291 576 1376 mucosa
618 1323 701 1402 quae
742 1294 978 1407 praecipuam
1020 1289 1103 1396 ejus
1141 1319 1292 1407 partem
1340 1288 1610 1384 alimentarem

175 1403 403 1511 constituit,
432 1432 630 1488 venenum
648 1405 764 1488 fixius
790 1431 908 1514 atque
931 1401 1092 1488 solidius
1124 1407 1328 1516 concipit,
1360 1430 1429 1488 aut
1456 1403 1610 1519 quiqui

173 1515 327 1600 ratione
348 1521 490 1626 quovis
511 1517 637 1601 modo
657 1516 733 1600 fuit
754 1520 796 1600 in
819 1515 1068 1601 constitutivi
1090 1515 1157 1604 suit
1176 1520 1435 1632 proportione
1463 1519 1623 1604 immo--

173 1649 275 1732 tata,
309 1631 489 1716 oriuntur
513 1631 672 1714 assedus
697 1633 738 1713 in
764 1656 856 1714 cute
873 1632 1072 1742 graviores
1099 1656 1217 1741 atque
1242 1631 1610 1745 profundiores-qui

172 1763 327 1824 textum
342 1740 469 1854 ipsum
490 1745 591 1830 cutis
610 1740 841 1832 cellularem
856 1741 1107 1850 adoriuntur,
1129 1772 1211 1828 uno
1228 1741 1355 1830 verbo
1367 1743 1461 1830 vere
1474 1743 1611 1862 phleg-

172 1853 380 1938 monodei.

225 1965 470 2076 Quanquam
491 1968 589 2052 vero
606 1967 708 2052 inter
724 1963 950 2083 erysipelate
966 1967 1016 2052 de
1034 1965 1175 2078 quibus
1196 1969 1276 2051 hirc
1297 1965 1420 2080 usque
1438 1975 1609 2056 mentio-

173 2105 266 2162 nem
294 2079 462 2164 fecimus
489 2079 664 2192 quaedam
691 2083 745 2164 ita
770 2083 902 2194 gravia
925 2082 998 2164 smt
1026 2107 1143 2190 atque
1172 2080 1306 2164 feralia
1319 2142 1334 2189 ,
1365 2107 1411 2165 ut
1434 2109 1607 2170 mortem

171 2191 315 2305 possint
338 2189 506 2278 subitam
539 2195 701 2300 afferre,
735 2219 804 2278 aut
830 2191 1112 2312 promptissimd
1138 2191 1245 2278 abire
1269 2197 1310 2278 in
1331 2183 1577 2308 gingraen'am
1588 2257 1607 2304 ,

171 2331 216 2392 ca
243 2331 329 2413 qua
349 2334 513 2390 mucuns
532 2307 726 2420 sanguinis
746 2307 924 2390 afficiunt
946 2304 1070 2414 ntala,
1091 2331 1135 2390 ut
1153 2303 1292 2390 altiora
1310 2333 1428 2417 atque
1444 2308 1607 2422 prosun-

172 2416 313 2524 diora,
339 2418 671 2532 -periculostorem
706 2448 855 2504 noxam
892 2421 1080 2525 inurunt,
1115 2443 1161 2500 ut
1190 2421 1231 2502 in
1261 2445 1371 2534 parte
1408 2419 1606 2534 sanguinis

171 2530 313 2616 fixiore
339 2531 487 2648 posita,
511 2530 692 2643 adeoque
715 2530 914 2617 difficilius
942 2528 1186 2616 debellanda.

228 2641 325 2753 Qui
351 2669 483 2730 autem
505 2648 658 2729 ratione
680 2674 821 2729 mucus
847 2643 914 2729 ille
943 2643 1134 2728 afficiatur
1160 2671 1243 2726 non
1265 2642 1366 2728 adeo
1380 2641 1606 2732 dilucidare

170 2781 341 2868 pronum
365 2757 431 2848 est.
460 2756 633 2842 Mucosa
655 2755 724 2841 illa
748 2787 835 2874 pars
860 2759 1072 2841 maximam
1093 2753 1288 2868 sanguinis
1312 2780 1466 2871 partem,
1487 2756 1606 2840 cons-

172 2869 308 2976 tituit,
340 2896 416 2956 nec
444 2866 527 2954 ulla
553 2871 606 2956 est
631 2901 713 2982 qua
742 2870 844 2956 adeo
869 2869 1102 2952 varietafitm
1125 2872 1345 2982 experiatur
1364 2870 1500 2974 vices,
1556 2898 1604 2954 ro

171 3005 305 3086 aetate,
324 2984 515 3095 temperie
530 3011 572 3066 re
601 2987 609 3004 ‘
698 3013 761 3090 m,
781 2985 897 3068 variis
917 3007 1132 3096 corporum
1150 2977 1468 3086 conditionibus,
1486 3011 1507 3064 a
1534 2983 1604 3067 eo-

170 3119 251 3204 que
275 3119 353 3178 tum
376 3011 713 3296 frequenti*
735 3095 1021 3211 deputatione,
1045 3124 1138 3182 cum
1160 3096 1229 3178 inst
1259 3121 1351 3179 nem
1372 3121 1605 3188 excremen-

169 3229 303 3291 torum
320 3209 547 3292 varietatem
568 3239 595 3320 g
713 3235 754 3292 re
776 3235 938 3341 propter
958 3209 1058 3292 hanc
1083 3207 1205 3321 ipsam
1228 3125 1527 3322 depurationem
1551 3233 1603 3292 ex

169 3344 312 3406 natura
333 3317 489 3434 legibus
514 3319 667 3408 debeat.
700 3325 757 3406 At
782 3319 933 3436 optnnd
958 3347 1051 3406 cum
1077 3319 1211 3404 naturai
1238 3322 1365 3432 agitur
1396 3317 1465 3404 ubi
1491 3318 1603 3430 quod

169 3427 190 3517 'a
213 3461 288 3518 cor
318 3461 389 3518 ore
410 3430 638 3518 animalium
660 3434 827 3520 mucoso
846 3433 1083 3549 superfluum
1105 3429 1334 3517 nascebatur
1343 3454 1363 3538 ‚'
1384 3434 1427 3516 in
1447 3457 1603 3518 textum

170 3572 272 3636 cxun
302 3573 342 3630 at
368 3543 632 3653 cellulatem,
661 3553 703 3634 ὁ(
730 3547 792 3632 πᾶ·
806 3573 939 3633 cutem
971 3546 1094 3630 fertur
1123 3545 1227 3659 adipi
1260 3547 1502 3649 remixtum,
1534 3569 1602 3630 aut

170 3661 288 3744 ctiam
310 3659 392 3743 stne
420 3658 542 3774 adipis
572 3663 821 3746 commercio
837 3675 857 3763 ‚'
877 3685 927 3744 ex
956 3655 1132 3772 partibus·
1157 3655 1285 3742 salinis
1313 3682 1430 3767 atque
1456 3655 1603 3742 oleoso

168 3770 371 3887 superfluis
391 3775 606 3856 conflatum
623 3803 634 3872 ς
654 3770 787 3882 ibique
807 3768 876 3856 srbi
895 3774 1002 3856 viam
1021 3770 1154 3874 cudit,
1174 3797 1257 3854 uon
1276 3767 1442 3884 simplici
1459 3797 1603 3854 vacua·

169 3885 280 3972 tione
306 3893 330 3968 it
353 3911 524 4000 corpore
548 3881 858 3997 eliminandum,
885 3883 954 3968 sed
974 3909 1073 3968 vera
1098 3882 1383 3996 supputationis
1410 3880 1608 3966 auxilium

167 4001 398 4110 requirens,
422 4023 492 4111 per
514 4027 630 4107 quam
650 4003 808 4112 prorsus
829 4024 975 4080 novam
989 3999 1177 4112 'concipit
1198 3992 1405 4099 indolem,
1430 4001 1476 4078 dt
1498 3990 1602 4080 libe·

165 4140 253 4200 ntm
269 4109 454 4216 tandem,
474 4139 556 4194 non
571 4110 650 4195 stne
663 4108 793 4224 longae
807 4110 1022 4194 ‘curationis
1040 4108 1216 4211 fastidio,
1240 4136 1385 4220 corpus
1401 4102 1604 4217 relinquito

180 4273 186 4282 ·
219 4225 343 4309 Varia
365 4225 418 4308 est
441 4225 605 4308 omuino
627 4223 756 4307 forma
779 4221 854 4333 quai
882 4245 1178 4307 excrementum
1201 4217 1300 4315 illud
1323 4219 1527 4306 mucosum
1547 4217 1608 4306 'ad'

162 4362 302 4422 cutem
325 4337 461 4426 fertur.
499 4336 695 4446 Quamvis
713 4337 820 4428 enim
839 4339 949 4436 raro,
970 4335 1054 4417 imo
1071 4329 1153 4416 sere
1172 4349 1369 4440 nunquam
1389 4335 1430 4432 iu
1448 4328 1606 4419 morbis

159 4452 290 4534 acutis
326 4447 559 4534 concrescat
594 4446 644 4531 ad
681 4473 815 4532 eutem
848 4475 988 4529 mucus
1019 4441 1088 4527 ille
1120 4445 1273 4548 noster,
1304 4444 1440 4532 dautur
1466 4469 1607 4536 tamea:

96 4629 98 4634 ,
158 4559 352 4676 exempla
389 4564 432 4644 in
464 4559 607 4670 'quibus
643 4557 712 4643 sub
746 4555 875 4642 sormi
908 4559 1090 4642 tumoris'
1108 4556 1195 4643 duri
1228 4583 1295 4642 eru
1325 4559 1356 4642 it
1371 4620 1385 4662 ‚
1422 4583 1599 4668 tuncque

155 4701 319 4792 partem
347 4677 551 4786 ingentem
584 4674 686 4760 arnis
725 4667 929 4776 cujussibet
965 4697 1164 4782 occupat,
1196 4587 1427 4758 celluiosam
1466 4673 1600 4786 potius

153 4813 344 4906 partem,
369 4784 487 4897 quim
516 4811 647 4870 cutem
670 4785 886 4890 invadens,
905 4784 1077 4894 hincque
1097 4786 1139 4866 in
1162 4783 1373 4876 abscessum
1395 4785 1598 4897 ingentem

153 4901 353 5000 uiduam
372 4899 627 5007 terminatur,
648 4903 717 4988 vix
741 4894 874 4994 morbi
900 4899 1058 5024 cumaei
1074 4901 1239 4994 noune
1260 4896 1402 5094 digpus
1422 4893 1598 5012 morbus.

675 5051 707 5119 0
1370 5034 1395 5092 8
