4166 5908
491 461 571 536 34⁰
935 431 977 516 D
1007 429 1041 513 E
1094 429 1148 523 'M
1178 427 1220 514 O
1250 429 1293 514 R
1321 427 1460 512 BIS

491 621 621 678 avena
645 596 799 678 tenuius
811 653 824 696 ,
851 599 892 676 de
912 595 1037 706 magia
1055 593 1285 706 refrigerans
1306 588 1438 695 reddi,
1461 616 1567 670 nunc
1589 587 1708 670 ctiam
1730 607 1921 698 aquarum

344 777 347 784 Δ
490 702 737 792 mineralium
754 702 913 789 miscell
925 709 1088 790 virtutes
1103 703 1173 788 srbi
1191 728 1421 818 comparate
1433 703 1589 784 tonicae
1595 760 1611 804 ,
1631 700 1715 784 imb
1731 706 1862 813 &pro
1878 725 1923 782 re

488 814 578 910 natal
605 843 860 902 attenuantes.

547 927 683 1015 Altera
715 937 757 1016 ὅ(
783 928 927 1014 ultima
948 931 1161 1014 curationis
1180 957 1267 1044 pata
1289 957 1374 1038 quae
1393 926 1555 1010 maximi
1575 929 1628 1012 est
1649 929 1691 1010 in
1712 927 1922 1038 herpeturn

492 1046 697 1136 curatione
718 1043 903 1154 ponderis
909 1105 922 1148 ,
946 1051 989 1128 dt
1004 1044 1216 1126 maximam
1229 1040 1323 1126 ideo
1339 1039 1599 1124 Medicorum
1609 1065 1780 1128 merctur
1791 1063 1921 1122 atten-

487 1159 666 1259 tionem,
690 1153 798 1264 quod
814 1157 904 1248 raro
921 1158 1110 1259 crimine,
1127 1181 1193 1240 aut
1209 1181 1328 1260 vero,
1347 1177 1414 1238 aut
1429 1150 1528 1240 falso
1544 1178 1685 1256 vacet,
1702 1152 1922 1264 esttopico·

491 1295 577 1356 rum
597 1267 896 1374 administratio,
924 1298 1006 1377 qua
1022 1269 1073 1352 eb
1088 1263 1275 1374 majorem
1291 1265 1536 1381 prudentiam
1554 1263 1794 1379 expostulat,
1810 1261 1922 1372 qubd

491 1378 811 1471 muliercularum
834 1379 976 1493 uulgus
1003 1389 1045 1466 iit
1072 1406 1294 1494 agyrtarum
1319 1381 1467 1463 cohors
1496 1380 1543 1462 iis
1573 1379 1761 1462 fiduciam
1791 1377 1921 1458 maxi-

491 1523 599 1582 mam
613 1491 844 1600 adhibeam,
859 1497 942 1581 imo
956 1492 1065 1602 quod
1078 1515 1218 1586 omnen
1228 1491 1384 1579 Medici
1392 1515 1546 1576 veteres
1556 1493 1599 1574 io
1612 1491 1659 1574 iia
1677 1489 1920 1603 potifflmirm

492 1603 756 1696 describendis
789 1633 908 1716 atque
943 1603 1233 1718 proscribendis
1267 1604 1493 1693 infuderint.
1528 1603 1618 1694 Jam
1650 1607 1757 1688 enim
1790 1626 1837 1684 ur
1869 1623 1920 1682 err

487 1718 675 1812 accurati
718 1745 885 1833 operum
907 1718 1260 1808 oeconomorum
1300 1716 1518 1804 collatione
1562 1717 1722 1832 patuit,
1764 1738 1920 1798 vetcroa

489 1831 647 1918 Medici
667 1836 751 1944 post
773 1861 915 1946 paucas
925 1895 940 1936 ‚
968 1832 1039 1916 sed
1055 1857 1254 1920 accuratae
1276 1833 1554 1946 purgationum
1573 1829 1922 1916 administrationes

490 1941 606 2028 illico
638 1943 687 2028 ad
717 1949 853 2057 topica
880 1940 1192 2058 confugiebant,
1226 1957 1350 2054 eaque
1375 1939 1545 2057 dupiicia
1605 1941 1744 2026 enoris.
1788 1938 1922 2022 Prima

490 2059 598 2142 enirn
618 2059 866 2144 catharetica
885 2082 1017 2162 erant,
1037 2055 1157 2140 altera
1175 2059 1272 2142 verb
1296 2061 1326 2140 st
1377 2061 1519 2142 tica&
1539 1973 1823 2166 asstringantia.
1852 2051 1920 2136 Dc

487 2171 625 2294 primia
641 2168 736 2278 quid
753 2169 997 2252 sentiendum
1012 2169 1116 2254 soret
1130 2165 1223 2253 alibi
1241 2088 1377 2281 ampli
1385 2169 1643 2294 disceptatum
1662 2168 1744 2250 cst:
1766 2163 1920 2250 dealiia

488 2282 587 2368 verb
610 2310 694 2388 quac
718 2285 759 2364 in
781 2279 1013 2366 morborum
1038 2284 1429 2394 principiiaomninin
1445 2283 1649 2384 rejecimus
1673 2277 1922 2364 statuerrdum

491 2421 596 2474 nunc
616 2396 689 2498 est,
707 2423 754 2476 an
774 2392 918 2478 morbo
932 2391 1239 2484 inveterascenee
1257 2403 1297 2482 δι
1316 2391 1392 2502 iarn
1407 2391 1758 2508 quasrprofligato‚
1778 2389 1919 2474 locum

489 2501 662 2612 aliquem
681 2505 861 2591 obtinere
881 2507 1050 2623 possrnti
1273 2547 1278 2555 ·
1417 2580 1423 2592 ,
1450 2585 1457 2594 .
1493 2566 1499 2594 2

546 2617 599 2703 Et
620 2619 781 2728 quidem
792 2643 809 2726 ‚·
835 2619 1085 2733 srvulgarem
1105 2619 1361 2706 Medicorum
1383 2616 1744 2730 sapientissimorum
1763 2619 1921 2730 praxim

488 2727 709 2840 sequimur,
741 2731 974 2817 horrescunt
991 2761 1131 2817 omnea
1152 2732 1202 2816 acl
1229 2759 1378 2814 nornen
1403 2729 1469 2816 uel
1497 2727 1675 2816 leuissimi
1700 2737 1741 2814 dt
1762 2728 1920 2813 solum-

488 2842 617 2926 modo
636 2843 866 2930 resolveritis
888 2848 1042 2960 topici,
1068 2873 1144 2931 nec
1164 2847 1293 2930 sinunt
1317 2842 1530 2958 applicari„
1548 2869 1617 2930 auc
1635 2839 1793 2954 vulgate
1811 2840 1919 2928 illud

376 3002 379 3014 ·
489 2952 517 3042 ὲ,
532 2950 659 3059 jejuna
675 2954 799 3040 saliva
814 2961 1023 3070 rupicum,
1034 2955 1402 3044 autoleumcharta
1422 2953 1632 3044 combusta
1648 2983 1921 3068 empyreum«.-

486 3067 638 3171 ticum,
664 3093 732 3150 aut
759 3065 833 3152 alia
860 3097 1117 3179 quacumque
1136 3098 1219 3179 quae
1245 3069 1425 3152 adhunc
1451 3068 1563 3156 usum
1584 3068 1921 3154 circumferuntur

487 3180 634 3290 topica
670 3179 784 3288 Quid
807 3185 942 3288 enim,
977 3185 1113 3287 aiunt,
1140 3186 1283 3271 vocari
1304 3185 1429 3294 potest
1455 3179 1657 3275 resolvens
1678 3183 1720 3266 in
1748 3183 1920 3268 humore

485 3289 696 3402 prorsus'd
749 3320 866 3380 enere
879 3356 894 3400 ‚
922 3302 964 3378 dr
990 3298 1044 3380 ita
1069 3318 1257 3380 extraneo
1286 3321 1330 3380 ut
1352 3292 1432 3400 jam
1458 3323 1540 3378 non
1563 3293 1680 3407 possit
1700 3292 1919 3404 inquilinus

487 3403 602 3486 ficri?
621 3403 737 3486 Reso
750 3434 845 3492 vena
866 3405 1084 3494 remedium
1102 3405 1239 3492 tonici
1261 3413 1411 3491 tantiam
1438 3433 1547 3522 parte
1568 3409 1786 3518 agitatque
1806 3407 1921 3524 sapo-

485 3513 609 3602 nacci
621 3515 818 3604 atillante.
834 3519 948 3632 Ergo
959 3517 1028 3604 ubi
1047 3517 1148 3604 solvi
1164 3548 1247 3607 non
1264 3523 1390 3632 potest
1411 3523 1557 3608 humor
1579 3526 1624 3608 dc
1639 3515 1795 3606 solutus
1817 3522 1919 3608 intra

484 3627 702 3712 humorum
725 3630 884 3722 molem
897 3632 1087 3752 sapienter
1113 3639 1154 3718 dt
1174 3629 1313 3720 leniter
1331 3635 1475 3736 fluere,
1499 3628 1779 3720 ruderatione
1798 3633 1919 3720 resol·

485 3743 617 3827 ventio
635 3740 798 3852 possunt
810 3746 904 3832 uuo
916 3744 1104 3830 adbiberi.
1131 3745 1223 3834 Nee
1245 3743 1506 3860 alitcragunt·
1518 3771 1635 3854 atque
1655 3744 1737 3859 ipsa
1754 3746 1916 3834 adstrin·

483 3856 626 3963 gentia.
663 3852 777 3962 Quid
806 3859 917 3942 enim
946 3884 1066 3969 agant
1087 3860 1154 3940 mc
1170 3857 1413 3944 'cramaille
1433 3857 1916 3972 unguentadigerenriai

485 3965 598 4073 Quid
619 3962 757 4080 planta
774 3965 811 4050 sa
868 3997 996 4052 naceae
1019 3967 1190 4054 molles.i
1210 3971 1324 4079 Quid
1342 3972 1465 4084 sapoi
1486 3970 1601 4078 Quid
1619 3973 1915 4056 ammoniacum

481 4081 634 4270 pompari
660 4105 771 4272 adlaut
814 4076 888 4164 alia
906 4097 1068 4188 neutra,
1091 4086 1314 4190 marinum,
1340 4086 1634 4168 anunoniacum
1646 4145 1662 4190 ,
1691 4091 1729 4170 dr
1756 4079 1917 4194 reliqua

511 4217 575 4292 uJu
596 4217 663 4272 mo
694 4194 730 4272 ‘i

539 4299 584 4382 Si
604 4323 650 4384 oo
676 4303 749 4384 icis
766 4303 957 4392 utendum
969 4367 983 4412 ‚
1003 4333 1069 4393 ea.
1089 4303 1287 4420 seligenda
1314 4306 1403 4397 sum
1415 4367 1432 4415 ,
1457 4339 1542 4420 qua
1564 4307 1802 4414 emolliant,
1826 4339 1913 4421 qua

482 4412 622 4541 trulias
648 4331 899 4520 lemanem,
926 4425 979 4502 &t-
994 4417 1122 4508 serum
1143 4435 1234 4506 acre
1259 4419 1768 4526 cohibimmcvacuando,
1793 4449 1913 4536 atquc

480 4517 667 4609 leniendo
694 4550 767 4638 per
790 4553 916 4640 partes
945 4529 1104 4638 dulces,
1134 4532 1442 4646 mucilagincaa,¹
1470 4538 1667 4646 pr'uriturn
1693 4534 1842 4620 tollant
1867 4543 1912 4621 dr

480 4632 635 4716 affesiaa
651 4663 779 4749 partes
802 4639 1075 4732 mundificant.
1100 4634 1249 4754 Qualia
1268 4647 1358 4730 sum
1373 4646 1537 4734 mtoeia
1554 4646 1719 4753 malva,
1744 4647 1912 4754 althea,

476 4741 680 4874 verbasci,
702 4753 879 4858 acanthi,
900 4751 1063 4842 laaucae
1074 4817 1089 4862 ,
1116 4755 1235 4863 beta,
1253 4761 1459 4869 panetaria
1475 4817 1496 4870 ,ὑ
1516 4756 1763 4870 aliarumque
1779 4757 1912 4866 huius-

474 4857 593 4945 modi
605 4857 825 4972 plantarum
835 4923 852 4971 ,
881 4862 1117 4976 qualenam
1135 4869 1332 4983 applicant
1352 4873 1771 4986 macaginemaffedrae
1793 4877 1912 4992 parti.
