4228 5898
498 391 574 490 ns
704 369 806 460 ue
862 361 1197 454 mortum
1252 351 1689 457 corruere.

491 539 656 644 butem,
685 561 732 622 ut
759 531 868 618 nulla
890 531 1073 618 timeatur
1098 528 1262 616 redivivi
1288 527 1475 620 incendii
1496 529 1690 618 scintilla:
1710 531 1774 620 Ad
1798 531 1927 626 lemn

491 657 599 740 enim
628 643 837 736 combusta
867 644 985 759 partis
1013 645 1158 731 mitum
1183 645 1236 730 eli
1261 643 1405 756 quanti
1431 643 1548 760 cupii
1576 643 1773 760 pullulent
1794 651 1926 766 impu»

492 770 617 854 riores
638 771 680 849 δι
704 762 915 846 feraciores
936 750 1054 864 quim
1073 756 1186 842 antei
1204 754 1382 857 surculi3
1410 754 1560 872 sumpti
1579 754 1627 839 ab
1648 759 1784 844 excisis
1804 787 1926 877 vege·

486 867 659 964 tantium
684 876 799 958 ramis
825 864 1035 980 analogii,
1056 870 1349 982 vegetationem
1378 872 1480 954 banc
1499 894 1661 958 vocant.
1686 874 1743 956 At
1768 877 1809 956 in
1835 877 1926 960 fim-

487 990 662 1110 plicibus
690 989 791 1071 cutis
818 979 1039 1067 tumoribus
1054 981 1307 1096 .srmpliciora
1335 989 1377 1064 δι
1404 984 1567 1098 repetita
1595 985 1761 1068 caustica
1789 995 1925 1098 requi·-

484 1099 640 1192 runtur.
672 1099 783 1183 Hinc
813 1099 932 1181 etiam
957 1096 1126 1206 petitum
1146 1093 1246 1178 olim
1271 1093 1584 1210 &vegetantibus
1614 1093 1677 1180 lac
1707 1100 1923 1188 resmosum

486 1215 735 1312 ficulneum3
760 1213 854 1294 hinc
872 1207 1113 1312 chelidonii,
1138 1205 1335 1318 thyrimali
1358 1210 1443 1292 imb
1462 1216 1505 1292 dt
1530 1207 1749 1322 plantarum
1771 1192 1923 1300 telino·-

494 1333 619 1414 sarum
645 1328 895 1442 purgantium
916 1323 1025 1405 succi
1047 1319 1175 1428 jactari
1199 1320 1298 1404 sunt

545 1443 613 1526 Ne
636 1467 767 1526 autem
791 1464 963 1549 corpore
986 1431 1163 1544 alioquin
1187 1459 1231 1517 ut
1253 1457 1412 1552 apparet
1433 1432 1529 1516 sano
1549 1460 1589 1518 te
1612 1431 1738 1549 ipsum
1762 1439 1801 1520 in
1828 1445 1922 1557 egri

489 1557 705 1671 perniciem
729 1548 975 1656 hallucines,
997 1546 1038 1631 id
1064 1549 1233 1660 primltm
1257 1553 1300 1629 δι
1325 1573 1415 1630 ante
1436 1549 1569 1629 omnia
1595 1547 1845 1662 tentandum,
1875 1581 1924 1641 ut

490 1661 677 1754 interiora
693 1661 794 1748 bend
812 1659 975 1746 munias.
1001 1657 1184 1743 Proderit
1203 1686 1301 1776 ergo
1320 1655 1512 1769 aliquibus
1532 1655 1656 1744 bilem
1673 1665 1921 1776 emendalle,

479 1793 534 1867 ⁴&
548 1781 682 1864 sordes
697 1779 965 1870 intestinorum
977 1771 1084 1856 bena
1093 1770 1262 1885 fugasse,
1271 1769 1433 1888 ,limpha
1447 1773 1631 1858 attriviffe
1644 1779 1921 1888 tenacitatem,

535 1892 608 1978 'rui
624 1894 868 1976 tenuantium
883 1885 994 2002 supri
1009 1887 1276 1999 expositorum
1293 1883 1377 1968 dost
1386 1947 1401 1994 ,
1419 1885 1518 1968 dein·
1532 1889 1650 1970 etiam
1664 1889 1921 2003 sanguineum

490 1925 652 2090 lairicem
672 1997 777 2088 belle
796 1996 1080 2117 prodeuntibus
1104 2002 1223 2082 urinis
1247 1998 1488 2113 expurgalie.
1514 1999 1582 2083 De
1603 2029 1647 2084 re
1667 1997 1746 2108 jam
1769 2005 1924 2118 per-atti

491 2115 591 2202 nihil
623 2114 788 2231 ampliis
821 2113 1038 2217 addemus,
1073 2109 1240 2196 sufficiat
1268 2111 1467 2196 annotalle
1498 2115 1659 2198 maximi
1692 2114 1806 2200 srmul
1843 2121 1923 2205 elle

489 2233 684 2314 momenti
724 2230 858 2312 omnia
897 2224 1087 2338 inuium
1116 2221 1309 2309 adhibere
1345 2249 1443 2308 tunc
1478 2229 1666 2341 temporis
1698 2225 1749 2312 ad
1785 2257 1920 2318 cutem

490 2341 794 2453 laxandaqsrve
823 2335 980 2443 balnei,
1009 2339 1089 2422 stve
1116 2337 1287 2436 fomenti
1316 2335 1446 2422 formi
1460 2401 1474 2444 ,
1503 2333 1644 2448 quibus
1674 2342 1703 2422 st
1731 2343 1918 2429 interiora

490 2459 659 2541 humore
687 2479 892 2568 turgeant,
927 2480 1014 2566 pars
1041 2448 1169 2533 laxata
1195 2473 1358 2534 omnem
1385 2453 1564 2536 humoris
1589 2449 1772 2580 suscipiat
1800 2485 1919 2573 appa·

489 2595 640 2676 ratum,
663 2593 709 2652 ut
731 2567 942 2650 oscitantes
966 2589 1049 2646 non
1075 2565 1354 2679 opprimamur.

436 2766 441 2772 ,
544 2675 733 2767 Praeterel
754 2681 852 2764 verb
871 2681 936 2760 hlc
961 2677 1088 2761 notari
1114 2672 1237 2760 velim
1257 2675 1368 2786 quod
1389 2671 1412 2758 it
1436 2702 1502 2761 me
1526 2704 1609 2759 non
1643 2675 1762 2766 semel
1791 2707 1939 2772 uino.

489 2821 613 2880 tatum
636 2797 711 2902 est,
741 2792 824 2877 dari
852 2795 1039 2874 humores
1062 2789 1111 2872 ad
1138 2813 1273 2873 cutem
1305 2790 1531 2902 herpeticos
1567 2791 1634 2899 qui
1659 2821 1741 2878 non
1766 2789 1919 2882 ivirio

488 2911 591 2994 cutis
630 2905 854 3022 pendeant,
895 2902 963 2986 led
1002 2897 1310 3007 lsubjetlarum
1346 2897 1658 2985 membranarum
1692 2907 1916 3021 nintioperl

489 3017 715 3124 tensarum,
749 3041 816 3104 aut
841 3011 956 3129 ipsiis
980 3013 1110 3098 textis
1137 3010 1334 3100 cellularis
1358 3016 1457 3098 vitio
1483 3015 1686 3129 repetendi
1710 3017 1810 3102 sunt.
1842 3021 1915 3108 sis

488 3129 781 3246 erumpentibus
807 3125 953 3212 ultimis
978 3123 1192 3212 molaribus
1220 3125 1400 3212 dentibus
1430 3156 1531 3238 quos
1558 3125 1750 3242 sapientia
1771 3129 1917 3248 vulgus

488 3268 609 3328 vocat
620 3239 645 3349 ,⁴
668 3268 751 3332 non
778 3242 868 3325 rarb
896 3243 938 3326 in
968 3237 1179 3324 delicatuli
1206 3237 1527 3326 muliercularum
1551 3240 1712 3327 maurilli
1735 3248 1917 3362 herpetes

487 3381 708 3472 erumpunt.
727 3354 933 3441 ldemvidi
948 3355 990 3436 in
1007 3351 1180 3436 abscellu
1194 3347 1341 3438 alveoli
1357 3351 1379 3436 l
1397 3353 1516 3439 dente
1529 3354 1684 3438 carioso
1697 3356 1801 3452 fatti.
1820 3359 1916 3446 Hos

487 3469 620 3553 frustr'a
633 3530 649 3576 ,
681 3469 749 3554 nist
775 3463 892 3552 causi
922 3461 1053 3550 morbi
1084 3464 1167 3546 sm
1196 3467 1317 3550 athici
1344 3463 1517 3570 sublati,
1552 3495 1687 3553 curare
1718 3471 1917 3584 aggressus

487 3581 620 3667 fueris.
656 3583 712 3666 At
736 3582 764 3663 sr
789 3581 934 3696 topicis
953 3495 1129 3697 tentanti
1154 3493 1243 3671 liint
1263 3607 1347 3688 qua
1371 3577 1469 3695 sape
1491 3579 1627 3664 suadet
1648 3588 1691 3680 dt
1712 3583 1917 3697 persuadet

487 3698 656 3812 pruritus
675 3697 874 3799 enormis,
894 3695 982 3803 quis
1002 3691 1077 3777 alia
1090 3693 1186 3776 ausrt
1198 3689 1382 3787 adbibere
1402 3715 1537 3806 preter
1550 3689 1740 3803 laxantia,
1762 3695 1915 3782 diluen-

486 3811 569 3912 tia,
584 3805 828 3915 emollientia
849 3812 863 3889 l
887 3805 998 3920 Saepd
1019 3805 1137 3893 ardor
1159 3807 1341 3890 immanis
1370 3806 1506 3922 coegit
1522 3831 1566 3890 ut
1590 3805 1656 3894 vel
1681 3807 1729 3891 fri
1758 3809 1823 3892 ida
1845 3841 1913 3928 ap-

367 3933 371 3942 '
486 3919 707 4037 plicantur,
732 3921 818 4004 imb
839 3915 906 4004 vel
926 3921 1018 4004 nive
1041 3919 1291 4032 refrigerata;
1322 3947 1405 4029 qua
1426 3917 1522 4002 ditm
1543 3943 1684 4004 tonum
1715 3839 1828 4008 lrgmul
1848 3925 1914 4010 atl-

487 4033 586 4119 dunt
599 4043 642 4120 bt
656 4033 835 4142 diluunt,
857 4029 1028 4116 maxime
1044 4029 1170 4116 calori
1188 4030 1436 4141 simulatque
1456 4032 1634 4118 humoris
1654 4033 1814 4118 affluxui
1831 4065 1917 4124 me-

487 4146 659 4232 dicinam
681 4147 783 4232 ferre
802 4144 882 4230 visa
903 4144 992 4229 sunt
1014 4180 1024 4229 t
1049 4142 1146 4228 absrt
1162 4143 1297 4228 saltem
1321 4172 1532 4258 gangrena
1552 4144 1772 4262 periculum
1801 4151 1915 4260 quod

486 4259 742 4368 metuendum
756 4263 834 4366 est,
855 4259 883 4342 li
906 4255 995 4343 vasa
1017 4256 1093 4366 jam
1110 4287 1152 4340 ru
1182 4283 1304 4340 utram
1323 4260 1561 4346 minitentur.
1577 4257 1780 4372 Frigidum
1803 4266 1915 4348 enim

485 4375 573 4458 aliu
595 4370 739 4457 calenti
759 4375 857 4486 parti
878 4369 1116 4488 applicatum
1140 4289 1290 4462 rlrmmt
1311 4375 1550 4486 repercutit,
1567 4379 1609 4455 dt
1632 4369 1728 4456 valis
1753 4371 1916 4487 plenio—

485 4483 593 4570 ribus
621 4488 838 4619 appostntm
862 4508 909 4569 ea
937 4509 1118 4598 rumpere
1137 4487 1264 4613 potest
1288 4482 1752 4594 aurosumquesollere,
1780 4489 1920 4601 licque

486 4623 657 4683 mortem
677 4599 890 4708 inducere,
913 4599 1117 4735 gangraeni
1136 4596 1348 4715 primulii,
1375 4597 1521 4688 etiamst
1543 4595 1698 4682 nullum
1715 4599 1918 4726 suppona-

486 4739 574 4798 mus
597 4711 874 4844 retropellendi
894 4715 1070 4796 humoris
1090 4710 1322 4829 periculum.
1499 4825 1508 4843 ¹
1719 4760 1722 4771 ·

548 4823 837 4940 Excepuonem
858 4829 953 4912 huic
975 4823 1288 4941 tegulal'aoiunt
1307 4845 1483 4910 tumores
1496 4819 1557 4922 uli
1570 4821 1804 4942 livelcmtes
1817 4843 1920 4924 'cure
