4250 5898
479 428 604 542 rm*
903 371 1455 532 Ιιιιειιοιιιιιι

391 690 393 696 y
485 589 594 677 nullai
607 585 792 676 delendas
804 615 899 674 arte.
920 589 1030 675 Alias
1051 593 1286 706 nigricantes
1303 589 1490 706 plurimas
1505 586 1586 672 hirc
1606 589 1647 672 ὃ(
1663 585 1761 671 illuc
1776 583 1920 702 disper·

484 707 543 790 sas
562 704 644 789 vidi
664 707 705 786 in
724 706 889 787 homine
907 703 1131 810 sanissimo,
1154 708 1221 789 cui
1239 703 1522 818 imprudentibs
1544 729 1730 784 arcanum
1751 728 1801 785 ex
1820 727 1918 786 auro

481 826 529 914 ,δι
550 820 748 901 mercurio
772 818 997 929 porresium
1017 817 1155 900 fuerat.

453 1001 482 1040 ι.
543 928 669 1012 Causa
685 931 804 1040 igitur
819 925 976 1010 illarum
995 927 1238 1014 macularum
1260 932 1302 1012 in
1319 931 1419 1013 cutis
1438 923 1691 1011 concidentis
1707 923 1921 1041 repetenda

487 1044 540 1125 est
573 1048 617 1124 ὅ(
648 1041 824 1126 ariditate
856 1037 1053 1149 ejusdem,
1096 1068 1164 1126 aut
1191 1070 1261 1157 per
1293 1043 1549 1126 vacuationes
1585 1066 1667 1124 arte
1699 1046 1742 1122 ὅ(
1776 1035 1923 1153 ίροιιιὲ

484 1155 605 1238 saetas
630 1150 872 1267 provocats,
903 1157 970 1237 aut
995 1183 1065 1269 per
1086 1152 1250 1270 longam
1272 1154 1575 1264 diuturnamque
1595 1153 1795 1266 spasticarn
1817 1154 1920 1234 stric-

482 1291 642 1365 ¹turam;
662 1263 727 1350 vel
745 1266 905 1350 dembm
927 1264 948 1349 *a
968 1270 1110 1352 vitiatis
1131 1271 1216 1352 imb
1244 1267 1439 1354 destruetis
1466 1264 1717 1376 quicumque
1744 1261 1809 1348 viai
1835 1259 1922 1374 qui·

487 1406 660 1488 cumque
681 1381 834 1462 ratione
853 1378 1124 1487 coslionibus,
1176 1379 1294 1464 endet
1316 1383 1456 1464 vitium
1480 1375 1579 1463 illud
1602 1375 1866 1462 maculosum

481 1579 484 1587 ,
531 1491 754 1602 ‘Diagnosrs
774 1492 934 1576 evidens
953 1495 1018 1577 est.
1043 1411 1177 1576 Caudi
1195 1521 1244 1576 ex
1258 1489 1583 1607 symptomatibus
1604 1498 1646 1574 dr
1666 1487 1806 1574 noritis
1825 1517 1922 1604 pratb

486 1606 694 1687 teritorum
720 1604 968 1719 aucupanda
997 1606 1236 1719 Prognosrs,
1257 1607 1326 1688 nisr
1349 1605 1399 1689 ad
1421 1604 1663 1708 surditatem,
1681 1601 1870 1717 simplex:
1891 1601 1920 1684 fr

488 1745 572 1825 qua
594 1717 702 1815 verb,
716 1717 857 1830 sperari
877 1721 1002 1833 potest
1023 1721 1175 1803 curatio
1186 1757 1201 1825 ,·
1223 1747 1270 1804 ea
1290 1721 1331 1801 in
1349 1713 1623 1822 diluentibus,
1645 1713 1823 1820 balneis,
1848 1713 1919 1798 usu

448 1881 453 1888 ·
486 1829 696 1928 moderato
719 1828 997 1918 alimentorum
1019 1856 1301 2026 eupeptorum‚
1324 1833 1613 1941 euchyrnorum
1627 1828 1835 1938 quaerenda
1848 1829 1919 1933 est,

489 1953 577 2022 aere
596 1938 772 2042 submisi,
790 1970 872 2022 non
886 1941 934 2028 ab
953 1947 1039 2026 astu
1051 1949 1117 2026 inc
1134 1947 1327 2028 ementitis
1343 1969 1514 2048 vexato,
1531 1941 1597 2026 sed
1614 1941 1826 2054 prasertim
1840 1937 1921 2023 sub

350 2113 353 2120 .
488 2050 657 2133 humido
680 2059 721 2134 b<
736 2052 1038 2164 frigidiusculo,
1061 2054 1185 2164 qualis
1210 2058 1262 2138 est
1282 2053 1517 2161 insularum,
1540 2053 1738 2168 praecipub
1760 2050 1920 2137 sistas

487 2165 594 2245 visiu
614 2159 776 2246 exulent
794 2165 979 2250 fortiores
999 2171 1117 2251 animi
1141 2167 1313 2252 affectus.
1335 2167 1485 2252 Pariter
1503 2165 1624 2252 studia
1642 2169 1821 2272 acriora,
1837 2193 1916 2248 uno

394 2287 397 2294 ’
482 2273 636 2379 serbo,
654 2279 788 2359 omnia
806 2307 889 2387 quar
903 2305 952 2362 ex
968 2280 1163 2364 Sansiorii
1178 2281 1401 2365 &Gorteri
1422 2279 1650 2395 prascriptis
1663 2277 1799 2364 valent
1817 2277 1918 2393 pers·

487 2390 725 2502 pirationem
749 2389 1030 2498 interturbare,
1051 2391 1117 2477 vel
1141 2391 1195 2476 ob
1209 2391 1375 2477 subitam
1397 2393 1579 2477 vasorum
1601 2391 1918 2500 concidentium,

349 2597 351 2602 ,
487 2498 554 2584 vel
605 2526 736 2615 ropter
758 2500 950 2615 spasmum
973 2505 1204 2589 eorumdem
1226 2502 1466 2589 habitualem
1489 2505 1677 2618 fugienda
1695 2503 1803 2590 sunt.

587 2639 635 2698 ec
665 2617 717 2697 est
749 2641 880 2700 tamen
914 2647 984 2700 cur
1015 2620 1080 2701 hic
1113 2619 1257 2702 diutilrs
1294 2619 1503 2702 influamus
1541 2615 1648 2702 circi
1687 2613 1922 2703 monstrosas

489 2724 676 2834 quasdam
693 2726 866 2814 maculas
882 2759 965 2838 qua
986 2755 1121 2814 natura
1137 2727 1372 2840 aliquandi),
1399 2730 1429 2812 sr
1452 2731 1509 2814 fas
1536 2731 1588 2830 est
1613 2729 1801 2838 credere,
1855 2759 1921 2814 ro·

481 2837 627 2941 ¹duxit,
654 2865 697 2922 ut
716 2843 770 2922 ait
785 2839 912 2926 Aulus
928 2841 1084 2928 Gellius
1098 2837 1357 2928 Ptolemaium
1371 2844 1411 2925 in
1426 2843 1632 2956 triumpho
1648 2761 1920 2930 Alexandino

372 3019 379 3028 .
488 2948 714 3062 produxisse
731 3019 733 3024 ,
749 2953 954 3042 hominem
983 2983 1033 3038 ex
1066 2953 1160 3039 albo
1192 2964 1234 3041 ὃ(
1262 2958 1381 3069 nigro·
1408 2957 1463 3040 ita
1489 2953 1597 3039 varie
1624 2953 1846 3040 wdiliinsium
1875 2982 1921 3042 ut

488 3065 697 3146 horrorem
727 3063 911 3150 omnibus
944 3069 1144 3152 incutierit
1172 3066 1436 3182 spedaeulum
1466 3065 1578 3153 illud.
1610 3068 1703 3152 Nec
1736 3096 1837 3184 ergo
1872 3069 1924 3154 dc

489 3173 632 3258 colore
660 3177 888 3285 nigritarum
908 3183 988 3288 =qui
1017 3179 1200 3264 naturalis
1228 3182 1308 3285 est,
1336 3208 1411 3266 nec
1442 3178 1679 3287 morbosus,
1708 3179 1918 3288 injicienda

484 3267 644 3396 vquriliio
665 3287 729 3369 est.
757 3288 912 3372 Omnes
937 3293 994 3372 hae
1018 3290 1203 3376 colorum
1225 3294 1431 3377 varietates
1451 3323 1534 3404 qua
1557 3297 1680 3406 genus
1704 3295 1919 3379 humanum

303 3479 308 3490 ,
354 3495 358 3505 .
489 3399 728 3512 distinguunt
743 3399 792 3483 ad
808 3424 961 3484 textum
977 3403 1225 3489 reticularem
1242 3403 1456 3519 Malpighii
1478 3407 1698 3520 pertinent,
1724 3411 1795 3518 qui
1814 3435 1920 3492 nunc

487 3515 735 3706 pipmentum
771 3537 896 3596 atrurn
927 3518 1093 3630 recipit,
1124 3547 1233 3601 nunc
1267 3515 1422 3602 fuscum
1458 3527 1500 3604 ὃ(
1532 3517 1751 3604 subflavum
1764 3579 1781 3628 ,
1812 3548 1919 3606 nmrc

488 3653 533 3708 ru
563 3622 775 3706 escentem.
813 3626 859 3708 In
895 3655 946 3712 eo
974 3655 1060 3712 tota
1091 3630 1309 3717 differentia
1342 3633 1395 3715 eli
1423 3631 1591 3744 reposita
1605 3691 1620 3737 ,
1647 3633 1702 3716 its
1728 3635 1921 3720 ucetiam

481 3736 605 3852 poffit
617 3739 657 3817 in
668 3761 778 3820 textu
790 3738 988 3824 reticulari
1002 3740 1135 3852 liquor
1148 3742 1295 3828 alienus
1311 3742 1547 3828 intromissus
1561 3741 1733 3829 maculas
1744 3745 1918 3834 efficere.

542 3849 692 3932 Verlrm
707 3873 843 3963 prater
863 3852 1036 3936 maculas
1054 3853 1141 3942 illas
1160 3853 1394 3940 universales
1413 3855 1494 3940 aliae
1514 3854 1604 3940 sunt
1626 3855 1754 3941 adblrc
1781 3855 1919 3944 contri

435 4055 438 4062 ,
483 3987 667 4046 naturam
693 3963 1007 4076 perpendenda,
1040 3997 1123 4076 quae
1148 3997 1234 4054 non
1263 3967 1285 4052 i
1314 3968 1442 4054 sormai
1465 3962 1619 4076 solum,
1642 3967 1757 4074 sed-b
1779 3970 1920 4057 colore
1947 4009 1950 4016 ·

482 4072 747 4176 diversrtatem
772 4077 943 4160 trahunt.
1276 4154 1279 4163 .
1506 4161 1516 4184 ,
1686 4161 1690 4170 ,

485 4261 490 4268 .
545 4183 681 4268 Primae
697 4187 748 4270 de
773 4186 913 4298 quibus
936 4190 1132 4304 agendum
1146 4195 1199 4278 est
1218 4220 1270 4277 ea
1289 4193 1379 4278 sunt
1398 4222 1481 4304 qua
1501 4225 1584 4282 non
1607 4224 1656 4307 pe
1771 4227 1825 4303 a,
1848 4189 1918 4282 sed

489 4291 700 4402 aliquando
728 4298 811 4382 sese
842 4301 1119 4411 occultantes,
1149 4303 1360 4414 aliquandi)
1393 4306 1531 4391 contri
1559 4221 1917 4420 magrilmmolenrit

490 4431 624 4490 cutem
644 4411 826 4496 vitiantes
848 4414 1032 4502 eumdem
1057 4441 1187 4501 tamen
1205 4418 1357 4533 semper
1376 4417 1518 4504 locum
1531 4447 1745 4534 occupant.
1769 4422 1866 4528 Ha,
1889 4421 1917 4504 li

488 4517 595 4600 flava
607 4521 694 4624 srnt,
707 4521 830 4634 vulgo
841 4523 990 4610 biliosa
1003 4555 1296 4643 nuncupantur3
1309 4534 1336 4614 sr
1349 4531 1479 4636 fuscae,
1495 4531 1544 4616 sd
1556 4559 1677 4618 arram
1690 4531 1814 4618 bilem
1827 4533 1920 4620 refe·

419 4639 423 4648 '
488 4653 626 4746 runtur
640 4661 653 4730 3
671 4631 700 4712 sr
715 4631 852 4718 albida
874 4645 916 4722 ὃ(
938 4638 1090 4752 pallidas
1110 4645 1152 4724 in
1174 4668 1266 4728 cute
1289 4643 1390 4728 benb
1413 4643 1593 4730 coloratas
1612 4645 1914 4758 distinguantur,

442 4809 445 4818 .
485 4739 736 4856 lymphatica
750 4751 792 4828 ὰ
808 4749 1000 4858 pituitosae
1015 4752 1198 4842 dicuutur
1212 4762 1275 4863 (a).
1290 4756 1411 4846 Licet
1424 4759 1531 4844 enim
1546 4755 1723 4844 maculas
1734 4759 1787 4845 ad
1800 4759 1917 4846 faciei

534 4899 592 4976 ξι)
611 4893 654 4965 V.
668 4891 771 4968 Galen.
787 4897 821 4962 de
832 4899 927 4987 simpl
940 4904 1019 4995 Med.
1033 4923 1065 4990 χ,
