4228 5898
457 442 535 526 150
726 418 820 505 oa
875 413 1171 504 nonnis
1220 409 1629 506 curturis.

450 579 609 695 fatigat,
635 577 897 668 suffocatione
926 585 1062 698 angit,
1090 579 1268 672 tenefino
1290 579 1429 667 msere
1456 579 1608 688 afficit,
1631 572 1759 666 securi
1783 577 1885 668 fiad

452 719 589 778 cutem
623 694 768 784 feratur
804 699 960 780 humor.
1000 693 1210 806 Aliquibus
1242 694 1416 778 foeminis
1453 695 1660 810 prasertim
1701 695 1886 780 menstrui

414 879 417 888 .
452 831 642 919 apparent
661 809 865 923 herpetcs,
881 815 924 892 dt
939 811 1138 892 menlliuis
1152 805 1436 914 defluentibus,
1453 809 1520 917 qui
1534 806 1623 892 ante
1638 803 1888 921 pubertatem

452 921 679 1002 extiterant·
697 927 826 1004 rursus
864 948 1050 1034 apparent
1086 923 1252 1005 incautis
1286 930 1328 1005 δι
1366 917 1422 1002 nil
1461 917 1540 1003 tale
1576 916 1885 1033 expectantibus.

450 1030 606 1116 Eadem
620 1033 1021 1116 esthemorrhoidum
1044 1035 1102 1118 vis
1126 1035 1277 1118 invitis
1288 1093 1302 1138 ‚
1330 1039 1373 1116 bt
1421 1059 1734 1143 uarumcumque
1758 1031 1885 1118 secre-

450 1146 608 1226 tionum
634 1142 941 1259 supprell'arumt
968 1148 1053 1230 imb
1078 1144 1362 1256 quodcumque
1424 1144 1556 1255 'quam
1582 1148 1682 1275 parit
1709 1148 1885 1230 atoniam

450 1257 761 1340 &sannionum
781 1255 846 1340 lan
904 1285 1015 1342 orem
1025 1318 1039 1365 ‚
1061 1257 1159 1372 sape
1179 1255 1431 1370 procreandis
1446 1253 1671 1372 herpetibus
1689 1255 1884 1359 contulit;

452 1369 512 1451 ita
544 1393 589 1465 ut
620 1372 663 1450 in
690 1367 799 1454 nullis
871 1367 907 1453 'l
938 1373 1119 1486 corporis
1146 1371 1355 1455 affeslione
1386 1369 1487 1466 adeo
1516 1369 1734 1454 concordia
1769 1395 1886 1484 repe·

451 1483 599 1564 riantur
629 1479 712 1564 sm
740 1507 891 1566 tomata
924 1511 1017 1566 cuin
1054 1482 1343 1598 perspirationis
1384 1479 1634 1589 deseilibus,
1667 1481 1885 1567 secundnm

450 1595 616 1677 immort
656 1597 692 1677 ’a
710 1513 904 1679 §ansioni
931 1621 1155 1711 pracepta3
1182 1598 1276 1678 hinc
1296 1599 1337 1678 in
1366 1591 1440 1678 illo
1472 1593 1707 1678 morborum
1738 1621 1887 1708 genere

451 1703 557 1788 nesib
587 1705 667 1789 dici
697 1709 823 1822 pollet
846 1737 929 1792 non
953 1707 1034 1792 rim
1069 1707 1196 1792 adesse
1226 1705 1437 1814 morbum,
1466 1703 1584 1817 quim
1611 1710 1883 1792 exorationem

451 1817 663 1928 quamdam
692 1819 907 1906 naturalem
928 1817 950 1904 ὲ
977 1823 1077 1906 vitio
1108 1823 1340 1928 cosiionum
1356 1828 1399 1903 ὅ(
1418 1818 1707 1936 perspirationis
1726 1845 1882 1928 ortam,

451 1957 573 2039 quam
597 1932 666 2014 etsi
691 1961 775 2016 nori
804 1936 965 2018 existere
997 1931 1136 2018 melius
1171 1934 1301 2038 soret,
1344 1962 1428 2043 nop
1459 1957 1592 2016 tamen
1630 1933 1714 2016 citb
1754 1933 1888 2019 sanare

451 2044 533 2128 sine
557 2069 698 2126 eorum
725 2048 885 2158 originis
911 2048 1159 2133 correbtione
1183 2071 1313 2129 tutum
1337 2047 1402 2128 est.

508 2153 676 2240 Videtur
699 2185 748 2242 ex
770 2155 845 2242 hic
871 2160 1117 2274 expositione
1144 2157 1253 2272 polle
1280 2183 1414 2243 extare
1440 2160 1679 2273 incorpore
1705 2161 1887 2275 herpetes

454 2263 599 2353 nullius
628 2273 849 2378 momenti,
882 2273 966 2354 imb
989 2278 1033 2357 br
1056 2274 1122 2356 vix
1147 2268 1278 2381 aliqui
1304 2270 1446 2384 dignos
1473 2271 1785 2358 consideratione
1812 2303 1888 2356 am·

451 2377 606 2578 plion,
646 2383 843 2495 causisque
881 2409 1016 2492 ortos,
1044 2409 1090 2468 ut
1122 2382 1217 2468 solis
1252 2382 1415 2490 ardore,
1453 2390 1533 2467 dte.
1569 2382 1788 2578 susgacibus.
1823 2385 1884 2471 Hi

471 2490 632 2602 evibus,
660 2521 727 2580 aut
748 2494 865 2590 nullis
885 2495 1066 2581 sanantur
1092 2496 1417 2601 medicamentis,
1447 2503 1491 2580 dt
1512 2522 1581 2610 per
1618 2524 1641 2580 e
1664 2495 1886 2606 tolluntur,

452 2605 656 2692 instaurati
677 2611 908 2694 coslionum
931 2611 1156 2695 asinosiiate
1173 2617 1217 2695 δι
1236 2611 1459 2722 integritate
1477 2608 1764 2722 perspirationis
1782 2613 1887 2696 resti-

452 2715 538 2802 tuti
560 2750 572 2820 3
598 2718 664 2804 alii
686 2718 710 2804 a
732 2720 848 2808 causi
876 2721 1007 2806 altiori
1040 2723 1255 2838 pendentes
1281 2719 1573 2830 erethismoque
1598 2721 1887 2837 crispanteorti

452 2828 546 2916 solis
567 2831 806 2920 diluentibus
828 2833 1048 2942 tolluntur,
1085 2865 1186 2947 quos
1216 2843 1260 2920 dt
1291 2861 1400 2919 ortus
1430 2841 1472 2917 dt
1501 2836 1766 2947 phoenomena
1793 2835 1885 2921 satis

452 2943 709 3053 indicabunt,
745 2947 1033 3062 prasertimque
1050 2953 1153 3034 cutis
1173 2945 1356 3142 splendor
1375 2971 1493 3057 atque
1513 2951 1680 3032 tenuitas
1701 2977 1786 3057 qua
1816 2951 1887 3032 vix

453 3055 588 3171 pervii
621 3058 862 3171 epidermide
898 3063 959 3144 his
997 3061 1195 3145 affeslioni
1224 3091 1270 3143 us
1304 3085 1438 3144 cutem
1468 3060 1595 3143 efficit
1622 3059 1808 3144 idoneam
1841 3069 1885 3152 bt

309 3205 314 3214 ·
454 3169 560 3278 quasi
585 3196 795 3282 patentem.
823 3169 906 3256 Alii
930 3172 1090 3256 demum
1111 3174 1217 3285 quasi
1239 3175 1362 3256 innati
1387 3180 1428 3257 bt
1452 3197 1520 3256 aut
1544 3173 1774 3258 hereditatis
1802 3171 1888 3280 iure

454 3281 604 3389 diffusi,
628 3311 695 3368 aut
740 3311 970 3397 uocumque
991 3284 1210 3373 infortunio
1235 3289 1427 3370 contradi
1451 3314 1574 3400 pravo
1592 3289 1698 3371 visto
1718 3285 1885 3370 invales-

455 3419 564 3478 cunt.
598 3315 799 3482 Prioribus
830 3397 1006 3482 sanandis
1027 3397 1115 3484 satis
1139 3403 1213 3485 erit
1230 3397 1387 3482 causam
1412 3405 1455 3484 br
1477 3397 1703 3484 noscere&
1720 3397 1888 3500 tollere;

452 3507 733 3702 posterioribus
753 3513 852 3595 verb
870 3509 1159 3598 tollendirarte
1182 3539 1282 3630 opus
1302 3513 1355 3594 est
1376 3517 1420 3594 bt
1443 3509 1511 3594 illi
1532 3511 1692 3622 quidem
1715 3513 1885 3600 efficaci.

476 3647 503 3702 n
529 3618 605 3730 qui
636 3648 767 3708 tamen
794 3622 1041 3710 admovendi
1071 3625 1212 3739 gradus
1243 3621 1321 3708 elle
1346 3621 1558 3708 servandos
1591 3627 1692 3708 ratio
1726 3622 1883 3712 edoceo

456 3731 673 3818 Causarum
704 3738 770 3819 hic
804 3736 890 3821 sola
923 3741 1075 3822 curatio
1114 3735 1353 3822 instituenda.
1397 3733 1499 3846 Qua
1533 3739 1640 3822 enim
1672 3735 1899 3824 methodus·

454 3841 537 3957 lym
566 3848 623 3930 hie
662 3847 831 3932 mucosa
859 3853 954 3934 vitia
990 3848 1234 3955 debellaret,
1269 3876 1380 3934 ortos
1405 3846 1428 3931 i
1456 3845 1546 3933 bilis
1566 3851 1672 3934 vitiis
1705 3853 1887 3964 lierpetes

455 3985 506 4070 pe
535 3959 726 4045 umdaret.
752 3960 867 4046 Unde
895 3965 962 4045 hic
991 3967 1141 4048 curatio
1167 3960 1250 4048 serii
1278 3961 1502 4046 universum
1529 3962 1734 4048 medicina
1759 3961 1888 4047 ambi·-

455 4091 541 4154 tum
556 4077 758 4176 continet3
780 4075 877 4190 ‚sapb
897 4077 1004 4160 enim
1021 4079 1067 4160 fit
1083 4103 1127 4160 ut
1148 4078 1288 4190 herpes
1302 4073 1402 4161 nihil
1419 4075 1465 4158 sit
1483 4071 1590 4159 aliud
1612 4074 1730 4186 quim
1750 4103 1887 4162 excre-

455 4183 515 4266 tio
539 4187 857 4384 praerernacquralis
886 4189 1011 4386 pausae
1037 4187 1205 4298 cujusvis
1228 4191 1346 4272 etiam
1373 4184 1422 4270 ab
1442 4185 1528 4272 aliis
1557 4191 1611 4274 ita
1637 4185 1824 4274 absimilis
1841 4213 1889 4276 ut

456 4321 653 4381 contraria
677 4331 717 4382 vi
747 4329 803 4388 eri
857 4331 883 4387 ο
915 4330 956 4388 it.
1370 4361 1376 4372 ·

513 4403 648 4494 Plures
672 4410 755 4495 vidi
778 4332 878 4522 qubs
902 4415 1007 4501 tussis
1033 4418 1132 4499 acris
1154 4439 1315 4502 vexaret
1339 4403 1453 4496 simul
1476 4443 1571 4498 cum
1593 4410 1889 4528 erumpentibus

454 4517 705 4632 impetibus,
734 4525 845 4635 quod
871 4530 1012 4616 vitium
1047 4526 1290 4614 mulierculis
1320 4529 1454 4610 nostris
1486 4523 1676 4610 familiare
1703 4527 1767 4610 est.
1800 4525 1889 4612 Has

454 4655 535 4742 ego
555 4629 601 4714 sae
628 4631 650 4716 ὲ
670 4632 757 4719 solo
776 4635 883 4722 lassis
901 4639 971 4721 usu
992 4642 1123 4723 asinini
1139 4642 1355 4758 persanatas
1377 4635 1594 4722 observavi.
1617 4635 1889 4722 Omittebatur

453 4737 564 4828 laeli
589 4747 603 4828 i
638 4747 695 4830 'us
723 4748 837 4855 usus,
868 4749 981 4834 illicis
1009 4753 1190 4868 herpetas
1218 4749 1628 4852 renascebantur31ta
1655 4777 1776 4836 uteri
1803 4777 1887 4838 arte

453 4853 574 4950 suerit
605 4857 694 4972 ipis
719 4859 900 4974 quolibet
922 4891 1045 4977 vere,
1079 4893 1270 4954 auniinno
1301 4861 1505 4978 quolibet,
1542 4863 1763 4952 remedium
1787 4861 1890 4954 illud
