4186 5908
648 403 1136 496 CUTANEIS.
1532 433 1612 528 25¹3

179 567 284 684 apud
299 566 475 676 Arabas,
491 565 676 654 omnibus
693 568 777 654 fere
792 563 942 658 morbis
954 576 1180 660 communis
1202 573 1252 661 de
1292 576 1424 664 ustulis
1436 585 1617 669 tradenti

182 713 265 768 non
291 685 461 768 omnino
488 679 700 790 rejicienda
726 687 805 792 est,
836 686 907 769 nifr
934 688 1043 798 qubd
1061 716 1116 773 eae
1138 719 1220 800 quae
1241 603 1391 777 abana
1415 691 1497 779 bile
1519 724 1617 810 pen-

181 797 275 884 dere
296 797 483 884 dicuntur
503 827 704 908 nunquam
727 801 829 884 inter
849 796 1039 914 benignas
1064 806 1259 888 numerari
1281 806 1437 921 pollint.

235 913 388 997 Verbm
410 909 562 997 summe
588 911 819 999 instimenda
843 921 885 997 ὅ(
907 911 997 997 anre
1018 911 1111 998 alias
1136 915 1374 1030 pustularum
1401 921 1537 1006 divifro
1566 927 1619 1008 est

181 1024 284 1110 inter
297 1029 648 1136 easquaeichorem
661 1027 846 1134 fundunt,
861 1026 1065 1112 autferum
1078 1057 1184 1136 acre,
1196 1028 1299 1114 male
1313 1036 1618 1142 codum‚&eas

182 1168 265 1249 quae
277 1137 505 1254 sanguinem
514 1165 870 1253 acpuspntequam
879 1147 1353 1254 rumpantur,continent‚
1367 1177 1527 1258 quarum
1537 1150 1620 1235 aliae

182 1249 562 1338 bafrm&circulum
575 1254 887 1341 circumdantem
901 1255 1185 1339 inflammatum
1199 1255 1361 1364 habent,
1374 1258 1457 1344 aliae
1468 1263 1620 1380 fastigio

180 1371 334 1450 tantiun
345 1369 660 1468 inflammannrr3
681 1371 727 1452 iis
741 1367 891 1453 diversa
901 1367 1026 1452 indita
1036 1368 1123 1452 sunt
1139 1371 1242 1484 apud
1258 1373 1421 1457 Graecos
1435 1381 1618 1486 nomina,

181 1479 278 1565 licet
292 1510 374 1565 non
386 1481 547 1596 perinde
558 1479 677 1566 facile
687 1483 733 1566 frt
743 1484 919 1597 proprias
930 1479 1144 1566 verborum
1158 1485 1619 1598 fignificationeseruere.

181 1595 228 1678 In
242 1622 390 1708 genere
405 1593 560 1708 pustulae
580 1593 849 1710 lymphaticae,
872 1596 1186 1703 frminutaefrnr,
1212 1599 1315 1712 apud
1329 1628 1481 1686 veteres
1499 1609 1623 1706 llpcu

182 1711 378 1794 autetiam
390 1740 559 1814 arreptor
570 1710 679 1794 ditlae
691 1709 794 1815 sunt,
804 1706 915 1819 quod
926 1707 1078 1814 Latini,
1092 1709 1216 1794 Celfo
1232 1716 1406 1819 auctore,
1421 1741 1622 1812 verterunt

181 1850 251 1938 per
264 1851 412 1908 vocem
424 1823 639 1929 fitdcmino,
656 1829 697 1906 ὃ(
717 1818 853 1908 reverit
866 1820 1022 1936 pustulat
1038 1821 1113 1905 illae
1129 1825 1216 1906 raro
1231 1826 1311 1910 frne
1327 1826 1470 1912 sudore
1486 1841 1624 1941 praeee3

184 1931 931 2052 dentiapparent&videnrurbmaterid
941 1938 1021 2019 acri
1030 1935 1288 2051 mordaciper
1297 1939 1461 2025 sudores
1472 1945 1624 2028 exitum

182 2049 367 2135 molienti
385 2051 571 2169 pendere.
602 2049 896 2164 Distinguendae
909 2048 998 2134 funt
1010 2047 1084 2135 illae
1100 2046 1121 2134 ὲ
1135 2054 1237 2134 veris
1252 2050 1489 2167 phlyfloenis
1503 2059 1622 2168 ,eryfr-

182 2162 366 2277 pelatosrs
385 2195 469 2276 quae
482 2194 588 2249 nunc
603 2163 711 2248 malo
729 2167 887 2270 omine,
903 2193 1009 2247 nunc
1027 2161 1184 2248 meliori
1195 2194 1269 2279 pro
1282 2194 1324 2250 re
1336 2165 1458 2252 natba
1486 2189 1624 2283 parent'

183 2281 224 2362 in
243 2277 419 2364 febribus
434 2279 639 2364 sudatoriis
659 2278 924 2394 Hungaricis,
944 2284 986 2361 br
1001 2275 1178 2391 Anglico
1197 2279 1341 2365 sudore
1360 2308 1427 2366 aut
1475 2281 1624 2370 icardo·

185 2421 272 2476 rum
286 2390 483 2478 sudatotid
497 2390 608 2478 febre
616 2390 667 2475 de
680 2390 821 2502 quibus
834 2395 900 2474 hic
915 2417 1031 2505 agere
1045 2391 1162 2474 nostri
1174 2422 1257 2475 non
1269 2395 1322 2478 est
1332 2397 1504 2480 instituti.
1521 2398 1624 2508 Quae

184 2506 281 2592 verb
311 2507 417 2621 apud
443 2536 518 2591 nos
547 2513 590 2592 dr
619 2507 700 2588 fme
727 2501 838 2590 febre
866 2530 1076 2620 apparent,
1108 2507 1196 2588 ratb
1222 2505 1479 2621 depuratoriae
1509 2508 1622 2618 funt,

186 2616 270 2724 &b
291 2620 444 2725 sudoris
463 2620 649 2704 acredine
670 2645 789 2729 quam
814 2622 1039 2733 procreavit
1064 2617 1180 2702 ardor
1200 2624 1433 2735 tempestatis
1457 2644 1629 2709 exurens

185 2733 432 2849 pendentur
464 2732 708 2850 plurimum,
737 2733 885 2842 vixque
913 2728 1030 2816 aliam
1059 2727 1130 2814 fibi
1161 2730 1401 2818 medicinam
1428 2735 1626 2850 postulant

186 2875 322 2964 praeter
347 2847 566 2934 diluentem
593 2873 711 2958 atque
738 2846 1047 2960 refrigerantem.
1280 2941 1285 2952 ,

240 2961 335 3046 Vidi
356 2961 525 3077 pullulas
543 2961 660 3046 hasce
677 2961 850 3045 humore
867 2959 1113 3076 lymphatico
1133 2956 1266 3071 plenas
1287 2956 1398 3045 rllrco
1421 2963 1631 3054 infaciem‘

189 3081 233 3161 ὅτ
254 3101 384 3160 totum
406 3106 552 3194 corpus
576 3077 618 3158 in
640 3072 950 3179 illisexardcre‚
972 3077 1040 3184 qui
1061 3071 1194 3158 fordes
1221 3069 1345 3188 longi
1369 3079 1630 3192 corruptione·

187 3187 371 3276 volatiles
399 3191 522 3276 saetas
546 3185 899 3277 durd'everrebant
929 3185 1062 3303 oporal.
1097 3187 1261 3294 Stercus
1288 3191 1486 3274 murinum
1506 3187 1633 3307 paleis

188 3329 400 3419 exceptum
431 3311 473 3390 ὅτ
489 3308 559 3388 ‘ita
586 3304 827 3390 exsiccatum
853 3329 897 3388 ut
926 3305 979 3384 in
997 3301 1164 3385 furfures
1195 3304 1438 3388 tenuillrmos
1468 3301 1625 3413 abiret,

186 3425 389 3503 manus&
410 3417 565 3504 vultum
590 3416 742 3524 juvenis
767 3419 907 3531 aurigae
933 3412 1122 3500 similibus
1146 3414 1327 3531 implevit
1349 3416 1507 3531 pustulis
1532 3445 1627 3528 quas

187 3561 409 3648 paucorum
440 3533 594 3618 dierum
617 3531 747 3644 ¹spatio
775 3532 857 3616 stne
885 3531 976 3614 artis
1005 3557 1083 3644 ope
1111 3527 1269 3616 sanavit.
1301 3529 1415 3614 Idem
1444 3531 1638 3616 accidille·

188 3649 354 3732 memini
379 3671 503 3758 puero
530 3649 598 3754 qui
620 3648 814 3728 incautilrs
843 3645 980 3727 nidum
1005 3643 1262 3727 formicarum
1289 3645 1496 3755 totamque
1521 3637 1639 3730 rem-'

189 3758 394 3878 publicam
427 3755 577 3842 baculo
609 3781 804 3842 evenerat
839 3755 1013 3844 funditbs
1045 3791 1055 3840 τ
1095 3755 1637 3871 exemplum·cantharidum'

188 3872 333 3989 probat
348 3869 442 3954 ..fatis
469 3865 635 3954 similem
662 3869 829 3954 halitum
854 3869 964 3985 polle
986 3869 1008 3953 ὲ
1028 3901 1111 3974 non
1129 3869 1207 3956 und
1232 3872 1469 3957 insertorum
1496 3869 1641 3984 specie'
1748 3865 1752 3874 “

188 3985 350 4073 effundi.
385 3983 515 4095 Quod
537 3988 659 4069 etiarn
687 3981 820 4070 multis
843 3982 1096 4070 metallorum
1122 3983 1392 4070 arsenicalium
1417 3981 1638 4072 folloribus'

188 4099 371 4186 accidere
399 4121 549 4186 norunt
575 4097 809 4214 metallurgi.
843 4099 924 4185 Sed
953 4104 1050 4184 novi
1078 4103 1206 4184 virum
1235 4100 1302 4207 qui
1331 4125 1438 4181 nunc
1466 4099 1628 4214 impune

189 4213 280 4300 talia
304 4240 528 4332 perpetrat,
550 4213 619 4298 sed
636 4216 703 4325 qui
719 4218 811 4298 clim
830 4209 982 4321 juvenis
1002 4215 1097 4297 effer
1105 4275 1118 4317 ‚
1146 4239 1221 4294 nec
1244 4212 1382 4293 vinum
1406 4210 1628 4330 Hispanum

191 4327 292 4413 illud
319 4327 423 4414 forte
452 4337 494 4413 ὅτ
514 4326 709 4444 spirltibus
737 4327 914 4438 oleoque
939 4323 1367 4430 ellenrialireferrum,
1396 4352 1463 4409 aut
1486 4352 1641 4444 potum

189 4441 298 4528 coffe
331 4441 489 4528 sorbere
516 4459 600 4541 n'on
626 4453 804 4554 poterae,
835 4438 1075 4550 quindllicb
1108 4435 1264 4549 pustulis
1289 4437 1403 4522 frons
1432 4439 1628 4527 dehones-

191 4583 338 4642 taremr
362 4553 613 4669 lymphaticis
639 4550 717 4636 illis
745 4559 786 4636 dt
814 4555 956 4636 acriter
982 4578 1052 4666 per
1074 4553 1213 4664 viginti
1241 4577 1409 4661 quatuor
1436 4555 1628 4642 horbrum

191 4670 218 4753 s
236 4672 360 4755 atium
379 4666 633 4773 dolentibus,
683 4665 786 4752 osted
806 4693 876 4781 per
892 4662 1025 4750 levem
1045 4665 1364 4780 suppurationem
1380 4665 1627 4756 abeuntibus.

191 4701 291 4868 liae
313 4787 447 4868 omnia
470 4786 538 4867 vix
558 4698 689 4867 morbi
710 4785 873 4864 nomine
906 4778 1051 4893 digna,
1085 4776 1282 4864 medicind
1310 4811 1392 4865 non
1420 4771 1625 4897 indigent,

191 4899 262 4984 nist
298 4895 465 4984 diluenti
504 4903 545 4980 dr
582 4899 830 5010 temperanti.
878 4883 1110 4986 Graviores:
1136 4893 1224 4982 suut
1261 4894 1410 5012 species
1452 4895 1629 5008 quedam
