4188 5916
460 324 550 424 aas·
901 308 1009 400 un
1077 286 1446 404 ru'onsrsx

461 501 510 560 ut
528 467 750 561 attenuetur
773 471 902 560 omnis
921 477 1134 558 humorum
1150 474 1271 560 cruda
1284 473 1467 560 crassitiei
1476 533 1490 578 ‚
1509 470 1593 555 imb
1607 467 1759 580 liquato
1782 465 1893 550 omni

463 587 580 702 adipe
600 592 668 700 qui
690 592 732 671 in
756 589 882 674 reatbs
907 591 1115 670 maximam
1135 614 1285 702 partem
1306 591 1437 692 venit,
1460 583 1703 668 marcescant
1727 579 1892 662 omninb

465 704 578 816 agri,
603 727 897 811 vacuenturque
918 707 1074 816 prorsbs
1096 697 1248 786 cellula
1265 699 1459 815 adiposae;
1478 696 1587 808 quod
1602 695 1805 811 postquam
1825 717 1891 805 per

462 811 537 896 lon
587 842 634 923 „m
651 815 932 898 attentandum
946 813 1055 896 usum
1069 812 1251 896 effessum
1266 813 1341 917 est,
1355 807 1491 926 quidni
1505 811 1719 894 vehemens
1733 799 1893 887 concus-

463 925 523 1008 sto
588 925 765 1009 draslicis'
780 929 1030 1066 antiquorum
1050 925 1149 1008 sabla
1168 923 1364 1008 laboranti
1383 949 1525 1008 natura
1545 947 1696 1037 partem
1717 917 1894 1002 detrahat

464 1041 619 1143 oneris,
636 1037 743 1120 unde
760 1040 862 1121 vires
876 1067 901 1120 a
920 1063 1076 1124 ueneno
1093 1036 1278 1152 oppressa
1296 1065 1403 1122 nunc
1420 1035 1620 1146 resurgant
1638 1029 1833 1118 alacrius?

521 1147 616 1231 Hire
643 1147 751 1232 certe
777 1149 994 1265 proderunt
1023 1147 1196 1233 adhibita
1221 1148 1412 1264 sapienter
1441 1143 1728 1256 lRaymundo
1752 1137 1892 1224 balnea

462 1260 624 1374 tepida,
644 1257 772 1368 lenia,
797 1263 880 1376 post
902 1291 986 1372 quae
1007 1269 1046 1344 iit
1069 1258 1161 1344 salia
1179 1264 1354 1375 viperina
1377 1267 1421 1346 dc
1441 1288 1525 1370 qua
1547 1257 1708 1340 sudores
1727 1275 1892 1336 movent

440 1391 442 1396 ’
462 1371 728 1456 medicamina
746 1401 863 1488 agant
884 1374 1095 1460 efficacibs.
1119 1371 1239 1457 Tunc
1259 1375 1357 1458 verb
1376 1403 1425 1472 an
1442 1371 1657 1456 nonetiam
1678 1366 1890 1484 plenariam

464 1487 712 1569 curationem
738 1487 889 1604 sperare
910 1484 1007 1570 lieet
1032 1493 1074 1568 bt
1098 1483 1121 1567 l
1144 1483 1452 1570 sudoriferorum
1478 1486 1517 1567 vi
1528 1545 1543 1589 ,
1578 1477 1702 1593 qualis
1735 1481 1789 1562 est
1823 1473 1889 1560 illa

464 1594 611 1680 nobilis
640 1590 872 1712 sarsaparilla
895 1596 943 1680 ab
968 1595 1109 1712 Anglis
1132 1625 1253 1714 nuper
1275 1598 1506 1712 praedicata,
1542 1592 1666 1704 qualis
1691 1593 1745 1676 est
1771 1593 1889 1674 etiarn

461 1711 594 1793 urinas
617 1711 819 1796 movendo
843 1709 864 1793 b
886 1708 962 1820 qui
986 1709 1055 1794 srbi
1072 1735 1179 1793 tanta
1192 1709 1375 1805 Meadius
1396 1706 1678 1825 promittebat,
1703 1702 1888 1786 ”anostra-

464 1820 571 1905 tibus
596 1815 770 1905 Medicis
792 1826 870 1906 hirc
893 1822 1016 1933 usque
1034 1825 1198 1906 nimium
1223 1823 1438 1936 pratervisa
1461 1829 1504 1904 dt
1525 1818 1703 1932 negleiia
1729 1818 1887 1898 cantha-

460 1933 593 2015 ridum
611 1937 774 2016 tinsiura
783 1996 797 2039 ‚
821 1960 1003 2048 potenter
1021 1959 1246 2039 attenuans,
1263 1938 1460 2048 potentiss
1474 1935 1602 2035 urinas
1621 1926 1811 2015 eliciens?
1826 1927 1890 2010 An

464 2073 548 2126 non
563 2041 692 2154 aliqua
706 2044 789 2158 spes
807 2043 970 2157 affulget
988 2044 1037 2128 ab
1051 2046 1121 2130 usu
1136 2050 1276 2130 iterato
1290 2055 1330 2130 ὅ(
1346 2047 1514 2164 repetito
1528 2042 1762 2127 balneorum
1777 2067 1889 2234 napo

464 2158 679 2262 rariorum,
693 2159 719 2238 sr
732 2157 891 2242 sudores
906 2156 1051 2266 elicere
1064 2161 1117 2241 esi
1129 2162 1301 2242 animus?
1313 2156 1388 2242 Illa
1399 2185 1525 2243 totam
1536 2181 1670 2240 cutem
1679 2157 1817 2268 vapori
1846 2184 1887 2236 us

464 2263 628 2351 classicis
646 2269 894 2380 perfundunt.
913 2272 979 2353 An
1001 2267 1083 2378 non
1103 2273 1221 2355 ctiam
1241 2265 1772 2385 semicupiissrigidioribus,
1792 2266 1818 2349 sr
1840 2265 1887 2358 ad

463 2383 593 2463 urinas
620 2379 692 2464 tibi
720 2380 968 2481 devolvenda
995 2379 1102 2466 labes
1125 2384 1312 2468 videtur?
1342 2383 1463 2468 Certe
1488 2385 1664 2494 quamvis
1690 2383 1886 2466 mercurio

462 2495 629 2575 nimium
653 2493 741 2578 vasa
766 2501 806 2578 bt
829 2521 970 2579 nervos
986 2491 1192 2580 ‘vellicanti
1214 2496 1416 2581 fidendum
1435 2526 1516 2580 non
1540 2496 1609 2600 stt,
1632 2491 1714 2577 ulli
1735 2495 1885 2576 ratione

463 2603 600 2688 nescio
618 2635 667 2689 an
687 2635 769 2690 non
787 2607 886 2690 sumi
915 2611 1043 2692 'orum
1062 2636 1175 2693 more
1187 2634 1287 2692 exce
1315 2635 1376 2694 tus
1390 2606 1538 2718 aliquid
1551 2611 1616 2690 hic
1635 2633 1717 2688 non
1734 2603 1886 2688 valeati

461 2715 872 2803 Annonlmcthodo
935 2722 1094 2802 u'xhami
1109 2719 1256 2831 aliquid
1285 2739 1421 2834 perare
1433 2718 1529 2806 licet
1543 2715 1620 2830 quai
1630 2715 1776 2806 summe
1786 2715 1884 2801 divi-

460 2825 548 2922 sum
570 2832 855 2938 antimoniunt,
872 2827 938 2916 sed
956 2831 1192 2946 phlogistico
1208 2862 1289 2916 non
1306 2831 1603 2938 defraudatum,
1623 2827 1781 2914 refrailb
1800 2827 1882 2912 dost

461 2939 505 3023 in
524 2942 693 3027 hur‘noru
756 2941 822 3027 vel
843 2945 1120 3030 remotissimos
1141 2945 1266 3030 aditus
1288 2973 1492 3062 penetrans
1519 2973 1663 3059 corpus
1679 2945 1882 3027 immutati

460 3048 616 3136 scilicet
638 3056 734 3138 vino
760 3053 912 3141 stibiato
939 3055 987 3139 ad
1013 3055 1239 3140 drachmam
1265 3087 1383 3142 unam
1407 3060 1607 3162 emerico,
1634 3057 1770 3168 paucis
1794 3079 1882 3168 gut-

461 3162 555 3279 tulis
578 3165 756 3275 quotidie
777 3165 938 3282 sumptis
962 3165 1129 3254 rebelles
1145 3169 1194 3252 ad
1211 3173 1344 3254 omnia
1368 3173 1548 3286 herpetes
1569 3167 1758 3255 debellari
1778 3196 1882 3280 pror·

463 3280 528 3360 sits
554 3279 613 3360 vir
640 3275 709 3364 ille
739 3283 779 3362 in
806 3303 888 3364 arte
913 3283 1072 3364 maximi
1102 3281 1286 3396 ponderis
1313 3281 1448 3368 edixit.
1486 3278 1609 3390 Cujus
1645 3309 1725 3394 ego
1754 3307 1882 3364 exem

462 3387 574 3504 plum
588 3387 733 3504 pluries
752 3392 906 3476 secutus
917 3456 931 3500 ‚
947 3391 1111 3477 morbos
1130 3391 1377 3509 elephantiasi
1393 3396 1550 3501 affines,
1570 3395 1653 3478 irnb
1671 3401 1712 3477 bt
1732 3389 1883 3478 irretio

461 3499 578 3617 pulsis
592 3502 815 3618 herpetibus
831 3531 961 3588 natam
977 3508 1095 3589 ortho
1125 3537 1246 3590 natam
1258 3505 1405 3620 fugasse
1418 3510 1621 3622 profiteor.
1637 3507 1786 3619 Longa
1803 3507 1882 3588 vin·

319 3597 335 3630 ⁴
462 3614 589 3698 cenda
609 3613 696 3698 sunt
712 3621 981 3728 aegrotantium
1003 3537 1161 3704 fastida.
1183 3618 1372 3704 Pessrmos
1391 3624 1432 3704 in
1452 3621 1532 3703 hoc
1552 3647 1697 3733 genere
1721 3613 1879 3702 morbos

460 3725 603 3812 sanasse
620 3729 811 3839 contigit,
830 3727 985 3814 testibus
1005 3728 1071 3816 Cl.
1092 3731 1334 3838 Bordeuiis‚
1351 3737 1518 3848 repetito
1537 3741 1579 3817 dt
1596 3733 1796 3846 pervicaci
1813 3729 1879 3812 usu

462 3866 649 3948 aquarum
666 3836 914 3923 thermalium
924 3903 938 3947 ,
985 3842 1164 3928 rascrtim
1179 3843 1511 3958 Barregiensrum,
1530 3871 1596 3928 aut
1615 3845 1879 3928 Luciensrum.

460 3947 664 4038 Pervicaci
681 3955 787 4037 enim
804 3950 909 4036 malo
928 3873 1151 4040 obstinatius
1171 3956 1503 4042 medicamentum
1520 3956 1803 4073 opponendum
1816 3955 1880 4038 est.

459 4061 609 4144 Verum
629 4064 919 4181 elephantiasim
940 4093 1072 4153 veram
1102 4097 1301 4178 nunquam
1327 4069 1437 4174 vidi,
1461 4068 1556 4155 licet
1581 4067 1745 4153 morbos
1772 4095 1881 4154 cuta-

460 4199 560 4256 neos
587 4179 767 4288 pessimos
799 4181 893 4264 huic
924 4176 1115 4294 analogos
1150 4179 1301 4264 sanatos
1331 4183 1477 4270 vidisse¹
1498 4184 1711 4298 contigerit
1724 4243 1740 4290 ‚
1771 4188 1813 4266 dt
1839 4183 1894 4270 iu

459 4310 601 4369 eorum
623 4293 834 4378 curationis
855 4319 1006 4408 partem
1025 4293 1170 4384 venisse
1190 4291 1350 4410 gloriari
1371 4293 1503 4386 liceat.
