4250 5898
351 489 354 497 .
507 392 596 508 „a
961 381 1487 478 annonara

511 559 563 644 ad
586 559 723 662 instat,
755 582 805 641 ex
837 554 961 636 unico
992 550 1119 638 bulbo
1149 552 1280 669 plures
1308 553 1379 668 pili
1408 547 1643 666 emet‘gunt,
1670 573 1738 636 aut
1768 553 1791 635 'a
1817 545 1950 636 radice

513 671 650 776 divin,
675 695 741 752 aut
761 665 783 750 *a
805 667 961 750 diversis
982 664 1189 778 radicibus.
1214 665 1362 782 Capilli
1381 665 1587 782 longiores
1608 670 1650 747 ὃ(
1669 666 1805 750 nutriti
1825 693 1890 746 ma
1918 667 1948 746 'a

512 788 556 868 in
581 783 757 886 feminis,
783 779 867 862 imo
893 788 935 862 &
959 780 1213 896 copiosrores.
1241 777 1451 864 Prolixitas
1477 777 1715 893 capillorum
1738 807 1825 890 quae
1850 693 1946 862 add·

511 894 742 980 lescentiam
771 889 1015 977 condecorat
1044 896 1085 976 in
1110 892 1252 978 adultis
1279 892 1450 976 maribus
1477 892 1613 976 deficit
1627 954 1640 997 ,
1670 894 1724 974 ita
1747 917 1792 975 ut
1819 894 1863 974 in
1890 917 1945 972 re·

514 1005 700 1124 gionibus
729 1001 1009 1090 calentioribus
1039 1013 1082 1090 ὃ(
1111 1005 1258 1112 aridia,
1290 1009 1359 1098 vix
1392 1003 1496 1089 ultra
1526 1005 1769 1118 trigesimum
1804 1017 1946 1088 annum

513 1149 641 1205 comae
670 1119 764 1218 viria
795 1147 879 1200 non
909 1118 1128 1234 dispereant
1157 1150 1171 1220 3
1206 1118 1384 1203 arescunt
1413 1101 1596 1224 scilicet,
1630 1118 1866 1225 finduntur,
1906 1124 1944 1200 δι

515 1235 644 1340 crines
668 1227 769 1314 ultri
791 1235 892 1315 cutis
919 1229 1034 1316 altrix
1052 1260 1135 1314 non
1156 1229 1311 1316 educat.
1340 1231 1468 1343 Quod
1497 1233 1616 1316 etiam
1637 1231 1706 1314 etsr
1732 1260 1829 1314 cura
1854 1229 1945 1314 cos·

513 1347 667 1429 metica
689 1343 908 1450 retardent,
930 1348 998 1430 vix
1024 1370 1156 1428 tamen
1184 1343 1341 1460 possunt
1364 1349 1521 1461 ptorsits
1546 1343 1771 1458 prepedire.
1797 1341 1946 1427 Mulie·

514 1455 622 1542 ribus
637 1457 755 1562 veto,
771 1455 978 1571 prasertim
992 1459 1039 1542 iis
1055 1487 1150 1568 quas
1162 1487 1246 1541 non
1259 1485 1377 1544 vexat
1394 1455 1530 1564 labor,
1548 1485 1608 1542 res
1625 1455 1771 1542 tardiits
1792 1458 1944 1561 evenit,

513 1567 789 1686 prolixamque
817 1598 977 1654 comam
1004 1570 1149 1654 tardius
1175 1571 1408 1657 conservare
1436 1596 1609 1684 queunt,
1636 1575 1730 1654 cium
1753 1567 1945 1684 praecipue

514 1686 686 1766 maxima
711 1709 844 1766 earum
868 1712 961 1767 cura
988 1685 1030 1766 in
1058 1711 1183 1766 coma
1206 1685 1396 1770 decorem
1425 1684 1675 1799 impenditur.
1710 1683 1767 1766 At
1794 1682 1945 1766 annosas

500 1821 633 1908 atque
661 1796 809 1909 rugosas
836 1794 1025 1881 deficiunt
1051 1796 1211 1880 tandem
1238 1798 1400 1911 capilli,
1428 1803 1649 1910 quanquam
1678 1795 1941 1910 Hippocrates

513 1911 826 2023 pronuntiaverit
846 1937 922 1994 nec
943 1907 1196 2017 mulieribus,
1221 1939 1297 1996 nec
1324 1913 1515 1996 eunuchis
1535 1908 1737 1995 calvitiem
1763 1910 1840 1994 elle
1864 1935 1940 1992 me-

513 2021 713 2106 tuendam.
748 2019 869 2105 Certi
895 2025 922 2104 st
949 2024 1005 2106 tei
1029 2027 1112 2108 non
1133 2026 1342 2108 univerfim
1364 2022 1575 2109 observatae
1599 2021 1843 2108 credendum
1867 2024 1938 2126 est,

513 2162 654 2218 notare
682 2135 780 2218 mihi
811 2138 980 2249 contigit
1005 2133 1188 2219 mulieres
1217 2133 1307 2220 illas
1331 2166 1415 2248 quae
1441 2135 1591 2222 multos
1620 2165 1670 2219 an
1700 2162 1814 2240 ores,
1837 2133 1938 2218 mul-

513 2273 633 2358 taque
659 2247 918 2331 incommoda
946 2253 1031 2332 tirm
1058 2251 1222 2356 mentis,
1250 2253 1335 2332 tirm
1358 2252 1537 2364 corporis
1560 2281 1585 2364 p
1693 2274 1824 2355 erant,
1848 2248 1933 2331 satia

514 2363 598 2444 cito
625 2357 859 2443 calvescere.
1169 2410 1171 2414 .
1407 2399 1412 2408 ·

568 2471 618 2555 Id
644 2472 804 2555 demitm
827 2474 968 2556 vitium
987 2475 1041 2557 est
1060 2476 1146 2558 tirm
1164 2471 1314 2580 barbae,
1335 2479 1420 2558 tirm
1445 2473 1597 2590 capillis
1620 2502 1663 2560 ut
1686 2479 1728 2558 in
1751 2473 1938 2560 senedlute

514 2582 750 2684 canescant;
774 2585 962 2695 quodque
981 2588 1124 2670 mirum
1146 2587 1271 2672 videri
1319 2591 1415 2672 otest
1437 2592 1477 2671 in
1497 2617 1540 2674 re
1563 2585 1812 2672 subtiliffimae
1835 2586 1938 2670 inda·

543 2700 617 2782 inis
625 2725 727 2804 ,nec
740 2695 828 2780 satis
841 2697 1058 2805 intellefiid,
1070 2698 1250 2786 videmus
1260 2616 1490 2813 aliquando,
1501 2699 1567 2785 vel
1576 2705 1617 2784 in
1626 2699 1940 2809 viris‚caesariem

437 2851 441 2861 ·
510 2729 620 2894 delle
646 2814 830 2895 nutritam
855 2836 982 2895 totam
1001 2810 1153 2919 albam,
1176 2839 1348 2899 attamen
1369 2816 1537 2930 produci
1556 2822 1598 2900 dt
1618 2813 1774 2899 servari.
1797 2813 1940 2898 Veritm

509 2926 608 3006 cum
636 2927 841 3008 varietates
869 2922 945 3007 illa
974 2924 1209 3039 capillorum
1235 2926 1285 3010 ad
1317 2927 1562 3013 cosmeticen
1587 2925 1720 3042 potiirs
1748 2923 1868 3037 qu'am
1895 2923 1940 3008 ad

507 3031 759 3120 Medicinam
784 3037 1024 3145 referantur,
1056 3036 1107 3122 de
1128 3042 1175 3122 iis
1207 3068 1290 3122 non
1316 3038 1555 3150 loquemur,
1578 3041 1650 3123 nist
1673 3042 1865 3151 quaternis
1892 3036 1936 3122 ad

508 3145 676 3232 morbos
701 3151 801 3232 cutis
828 3149 1059 3235 referuntur.
1093 3150 1209 3236 Unde
1236 3155 1414 3238 tradatio
1444 3157 1572 3238 nostra
1599 3151 1648 3236 ad
1674 3152 1874 3238 calvitiem
1898 3158 1936 3236 dt

507 3257 772 3372 capillorum,
792 3285 859 3344 aut
877 3262 1049 3376 pilorum
1065 3263 1417 3378 praternaturalem
1431 3269 1695 3351 extrusionem
1705 3328 1720 3372 ,
1745 3265 1795 3350 ad
1814 3263 1939 3377 alope-

510 3373 617 3456 ciam
650 3382 693 3457 &
723 3400 748 3455 o
778 3375 911 3458 hialim
937 3374 1125 3461 referetur
1140 3439 1154 3484 ,
1183 3407 1267 3488 quae
1295 3383 1488 3496 pracippa
1516 3380 1608 3464 sunt
1631 3381 1729 3464 vitia
1756 3404 1937 3465 mutatam

510 3488 614 3572 curis
640 3489 723 3604 cap'
758 3512 828 3570 atae
851 3487 1127 3574 conditionem
1151 3490 1381 3576 indicantia.

759 3708 1263 3800 ARTICULUS
1332 3716 1689 3804 PRIMUS.

971 3923 1039 4010 De
1066 3925 1290 4013 calvitie&
1317 3929 1482 4014 ίὶιηὶτίε,

567 4143 778 4253 Calvities,
795 4149 1020 4258 qaaa'upuru
1042 4150 1296 4260 Graecorum,
1313 4151 1573 4239 aneceffitate
1594 4155 1712 4238 atatis
1734 4154 1935 4268 ingruens,

510 4259 614 4365 quast
637 4259 818 4346 naturalis
842 4261 977 4348 haberi
996 4268 1135 4380 potest.
1166 4267 1400 4352 Ariditatem
1423 4264 1608 4370 senilem,
1633 4293 1717 4375 quae
1738 4267 1934 4383 superfluis

509 4377 767 4456 excrementis
792 4377 1065 4488 ingenerandis
1087 4409 1160 4494 per
1185 4379 1226 4464 se
1248 4377 1328 4488 jam
1352 4379 1534 4464 inhabilis
1560 4381 1612 4461 est
1624 4441 1639 4485 ‚
1669 4379 1773 4492 apt-td
1798 4407 1933 4462 omnes

493 4481 685 4582 ⁸audiores
706 4515 778 4598 pro
799 4487 914 4574 causti
932 4495 1103 4598 invenit,
1126 4494 1153 4576 st
1173 4491 1305 4577 solium
1325 4521 1424 4578 exce
1452 4497 1526 4578 eris
1546 4491 1614 4574 Fr.
1636 4489 1850 4586 Vallefium
1871 4497 1931 4598 (a)

509 4592 577 4786 qbui
612 4595 777 4681 credidit
807 4598 1006 4688 calvitiem
1037 4603 1131 4690 inde
1167 4610 1295 4713 oriri,
1330 4525 1450 4718 quod
1470 4602 1676 4692 cerebrum
1705 4604 1930 4690 decrescent

489 4730 528 4785 -a
573 4699 717 4790 offibus
735 4708 932 4824 discedat,
951 4716 1190 4832 adeoque&
1213 4720 1315 4836 offa,
1335 4728 1376 4808 δι
1399 4718 1654 4836 superpositas
1671 4743 1798 4834 parces
1818 4717 1929 4804 teliu

545 4869 605 4947 (a)
625 4863 731 4939 Pauor.
750 4867 851 4960 Sacra,
867 4897 930 4963 pag.
946 4888 995 4950 66.

1188 4929 1198 4970 l
