4186 5908
644 369 1153 522 corruere
1540 473 1699 544 2n=

185 601 268 680 tum
298 595 433 708 quoad
462 595 817 711 diagnosun,ti1m
847 597 980 710 quoad
1009 598 1236 714 prognosim
1265 595 1354 684 ante
1383 599 1518 684 omnia
1542 601 1623 686 sol-

183 707 294 795 licite
318 711 562 795 tractandum
589 713 653 795 est.

235 823 294 906 Et
317 823 426 908 certe
452 820 601 938 papula
632 821 739 909 leves
763 851 802 909 ar
830 852 882 912 ue
906 823 1069 939 fugaces
1096 821 1249 910 levibus
1273 849 1390 936 atque
1412 825 1623 916 subitaneis

185 937 308 1020 causis
334 933 481 1021 debent
510 939 706 1050 originem
733 945 777 1022 dt
804 855 1115 1054 symptomatum
1139 935 1298 1030 levitate
1326 938 1620 1052 distinguuntur.

183 1049 250 1132 Eae
290 1050 503 1134 confertim
544 1075 691 1136 exeunt
729 1059 771 1134 dt
808 1080 902 1134 cum
945 1049 1062 1136 causi
1103 1079 1176 1166 pro
1206 1053 1404 1134 ortionem
1441 1053 1619 1162 servant,

182 1163 330 1272 vixque
353 1159 476 1244 ullam
500 1158 570 1244 srbi
596 1161 843 1248 curationem
869 1187 1085 1278 expetunt,
1119 1081 1203 1244 nisi
1218 1192 1306 1248 eam
1336 1192 1441 1272 qua,
1467 1163 1621 1250 remotis
1690 1174 1695 1205 “

183 1273 358 1358 evidenti
378 1271 516 1380 causi,
532 1271 715 1359 tollendo
726 1273 976 1390 symptomati
990 1300 1079 1389 apta
1092 1277 1157 1358 est.
1173 1275 1217 1358 Si
1232 1304 1315 1384 quae
1332 1278 1620 1365 medicamenta

182 1390 359 1480 exterior
382 1389 483 1470 cutis
505 1386 685 1472 conditio
708 1387 980 1500 postulaverit,
1006 1415 1056 1470 ex
1078 1384 1395 1500 refrigerantibus
1420 1386 1621 1476 &leviter

182 1497 507 1613 adstringentibus
535 1497 689 1585 lenibus
716 1497 794 1585 illis
825 1525 943 1610 atque
964 1497 1148 1610 anodynia
1172 1502 1211 1584 vi
1232 1499 1398 1613 praeditis
1420 1502 1505 1585 tota
1524 1531 1622 1586 con·

182 1612 463 1720 flantur.'Hi1c
493 1642 592 1722 aqua
623 1612 827 1721 rosarum,
861 1616 940 1698 hbe
968 1638 1202 1724 oxycratum
1231 1639 1280 1696 ex
1310 1633 1425 1697 aceto
1454 1612 1619 1700 rosaceo

182 1721 308 1807 multi
336 1722 504 1810 dilutum
533 1721 661 1835 aqui,
691 1729 771 1808 huc
801 1729 920 1810 etiam
934 1789 939 1802 .
954 1753 1055 1918 appa
1085 1721 1153 1808 illa
1180 1724 1545 1918 vegeto-mineralis
1577 1732 1620 1812 in

182 1834 318 1920 multis
343 1835 491 1922 casibus
516 1841 681 1920 nimium
708 1835 932 1943 celebrata,
960 1838 986 1920 sr
1016 1839 1027 1919 i
1049 1833 1133 1942 jura
1149 1839 1217 1922 vin
1245 1839 1362 1922 icant.

237 1952 295 2033 At
316 1947 385 2032 ubi
405 1953 581 2033 innotuit
599 1949 713 2034 causa
734 1977 783 2036 ex
803 1951 964 2034 internis
980 1949 1147 2032 oriunda
1160 1950 1264 2034 vitiis
1283 1977 1330 2034 ea
1346 1949 1620 2065 supprimenda

184 2087 252 2145 aut
281 2061 455 2175 fuganda
488 2063 551 2145 est.
585 2061 736 2146 Verum
765 2065 807 2145 in
839 2059 1051 2147 rebellibus
1088 2088 1206 2172 atque
1237 2058 1418 2176 malignis
1454 2091 1620 2173 quarum

183 2173 298 2258 causa
327 2203 411 2258 non
437 2173 538 2258 adei>
567 2173 766 2259 manifeste
795 2198 981 2289 apparet,
1011 2199 1072 2258 res
1103 2171 1200 2288 sape
1232 2171 1346 2257 altius
1374 2176 1619 2286 inquirenda.

182 2284 231 2368 In
257 2289 409 2402 pruritu
430 2290 590 2372 immani
609 2285 820 2398 aliquandi)
845 2313 1045 2394 venereo,
1065 2289 1156 2400 aegri
1177 2286 1462 2372 confessionem
1487 2290 1620 2374 rimari

182 2398 338 2483 necesse
353 2402 406 2483 est
414 2461 427 2507 ,
445 2403 625 2514 neganti,
641 2400 712 2483 suo
724 2398 926 2514 periculo,
940 2397 1211 2510 extorquenda
1222 2397 1291 2484 illa
1303 2402 1354 2482 est
1367 2427 1417 2484 ex
1431 2396 1618 2508 adjunsiis

184 2519 227 2595 dt
238 2511 615 2598 concomitantibus.
630 2515 872 2649 Arthriticag
902 2512 1055 2627 apulae,¹
1070 2535 1115 2604 ut
1132 2539 1182 2608 ex
1199 2510 1426 2704 erysipelate
1438 2541 1618 2626 comper-

182 2649 267 2706 tum
292 2619 368 2729 estss
401 2625 574 2710 divinare
599 2623 717 2710 facile
739 2630 814 2713 erit
826 2687 841 2731 ‚
865 2544 900 2708 si
921 2624 1016 2708 aaut
1039 2622 1108 2708 illa
1136 2652 1220 2735 qua
1249 2624 1299 2708 de
1327 2649 1437 2707 uerat
1459 2622 1615 2710 adesse:

182 2733 416 2820 scorbutum
446 2737 512 2821 sua
544 2737 715 2854 prodent
744 2741 861 2853 signa.
900 2737 982 2822 Sed
1010 2735 1105 2846 quid
1138 2734 1334 2850 agendum
1363 2740 1405 2819 in
1434 2733 1617 2820 violento

181 2855 227 2931 dt
251 2845 391 2933 rebelli
411 2848 541 2956 malo,
563 2851 631 2936 ubi
658 2852 772 2936 causa
789 2851 893 2964 sugit
913 2851 1153 2960 inquirentes
1177 2882 1186 2930 ε
1215 2847 1323 2933 certe

181 2985 355 3076 portuno
382 2965 465 3076 igni
490 2962 686 3048 medicina
713 2961 919 3083 querenda
943 2963 997 3056 est
1025 2987 1095 3076 per
1117 2876 1524 3156 muphlrggididililllla
1538 2877 1615 3046 liid-

183 3072 316 3158 media
329 3104 413 3184 quae
429 3073 594 3160 cuilibet
612 3077 913 3160 inflammationi
932 3099 1087 3191 ponunt
1105 3072 1255 3162 obices.
1323 3101 1403 3157 ena
1422 3071 1541 3159 sectio
1562 3076 1616 3162 ita

182 3189 354 3301 primbm
374 3194 416 3269 dt
436 3187 525 3272 ante
545 3192 681 3272 omnia
698 3187 774 3274 alia
795 3187 965 3302 presidia
987 3185 1240 3292 adhibeatur,
1268 3184 1315 3271 eb
1336 3184 1427 3298 lege
1446 3211 1496 3269 ne
1512 3189 1615 3270 vires

181 3298 362 3414 frangat,
388 3307 441 3383 δι’
455 3299 549 3384 dinn
571 3299 661 3384 vasa
679 3298 826 3406 majora
841 3298 1062 3405 subruunt,
1085 3325 1137 3384 ne
1157 3302 1310 3384 minora
1330 3296 1482 3412 spasmo
1498 3296 1615 3380 cons-

181 3415 294 3496 trista
322 3409 422 3496 intri
445 3415 655 3497 circuitum
676 3411 906 3530 papularum
933 3416 1137 3498 materiem
1162 3410 1353 3525 repellant
1373 3409 1616 3519 reddamque

183 3521 398 3610 visceribus
419 3524 658 3639 principibus
686 3526 901 3642 depositam
921 3527 961 3606 in
982 3527 1110 3610 minus
1135 3521 1356 3638 periculosa
1378 3520 1471 3606 loca
1493 3519 1614 3608 luem.

183 3634 321 3722 Postea
339 3638 434 3722 verb
453 3635 541 3722 sero
560 3636 668 3724 lastis
689 3639 857 3754 copioso
873 3635 1115 3751 proluendus
1132 3664 1232 3835 ager
1242 3696 1257 3740 ‚
1280 3633 1347 3720 vel
1368 3631 1616 3721 admovenda

181 3746 286 3834 levia
298 3749 464 3834 decocta
477 3777 526 3836 ex
535 3749 648 3864 pullo
658 3748 833 3836 &vitulo
844 3752 1028 3855 exnaua,
1039 3747 1145 3832 unde
1171 3775 1297 3832 eratur
1313 3749 1458 3830 humor
1471 3749 1617 3830 noxius

184 3861 232 3946 ad
258 3889 398 3966 renes,
427 3861 503 3970 qui
530 3889 688 3976 patente
713 3861 808 3956 vii,
837 3861 1125 3976 perspirationis
1153 3863 1294 3946 vitiata
1318 3856 1460 3943 delidia
1487 3861 1615 3942 minua
1670 3855 1678 3870 '

61 4027 66 4036 ·
179 3959 407 4060 sentiantur.
436 3973 544 4056 Tiun
559 3974 693 4060 sedato
716 3972 845 4083 aliqui
864 3977 1016 4058 ratione
1035 3972 1247 4058 erethismo
1263 3975 1388 4085 prima
1404 3969 1481 4053 eise
1496 3967 1615 4056 debet

180 4116 305 4193 cura,
327 4113 379 4169 ne
399 4083 577 4201 bvitiatis
598 4084 928 4171 concoEiionibus
945 4085 1097 4170 saburra
1113 4089 1264 4189 acrior,
1288 4107 1354 4166 aut
1373 4083 1492 4164 etiam
1511 4081 1616 4166 aces·

184 4183 279 4286 ceni
301 4203 344 4284 in
358 4198 626 4312 perspiratoria
641 4203 883 4284 emuraiioria
896 4198 1060 4303 feratur,
1083 4197 1262 4304 adebque
1275 4190 1490 4278 subluenda
1504 4191 1614 4280 alvus

182 4313 484 4426 eccoproticis,
520 4312 819 4420 catharticisque
855 4308 1099 4410 levioribus,
1137 4334 1188 4389 ne
1224 4308 1432 4418 stringente
1462 4304 1615 4420 spasmo

182 4451 329 4510 exorto
349 4423 603 4538 retropellant
626 4422 714 4506 vasa
742 4449 908 4506 cutauea
929 4437 1133 4530 acceptam
1154 4423 1356 4503 materiem
1375 4451 1388 4517 3
1416 4444 1490 4506 nec
1513 4422 1615 4506 inter

181 4535 575 4624 leviora.cathartica
610 4559 737 4618 metus
774 4535 818 4616 stt
843 4532 945 4646 apud
971 4529 1160 4642 quosdam
1188 4560 1238 4617 ex
1262 4526 1506 4644 praejudicati
1530 4559 1556 4614 o
1585 4536 1614 4616 i-

183 4654 307 4736 nione
331 4673 444 4732 natus
472 4647 562 4732 salia
585 4674 723 4735 neutra
744 4643 955 4751 exhibere,
990 4673 1074 4754 quae
1107 4649 1200 4728 clun
1225 4645 1273 4726 ad
1303 4646 1441 4726 intima
1463 4563 1614 4728 solubi-

183 4760 296 4846 litate
318 4758 436 4844 facile
457 4761 600 4875 poismt
621 4763 824 4876 pervenire
836 4820 851 4866 ‚
879 4761 1082 4844 materiem
1106 4757 1227 4871 ipsam
1248 4779 1435 4871 poterunt
1453 4780 1622 4842 tenuare-

178 4900 304 4988 atque
323 4872 541 4992 discerpere
554 4905 566 4974 3
581 4877 663 4960 imo
680 4873 1023 4962 icatharticorum
1038 4897 1204 4969 nupsero
1215 4867 1483 5063 perspirEationi
1497 4869 1613 4950 mini-

475 5012 476 5017 ‘
769 4997 775 5006 ”
1395 5005 1419 5064 e
