4186 5908
431 455 518 533 rra
882 409 992 516 un
1024 355 1258 514 :Mzox
1282 411 1425 506 lm

492 587 652 672 Inte'rna
677 601 797 782 erpo·
816 579 1054 699 etysrpelatie
1086 575 1200 692 liujus
1217 582 1348 670 causa
1379 571 1608 668 universalia
1637 577 1691 664 est
1703 640 1719 687 ,
1745 573 1879 666 sennn

433 728 558 807 acre,
588 697 699 810 quod
739 699 820 780 rin
844 723 978 782 cutem
1005 695 1256 808 quicumque
1281 696 1332 782 de
1359 692 1476 782 cauti
1502 694 1693 779 irritatam
1720 688 1881 807 glome*

438 840 575 919 tetur,
599 814 653 896 'fit
675 809 881 926 erysipelas
911 807 998 925 plur
1026 809 1204 900 minusue
1229 809 1462 896 diumrnum
1487 834 1561 923 pro
1590 803 1713 892 causa
1742 803 1877 921 copii.

434 929 582 1014 'Serum
603 923 703 1014 illud
725 949 816 1008 acre
837 951 1048 1034 nunquam
1062 926 1187 1038 magio
1209 925 1379 1029 enuuet,
1412 919 1530 1033 quim
1553 916 1625 1006 ubi
1649 921 1801 1004 incerta
1827 921 1882 1004 est

440 1038 702 1157 perspicatio,
739 1051 815 1120 nec
847 1035 915 1122 illa
946 1041 1072 1150 megia
1104 1040 1287 1144 incerta,-
1318 1033 1436 1148 quim
1472 1038 1566 1120 ciun
1597 1030 1880 1119 alimentorum

440 1153 658 1244 concoctio
685 1177 734 1233 ex
760 1147 915 1236 acribus
941 1153 1121 1236 constane
1149 1147 1378 1268 particulis,
1403 1174 1546 1264 peccat
1568 1173 1702 1232 tamea
1724 1143 1878 1234 inertii.

437 1265 556 1354 Unde
578 1259 805 1380 erysrpelata
824 1261 994 1348 maxime
1014 1265 1236 1378 epidemica
1250 1266 1298 1350 iis
1319 1259 1651 1350 suntnationibur
1668 1289 1753 1370 quae
1770 1262 1879 1345 uiiiu

440 1381 523 1466 acri
535 1375 714 1464 ineosiili
731 1401 915 1484 utuntur,
938 1381 1086 1492 corpis,
1107 1375 1229 1484 alliis,
1245 1376 1491 1493 pisciumque
1507 1378 1625 1460 variis
1639 1369 1878 1488 generibus,

440 1517 605 1580 notante
629 1489 735 1623 apud
761 1487 883 1577 Indos
912 1488 1061 1576 Bomio
1073 1551 1087 1597 ,
1109 1490 1220 1606 ¹apud
1246 1493 1462 1606 AEgyptios
1481 1487 1677 1605 Prospero
1702 1483 1878 1600 Alpino,

439 1607 469 1692 sr
499 1603 709 1744 praeferunt
723 1611 977 1738 externum
1000 1601 1271 1738 ‘accidentales
1295 1601 1532 1718 erysrpelatis
1558 1603 1692 1688 carusaess
1707 1627 1882 1686 conctu-

441 1715 1510 1946 tengritrillaaeqiaevlilseriidailgiiirisiriepriiipiraqfftiliffi?
1520 1853 1588 1915 aut
1607 1830 1649 1912 in
1664 1791 1756 1918 uasa
1777 1829 1881 1914 cutia

442 1941 661 2058 eryfipelati
693 1942 921 2030 inducendo
963 1943 1210 2032 conducunt.
1252 1947 1313 2035 Ita
1343 1947 1534 2055 equitatio
1569 1941 1683 2026 fortis
1716 1939 1881 2028 adverso

442 2081 566 2144 uento
587 2055 763 2170 frigido,
788 2087 871 2167 quae
892 2059 1017 2142 cutim
1040 2056 1154 2142 srmul
1177 2061 1297 2144 srecat
1320 2065 1361 2142 ot
1380 2055 1579 2173 obstipat,
1593 2084 1678 2166 quar
1704 2058 1882 2171 cogit&

442 2166 636 2281 coagulat
668 2169 873 2255 affluentes
907 2173 1127 2276 humores,
1164 2175 1246 2256 acri
1278 2199 1349 2287 per
1383 2196 1517 2255 cutem
1552 2173 1714 2254 exeunti
1751 2197 1881 2254 morat

446 2278 587 2389 injicit.
620 2277 687 2366 Fit
712 2286 818 2366 enim
839 2284 1068 2370 erethismus
1096 2291 1138 2369 oc
1163 2283 1381 2402 erysipelas.
1416 2280 1571 2368 Contri
1595 2279 1689 2368 solis
1717 2286 1883 2367 nimium

446 2393 665 2479 irradiantin
692 2398 943 2482 vehementia
965 2401 1006 2481 in
1028 2421 1178 2514 partem
1198 2397 1368 2509 aliquam
1392 2399 1510 2482 fixior
1529 2399 1632 2480 hanc
1652 2394 1881 2513 erysipelate

442 2509 601 2620 tingit3
634 2536 711 2593 nec
738 2513 883 2594 r'nirum
895 2573 909 2618 ,
939 2514 1034 2595 eirrn
1059 2509 1181 2596 srccet
1208 2539 1421 2626 potenter,
1455 2506 1810 2620 liquidioribusque
1842 2513 1885 2594 in

443 2647 636 2818 vapore?
653 2623 992 2822 ³⁶lss’dlefidlfflnf,
1006 2653 1097 2758 acre
1115 2622 1322 2824 ressiplquae
1344 2626 1415 2710 Sic
1435 2624 1517 2710 vidi
1530 2619 1884 2822 ptimmfrpobulium

445 2763 594 2938 sill
621 2766 768 2934 ,iot
793 2763 1652 2966 illaluniniiyipuiiuloiiiimi}
1683 2763 1882 2932 sill:

447 2877 621 3048 maximi
646 2963 919 3048 incommodo.
960 2968 1096 3050 ruritu.
1124 2967 1303 3071 Vinum,
1324 2964 1498 3076 liquores
1522 2963 1714 3078 spirimosr
1734 2964 1884 3046 immo·

445 3069 541 3174 dice
560 3071 703 3187 sumpti
721 3074 790 3158 sub
810 3091 899 3162 aere
918 2995 1072 3162 liwido
1092 3077 1199 3163 idem
1221 3079 1299 3163 effe
1450 3140 1464 3185 ,
1486 3105 1561 3161 nec
1581 3074 1750 3160 multirm
1767 3075 1882 3160 diffe-

447 3209 541 3272 runt
560 3185 639 3268 srve
664 3185 1011 3303 symptomaribus‚
1037 3193 1116 3276 five
1141 3193 1263 3276 causta
1290 3190 1388 3276 binae
1438 3186 1685 3304 rysrpelatum
1703 3188 1880 3304 species,

447 3326 558 3382 nunc
576 3299 876 3414 distinguendae,
902 3333 997 3414 quas
1018 3303 1180 3388 seorsim
1204 3333 1480 3421 exponemus,
1509 3330 1593 3387 non
1621 3301 1885 3418 symptomata

446 3441 536 3536 quae
554 3410 694 3497 eadem
719 3413 758 3499 se
827 3444 870 3501 er
889 3415 1001 3523 sunt,
1025 3417 1093 3502 sed
1118 3419 1250 3502 causae
1275 3417 1389 3504 altiirs
1415 3419 1556 3502 rimati.

449 3601 453 3608 .
507 3523 678 3640 Propior
702 3524 760 3611 illi
809 3557 831 3614 e
855 3559 937 3639 quo
964 3530 1090 3614 modo
1112 3529 1374 3642 loquebamur
1395 3528 1611 3648 erysipelati
1628 3557 1676 3614 aa
1692 3530 1749 3612 est
1769 3525 1884 3636 lrujm

448 3633 546 3731 mali
564 3637 739 3754 species,
759 3671 844 3752 quae
860 3673 942 3727 non
956 3647 998 3726 in
1017 3674 1100 3728 uno
1120 3643 1218 3728 loco
1240 3645 1318 3727 fixa
1333 3674 1438 3728 nunc
1459 3645 1599 3760 serpit,
1624 3651 1666 3728 or
1690 3642 1884 3756 serpendo

448 3753 663 3866 pervicina
681 3761 754 3868 pro
834 3782 941 3864 atur,
959 3787 1066 3843 nunc
1083 3756 1132 3841 ab
1147 3755 1409 3841 aliiinalianu
1452 3756 1730 3860 mentiemur,
1750 3755 1883 3870 spreto

444 3867 605 4062 illliiiiif
629 3860 724 4064 ᾖξε..
754 3785 876 3954 liin
901 3868 1060 4064 qulalem
1083 3871 1219 4006 vidisse
1235 3874 1409 4068 {migit
1423 3789 1550 4006 liceat
1568 3866 1802 4066 descrilpertp.
1834 3869 1884 3952 Iu

563 4007 636 4064 ta¹
677 4007 921 4068 mtatecum
964 4011 1029 4068 evr
1088 4014 1165 4068 run
1282 4013 1488 4068 vuturnc
1533 4011 1698 4068 rma
1796 4011 1882 4066 ora·

364 4132 367 4140 »
448 4115 542 4173 cem
561 4090 777 4180 &brachia
793 4095 929 4182 sensrtn
949 4011 1262 4212 proselpttfiec
1282 4095 1428 4203 dorso,
1450 4010 1616 4202 luiiilueiu,
1630 4046 1879 4202 lemuribus,

451 4227 499 4284 ac
521 4203 697 4292 cruribus
747 4213 868 4318 arcit,
893 4213 995 4324 ignis
1019 4229 1132 4294 more
1155 4208 1236 4294 sese
1261 4204 1560 4325 propagansita
1580 4235 1626 4292 ut
1646 4207 1695 4292 ab
1712 4205 1792 4291 uni
1816 4207 1883 4292 dit

448 4311 684 4446 adulteram
704 4239 817 4408 iodea
840 4353 963 4408 novas
976 4383 990 4431 ,
1016 4319 1166 4408 deserti
1190 4325 1311 4440 priori
1332 4320 1464 4407 vicini
1477 4387 1490 4430 ‚
1512 4347 1698 4438 occrrpet.
1729 4321 1886 4407 Adsunt

449 4423 548 4522 tadu
571 4431 667 4540 erysr
695 4433 830 4520 elatosr
848 4441 918 4548 qui
939 4442 1013 4522 iter
1035 4467 1134 4521 mox
1160 4433 1459 4524 describendum
1481 4431 1693 4520 declarant.
1722 4433 1881 4520 Malunt

449 4563 535 4620 non
564 4541 606 4621 in
682 4545 772 4630 dem
809 4575 917 4664 parte
948 4551 1015 4635 diu
1045 4549 1206 4659 stabile,
1239 4549 1307 4636 diu
1337 4577 1469 4634 tamen
1498 4573 1648 4654 uexat,
1678 4549 1882 4660 antiquam

447 4647 662 4762 aliquandi)
689 4687 870 4772 repetens
903 4665 1110 4777 originem.
1150 4665 1342 4750 immunis
1373 4661 1462 4746 anti
1491 4659 1585 4746 alias
1614 4661 1662 4745 fit
1689 4689 1780 4776 pars
1812 4661 1882 4746 illa

448 4791 535 4874 qua
558 4768 682 4876 prima
705 4767 836 4856 labem
862 4774 1093 4890 susceperat.
1125 4777 1219 4864 Nec
1238 4780 1452 4864 vehemens
1476 4777 1555 4881 est,
1575 4774 1747 4859 sednon
1771 4803 1885 4862 caret

445 4877 741 5023 tetropulfionis
768 4884 983 5001 periculo,
1014 4889 1123 5002 quod
1159 4898 1202 4975 δι
1234 4890 1340 4976 tuffis
1367 4897 1409 4976 ir
1428 4891 1612 4982 anxient
1630 4889 1683 4974 in
1713 4887 1880 4974 satritete
