4228 5898
513 411 600 468 -ιιι
792 381 899 472 DE'
941 378 1244 472 MORBIS'
1284 379 1695 476 cuTANEIs.

518 547 605 634 turb
635 547 818 634 ‘adhibitis
855 544 1115 666 aperientibus
1150 545 1310 634 mollius
1345 551 1498 658 evasit,
1540 548 1800 638 emicantibus
1831 547 1946 639 simul

518 659 758 776 herpetibus.
790 662 918 773 Quod
946 689 1005 742 ars
1037 662 1104 744 hle
1137 661 1324 746 effecerat
1356 667 1584 778 praepostera
1615 663 1712 780 sapi
1741 663 1947 751 novercali

518 771 792 862 blandimento
822 772 956 859 effecit
977 797 1136 880 natura,
1161 773 1273 885 quod
1293 802 1432 858 verum
1457 773 1649 884 judicabis
1668 773 1737 862 ubi
1760 776 1945 864 adhibitis

386 939 390 945 -
518 886 780 1002 aperientibus
811 889 991 1000 herpttes
1017 889 1085 996 qui
1111 883 1230 970 anteit·
1246 885 1450 973 adfirerant
1477 887 1597 976 taciti
1625 890 1783 1004 regreffi
1815 889 1949 976 rursus

519 1003 719 1108 emicant,
754 998 864 1111 quod
892 1027 976 1080 non
999 1028 1083 1082 uno
1107 997 1190 1082 vidi
1217 997 1418 1112 exemplo.

507 1183 513 1188 .
573 1111 666 1198 Alia
698 1117 750 1198 est
782 1115 824 1196 in
855 1112 1056 1197 chronicis
1091 1111 1329 1226 reperculsro
1357 1109 1498 1217 lenta,
1539 1116 1633 1198 cbm
1673 1111 1826 1200 scilicet
1858 1141 1944 1224 que

505 1224 689 1329 multitu
708 1223 858 1311 foedata
879 1251 962 1309 erat
985 1227 1086 1309 cutis
1096 1286 1111 1331 ,
1142 1223 1280 1308 seusun
1304 1250 1463 1341 apparet
1492 1225 1686 1332 nitidior,
1714 1256 1789 1312 nec
1809 1253 1946 1311 tamen

548 1337 702 1422 raclars
733 1367 827 1422 cum
856 1337 1017 1422 sanitate
1040 1340 1201 1452 agitur3
1234 1338 1318 1420 imb
1344 1363 1509 1452 augetur
1536 1339 1702 1422 interior
1734 1344 1945 1444 anxietas,
1976 1365 1981 1376 ·

517 1370 832 1562 secretioresque
866 1447 1095 1556 naturales,
1126 1475 1194 1534 aut
1217 1449 1360 1538 tardibs
1393 1453 1530 1555 fiunt,
1567 1477 1633 1534 aut
1664 1451 1808 1542 vitiosi
1834 1479 1950 1538 exer-

505 1589 669 1660 centur.
690 1563 788 1648 Hac
809 1562 1104 1650 debilitatorum
1125 1589 1242 1672 atque
1260 1563 1504 1648 infirmorum
1524 1563 1760 1677 repercussio
1781 1567 1857 1670 esi,
1878 1589 1950 1648 aut

517 1676 664 1790 pendet
683 1674 705 1758 ὲ
732 1677 1115 1764 medicamentorum
1129 1678 1284 1762 afflone
1301 1674 1527 1789 praeposteri
1542 1673 1732 1760 debilium
1748 1674 1913 1762 illorum
1927 1739 1948 1784 ,

517 1817 593 1874 nec
621 1792 661 1874 vi
690 1788 850 1904 styptici
886 1783 1029 1876 eximii
1057 1788 1320 1904 praeditorum.
1348 1788 1499 1874 Sensim
1526 1786 1656 1902 gliscit
1684 1787 1734 1870 ad
1756 1791 1950 1874 interiora

517 1899 667 1986 malum
692 1904 744 1986 cb
764 1902 1020 1990 metuendum
1039 1905 1193 2016 magis,
1224 1902 1305 2010 φιὸ
1333 1903 1458 2015 prima
1485 1897 1566 2008 ejus
1593 1897 1687 1982 mali
1707 1901 1947 2014 repercussio

517 2012 703 2106 insensilia
730 2018 812 2122 est,
840 2043 916 2100 nec
945 2013 1104 2100 obviam
1129 2016 1175 2098 fit
1199 2011 1514 2114 sciscitantibus;
1543 2041 1626 2094 non
1653 2014 1759 2095 enim
1786 2042 1949 2129 apparet

517 2124 656 2233 labes,
675 2129 743 2212 nist
765 2133 858 2212 curn
880 2126 1040 2214 altiores
1065 2129 1149 2240 egit
1167 2126 1330 2216 radices.
1351 2125 1548 2238 Sospitati
1568 2151 1701 2220 tamen
1721 2152 1804 2216 rem
1824 2131 1877 2212 ita
1902 2129 1946 2215 se

517 2238 663 2327 babere
677 2240 734 2326 sas
750 2245 828 2348 est,
852 2243 879 2328 st
902 2239 1009 2326 malo
1033 2243 1134 2325 cutis
1145 2301 1160 2347 ,
1189 2265 1255 2328 aut
1281 2237 1449 2346 eodem,
1471 2265 1538 2326 aut
1564 2241 1682 2328 ctiam
1703 2239 1945 2348 imminuto,

507 2356 704 2449 ,interiora
727 2353 947 2444 increscant
968 2354 1261 2468 symptomata,
1288 2353 1315 2438 st
1338 2349 1583 2466 superveniat
1609 2350 1819 2444 suffocatio
1857 2381 1943 2464 que

506 2469 631 2560 ¹antei
663 2495 745 2552 non
772 2465 987 2574 existebat,
1026 2467 1055 2550 st
1099 2466 1204 2554 tussis
1226 2529 1240 2572 ,
1279 2466 1308 2554 st
1337 2466 1576 2578 vertigines,
1597 2489 1674 2549 aut·
1695 2462 1856 2550 dolores
1888 2465 1941 2554 ad

517 2576 706 2666 articulos
736 2580 817 2670 sese
845 2585 887 2666 in
920 2606 1097 2695 apertum
1123 2578 1328 2696 prodeant.

573 2693 681 2782 Cum
695 2697 801 2779 enim
815 2691 1089 2782 observatione
1108 2695 1299 2782 constanti
1313 2689 1615 2797 demonstretur,
1628 2691 1737 2802 quod
1749 2689 1942 2812 perleges

515 2808 693 2924 physicas
732 2806 862 2896 tobati
877 2805 1004 2920 pollet
1020 2802 1283 2921 impoffibile,
1299 2801 1463 2896 difficile
1478 2803 1554 2890 elle
1565 2832 1614 2894 ,ut
1627 2807 1745 2898 stante
1757 2807 1940 2922 vigente·

517 2947 595 3028 que
610 2839 754 3004 morso
770 2922 872 3004 cotis
889 2918 1164 3033 depuratorio,
1177 2915 1262 3006 alia
1279 2915 1393 3006 causa
1409 2915 1529 3002 alium
1545 2917 1715 3004 accersat
1727 2914 1942 3027 morbum,

517 3027 678 3115 evidens
693 3032 746 3116 est
766 3034 808 3114 in
823 3033 904 3114 hoc
919 3029 1008 3113 casu
1026 3061 1110 3141 quae
1125 3023 1385 3144 symptomata
1396 3032 1570 3118 emicant
1588 3027 1610 3117 ὲ
1632 3027 1748 3114 causi
1768 3032 1942 3146 pendere

516 3165 614 3228 tunt
629 3141 829 3232 evidenter
840 3144 1046 3249 existente,
1058 3173 1280 3254 quanquam
1297 3141 1348 3232 ad
1362 3139 1505 3230 oculos
1515 3145 1633 3230 etiam
1646 3169 1816 3234 attentos
1827 3174 1945 3262 appa·

517 3282 600 3340 reat
612 3252 841 3344 immobilis.
858 3255 995 3368 Quem
1010 3255 1141 3344 tasum
1161 3259 1203 3344 in
1223 3253 1373 3344 morbis
1394 3259 1568 3342 tutantis
1587 3256 1843 3370 deputatotiis
1857 3288 1944 3346 non

516 3367 619 3452 adei>
639 3397 767 3452 rarum
778 3430 793 3476 ,
814 3373 855 3454 in
880 3365 1090 3454 infantibus
1111 3368 1461 3481 frequentissimum
1478 3369 1633 3458 Medici
1652 3366 1777 3484 vulga
1794 3399 1941 3488 oppor-

508 3477 611 3568 tuni
638 3483 907 3570 cantharidum
938 3480 1202 3604 applicatione
1228 3507 1461 3598 praevernrnt
1471 3545 1487 3589 ,
1511 3508 1577 3574 aut
1599 3479 1757 3576 alterius
1779 3481 1944 3590 hujusce

371 3653 379 3664 -
516 3597 670 3708 generis
700 3595 990 3684 medicamenti.
1018 3595 1118 3680 Hac
1151 3595 1258 3686 lenta
1294 3595 1529 3710 repercussio
1564 3598 1653 3684 rarb
1685 3595 1942 3689 erethismum

518 3733 706 3793 nerveum
730 3737 804 3822 pro
833 3707 950 3794 causi
974 3710 1186 3829 agnoscit,
1217 3709 1286 3794 nist
1314 3712 1383 3822 qui
1406 3704 1429 3796 ὲ
1457 3705 1572 3800 lentis
1604 3707 1793 3825 penderet
1818 3713 1942 3799 animi

514 3817 750 3927 affectibus,
780 3848 824 3909 ut
849 3851 1050 3928 moerore,
1084 3819 1255 3929 tristitii,
1279 3829 1361 3908 &a

573 3931 684 4048 Saeps
714 3933 926 4022 acciditur
976 3938 1018 4023 ui
1042 3933 1204 4022 morbus
1232 3937 1337 4046 quast
1374 3936 1628 4052 deputaturus
1652 3937 1839 4022 humores
1870 3965 1940 4022 an-

519 4045 797 4153 nuntiabatur,
817 3963 1082 4162 multiplicato
1103 4075 1222 4134 conta
1252 4051 1292 4135 io
1317 4049 1456 4134 contri
1481 4049 1586 4164 ipsos
1610 4051 1785 4152 inficiat3
1812 4052 1867 4136 ita
1890 4077 1939 4138 ut

516 4187 642 4243 novus
670 4157 813 4244 morbo
843 4187 1013 4248 cutanto
1043 4159 1172 4246 fomes
1203 4079 1250 4246 ab
1285 4159 1368 4276 ipsa
1397 4159 1648 4277 absorptione
1673 4165 1815 4250 veneni
1841 4189 1940 4276 pena

515 4269 605 4354 dtat
627 4277 668 4350 &
694 4269 969 4384 suppeditetur.
993 4271 1113 4361 Tales
1139 4273 1226 4364 sunt
1248 4271 1555 4387 elephantiaseos
1606 4275 1744 4364 esstote
1773 4275 1796 4358 s
1816 4279 1939 4366 ecies.

514 4379 735 4494 Depuratio
766 4385 930 4491 definit,
954 4416 1028 4475 nec
1053 4415 1185 4475 tamen
1213 4385 1331 4478 cessat
1351 4385 1526 4473 morbus.
1547 4307 1646 4474 lsoc
1666 4390 1708 4476 in
1729 4418 1752 4472 c
1793 4421 1820 4472 u
1838 4387 1940 4474 nibil

513 4498 539 4576 a
568 4518 701 4576 natura
726 4491 957 4608 sperandum
986 4501 1187 4614 superest,
1223 4528 1307 4611 quc
1332 4500 1372 4586 se
1401 4499 1523 4616 ipsam
1553 4497 1620 4584 sui
1650 4499 1847 4588 consumit
1872 4531 1938 4586 at·

514 4605 723 4710 mofitate,
753 4605 901 4693 viscera
920 4607 1136 4721 pessumdat
1160 4623 1201 4698 bt
1230 4610 1361 4697 tabem
1384 4615 1548 4698 inducit.
1573 4613 1674 4704 Non
1703 4615 1786 4702 het
1809 4641 1939 4728 repen

514 4715 639 4806 culsto
665 4715 831 4802 dicenda
861 4722 935 4806 erit
948 4780 963 4825 ,
993 4720 1059 4806 scd
1091 4724 1221 4810 morbi
1253 4727 1368 4837 ipsius
1403 4721 1621 4842 pejoratio,
1654 4755 1773 4836 quam
1802 4753 1940 4818 tamen

510 4827 652 4923 lavel-is
666 4853 840 4928 avertere
849 4892 865 4944 ,
882 4859 966 4928 arte
984 4831 1186 4928 molienda
1204 4843 1278 4930 erit
1292 4837 1500 4930 artificiosa
1519 4837 1568 4930 ad
1588 4838 1949 5048 cuttmapitvulfip5
