1060 1475
230 102 248 133 ar
267 141 270 145 ⁸
419 107 444 133 P
461 107 486 134 R
501 107 540 134 AE
558 107 584 133 F
593 107 624 134 A
646 107 671 134 T
684 107 704 134 I
723 108 755 135 Ο.

231 149 314 185 longos
328 148 427 179 labores,
439 147 601 183 indefeffasque
617 149 705 185 vigilias
715 168 723 181 ,
742 146 864 175 dostorur'n
877 150 949 176 homi-

226 192 288 216 'num
310 189 420 215 consensu
442 188 594 214 intellexerint
603 208 612 220 ,
634 189 656 215 se
678 192 813 224 propinquis
822 209 831 221 ‚
852 193 929 225 patriae
938 209 955 222 ,x

228 232 296 256 'omni
314 230 414 263 denique
434 227 536 253 societati
553 227 672 254 hominurn
692 229 778 264 aliquid
795 230 946 256 emolumenti

226 269 327 296 'attulisse
336 288 344 301 ‚
356 269 418 295 unde
436 276 474 293 aut
490 267 569 294 vixiss‘e
583 277 632 293 non
645 269 730 302 pudeat
739 287 747 299 ,
764 278 802 295 aut
819 272 878 300 mori
896 280 945 296 non

230 314 354 337 metuatur.'
368 311 447 334 Liceat
463 308 519 343 ergo
534 310 593 333 inter
610 308 683 333 sacros
698 310 747 334 veri
763 308 851 341 fontes,
867 318 946 335 tecum

230 350 358 386 firgientern
369 349 433 384 vulgi
447 347 528 373 oculos
541 356 643 373 naturam
654 350 765 383 arripere,
780 349 872 384 ejusque
886 350 946 376 sacra

229 391 294 417 ferre.
307 390 379 423 Quod
390 390 405 414 fi
414 388 591 424 qualescumque
600 388 628 413 ad
636 390 755 415 veritatem
764 391 945 424 promovendam

229 440 324 457 conatus
342 431 443 456 exerenti
463 438 514 454 tuus
533 429 607 455 faveat
628 438 691 454 amor
707 438 715 460 ;
730 430 745 454 fi
758 431 890 464 incorrupta
906 430 945 456 illa

229 473 255 498 &
269 473 282 497 5
293 472 371 506 primis
383 473 481 503 juventae
493 468 594 495 florentis
603 471 665 494 annis
674 477 752 501 enata,
763 469 841 504 posteri
852 471 909 496 vero
918 472 944 496 &

228 513 356 537 animorum
366 509 490 535 concordia
496 510 522 535 &
529 509 653 536 studiorum
662 512 756 545 paritate
765 509 826 542 fota,
835 513 944 543 enutrita,

228 550 377 586 comprobata
393 560 444 586 quae
456 560 498 576 nos
512 551 633 576 intercedit
648 552 763 582 amicitia,
777 551 834 576 'sinat
851 553 943 576 immor—

220 592 308 617 'talibus
320 591 363 617 inis
372 611 380 623 ‚
397 601 448 626 quae
461 600 499 617 tua
513 600 617 626 tempora
630 599 756 623 exornant,
769 593 860 617 coronis
875 593 943 617 amici

227 634 261 657 tui
278 641 364 657 nomen
382 632 491 663 inscribi,
506 631 568 657 nulla
586 634 629 658 erit
645 634 702 659 ratio
718 642 759 658 cur
769 632 816 658 aliis
827 632 942 658 invideam

227 673 306 708 gloriae
319 672 399 698 fastum
416 673 576 698 onerofiorem.
