4250 5898
504 387 590 484 392¹
780 281 788 286 ·
959 359 1070 456 DE
1125 355 1490 458 MORBIS

565 529 672 617 Clam
692 523 840 618 novam
863 534 1091 649 portionem
1116 535 1348 641 extraxeris,
1373 529 1552 649 proderit
1574 523 1772 640 antiquam
1797 521 1841 608 ὃ(
1863 513 1940 634 J'am'

506 645 689 730 eduslam
717 646 913 749 resecare,
940 672 989 728 ne
1015 643 1219 729 volumine
1245 647 1317 730 suo
1344 671 1517 746 noceat;
1545 644 1689 727 sufficit
1708 637 1940 752 particulam

509 759 669 842 retineri
688 755 716 837 li
746 755 818 839 ulae
842 755 1185 840 circumvolutam.
1205 757 1354 842 Verme
1368 761 1466 842 verb
1481 758 1635 868 penitus
1652 754 1808 866 cgesto,
1831 747 1941 833 ulcus

509 873 652 980 quovis
674 788 744 952 vel
763 867 1044 982 simplicissimo
1071 869 1248 953 remedio
1272 867 1462 953 facillime
1483 871 1646 952 sanatur.
1672 861 1830 978 Vulgus
1855 891 1940 978 pau-

508 1009 580 1098 per
609 977 692 1062 soll
724 1007 910 1094 ceparum
932 979 1002 1064 sub
1028 979 1224 1066 cineribus
1254 986 1439 1066 tollarum
1469 983 1713 1094 appositione
1739 1005 1873 1060 totum
1901 979 1940 1058 bt

508 1095 729 1178 eductionis
738 1155 753 1198 ,
772 1101 814 1176 δι
827 1095 1117 1200 mactationis,
1134 1097 1386 1179 &cicatricis
1406 1096 1611 1208 negotium
1628 1093 1812 1206 perficit;
1835 1087 1940 1198 quod

508 1205 731 1289 remedium
766 1202 1028 1320 jampridem
1061 1207 1411 1292 commendaverat
1445 1209 1596 1290 Aetius.
1641 1206 1741 1288 Hac
1781 1202 1940 1312 quidem

509 1317 754 1431 Kempfaerus
768 1379 783 1423 ,
811 1321 878 1428 qui
907 1322 1102 1403 curationi
1137 1317 1197 1404 illi
1233 1324 1376 1436 topicae
1403 1319 1539 1424 addit,
1573 1319 1654 1402 duo
1681 1317 1759 1402 esse
1790 1321 1830 1396 in
1868 1311 1944 1396 hic

510 1434 718 1514 curatione
732 1431 978 1538 annotanda,
995 1431 1164 1544 primum
1182 1433 1342 1542 quidem
1362 1433 1470 1543 quod
1491 1438 1582 1516 clam
1603 1425 1838 1544 corporibus
1859 1428 1941 1536 qul·

509 1541 585 1626 bus
606 1541 768 1627 morbus
794 1545 860 1625 hic
885 1541 1026 1627 incidit
1047 1545 1307 1655 cacochymia
1327 1543 1407 1650 jam
1429 1543 1451 1627 l
1474 1541 1602 1656 longo
1625 1569 1807 1657 tempore
1832 1541 1940 1644 inlit,

510 1654 588 1739 esse
605 1652 672 1738 illa
690 1653 799 1738 diaetai
817 1653 985 1768 regulari
1006 1680 1124 1766 atque
1143 1655 1446 1790 temperantibus
1466 1657 1709 1773 praeparanda
1732 1685 1745 1755 3
1767 1653 1941 1740 secundo

496 1771 606 1876 'verb
630 1770 672 1850 in
696 1765 801 1852 locis
828 1768 964 1853 calidis
987 1767 1066 1854 illis
1092 1769 1170 1853 elle
1194 1769 1432 1885 pinguibus,
1460 1799 1545 1880 quae
1571 1769 1824 1852 raucedinem
1846 1794 1940 1848 con·

510 1882 689 1995 ciperem
702 1941 716 1985 ,
751 1887 793 1966 &
821 1873 1055 1965 inducerent
1082 1882 1363 1997 putredinem,
1400 1879 1637 1996 preferenda
1668 1907 1756 1963 cata
1784 1877 1938 1963 lasmata

509 1989 722 2097 molliora,
754 1991 804 2078 ad
832 1993 1078 2078 educendam
1102 1998 1334 2103 materiem,
1366 2000 1451 2080 tlrm
1479 1995 1645 2088 sicciora
1665 1911 1869 2108 emplastra
1894 1988 1938 2074 ad

510 2130 736 2220 apparatum
760 2108 802 2198 in
826 2105 898 2189 satu
913 2106 1246 2206 conservandum.

571 2215 684 2326 Quid
704 2211 783 2321 jam
805 2219 871 2300 hlc
888 2219 1075 2303 addamus
1100 2220 1149 2302 de
1169 2217 1255 2304 aliis
1277 2217 1476 2303 vermibus
1504 2219 1779 2306 intercutaneis
1794 2213 1938 2328 quusi

507 2325 761 2413 'dracunculis
777 2328 951 2415 diversos
965 2331 1205 2447 descripsere
1219 2328 1482 2438 Alsahararius
1498 2339 1539 2416 bt
1560 2330 1762 2416 Albucasrs
1774 2337 1824 2434 (a)
1838 2357 1940 2441 quos

510 2440 672 2553 quidem
686 2470 770 2524 non
785 2445 838 2523 ita
852 2443 1035 2556 pinxere,
1056 2472 1131 2528 nec
1146 2443 1367 2559 expressere
1382 2445 1707 2558 symptomatibus
1722 2469 1765 2528 ut
1780 2441 1939 2585 apnoscl

510 2553 681 2670 poffintl
700 2550 792 2637 Hos
811 2555 921 2639 aiunt
942 2555 1011 2640 sub
1036 2583 1129 2641 cute
1151 2554 1351 2641 ambulare
1373 2563 1414 2639 8(
1437 2555 1572 2640 sensrm
1593 2553 1661 2642 illl
1681 2553 1831 2638 sublata
1853 2583 1938 2669 pro-

508 2664 643 2778 gredi,
671 2662 861 2778 talparum
878 2697 1014 2775 more,
1043 2668 1174 2782 donec
1196 2699 1319 2752 unum
1338 2673 1439 2753 cutis
1458 2667 1596 2755 locum
1614 2669 1843 2784 perforent:
1886 2665 1937 2749 as

510 2779 661 2861 sionem
693 2775 890 2890 appellant
923 2780 1123 2866 bovinam.
1161 2781 1302 2866 Simile
1333 2782 1428 2892 quid
1460 2782 1559 2865 olim
1590 2783 1759 2866 viderim
1794 2699 1935 2866 sublata

509 2887 594 2974 soll
610 2888 852 3004 epidermide
872 2901 914 2976 ὅ(
932 2894 1037 2978 notis
1052 2892 1177 2978 rubris
1194 2899 1235 2978 in
1252 2921 1345 2980 cute
1364 2897 1491 2978 traslis
1507 2921 1623 3006 atque
1644 2891 1787 2977 tabulae
1805 2892 1854 2977 ad
1867 2891 1937 2976 ins

509 3027 570 3086 tar
597 3005 871 3117 geographicae
901 3003 1102 3120 descriptis
1129 3003 1206 3111 jam
1236 3005 1416 3120 protuli,
1445 3006 1513 3091 sed
1533 3012 1636 3090 'clam
1662 3003 1772 3089 nulla
1798 3003 1863 3090 vel
1889 3005 1936 3091 de

510 3113 755 3198 animalculis
773 3112 954 3201 Arabicis
975 3117 1076 3226 illis,
1097 3117 1164 3202 vel
1184 3119 1233 3204 de
1245 3123 1452 3204 curatione
1464 3119 1713 3210 innotescant
1723 3181 1737 3230 ,
1755 3115 1870 3214 satius
1887 3121 1935 3210 est

512 3225 579 3308 hlc
603 3223 804 3313 laboribus
827 3229 949 3317 finem
972 3233 1189 3344 imponere.

546 3415 607 3496 (a)
625 3415 669 3483 V.
687 3414 785 3484 franc.
800 3418 891 3486 llbedi
910 3423 989 3485 trad.
1007 3407 1041 3482 d'e
1057 3423 1207 3486 uirentibus
1220 3426 1250 3485 lu
1268 3426 1427 3494 virentibus.

795 3631 905 3725 Finis
932 3635 1118 3728 sedunis
1136 3643 1274 3760 prime
1304 3641 1437 3738 Partis
1450 3639 1642 3753 strundoe0
