<?xml version="1.0" encoding="UTF-8"?>
<!DOCTYPE html PUBLIC "-//W3C//DTD XHTML 1.0 Transitional//EN"
    "http://www.w3.org/TR/xhtml1/DTD/xhtml1-transitional.dtd">
<html xmlns="http://www.w3.org/1999/xhtml" xml:lang="en" lang="en">
 <head>
  <title>
</title>
<meta http-equiv="Content-Type" content="text/html;charset=utf-8" />
  <meta name='ocr-system' content='tesseract 3.04.00' />
  <meta name='ocr-capabilities' content='ocr_page ocr_carea ocr_par ocr_line ocrx_word'/>
</head>
<body>
  <div class='ocr_page' id='page_1' title='image "./tractatusdemorb00cavegoog_0146.png"; bbox 0 0 4228 5898; ppageno 0'>
   <div class='ocr_carea' id='block_1_1' title="bbox 80 2441 1264 2552">
    <p class='ocr_par' dir='ltr' id='par_1_1' title="bbox 80 2441 1264 2552">
     <span class='ocr_line' id='line_1_1' title="bbox 80 2441 1264 2552; baseline 0.004 -32"><span class='ocrx_word' id='word_1_1' title='bbox 80 2537 85 2543; x_wconf 35' lang='grc'><strong>,</strong></span> <span class='ocrx_word' id='word_1_2' title='bbox 201 2441 297 2522; x_wconf 87' lang='lat' dir='ltr'>a&#39;e&#39;ris</span> <span class='ocrx_word' id='word_1_3' title='bbox 317 2443 710 2552; x_wconf 83' lang='lat' dir='ltr'>communicatione,</span> <span class='ocrx_word' id='word_1_4' title='bbox 730 2473 814 2528; x_wconf 91' lang='lat' dir='ltr'>uno</span> <span class='ocrx_word' id='word_1_5' title='bbox 841 2442 1000 2550; x_wconf 89' lang='lat' dir='ltr'>verbo,</span> <span class='ocrx_word' id='word_1_6' title='bbox 1029 2449 1071 2525; x_wconf 76' lang='lat' dir='ltr'>br</span> <span class='ocrx_word' id='word_1_7' title='bbox 1099 2468 1143 2526; x_wconf 92' lang='lat' dir='ltr'>ut</span> <span class='ocrx_word' id='word_1_8' title='bbox 1171 2471 1264 2526; x_wconf 89' lang='lat' dir='ltr'>cum</span> 
     </span>
    </p>
   </div>
   <div class='ocr_carea' id='block_1_2' title="bbox 565 323 1636 468">
    <p class='ocr_par' dir='ltr' id='par_1_2' title="bbox 565 323 1636 468">
     <span class='ocr_line' id='line_1_2' title="bbox 565 323 1636 468; baseline 0.018 -21"><span class='ocrx_word' id='word_1_9' title='bbox 565 323 1284 454; x_wconf 77' lang='lat' dir='ltr'>rurnonucnro</span> <span class='ocrx_word' id='word_1_10' title='bbox 1561 407 1636 468; x_wconf 60' lang='lat' dir='ltr'>un</span> 
     </span>
    </p>
   </div>
   <div class='ocr_carea' id='block_1_3' title="bbox 198 507 1651 3011">
    <p class='ocr_par' dir='ltr' id='par_1_3' title="bbox 198 507 1651 3011">
     <span class='ocr_line' id='line_1_3' title="bbox 205 507 1645 638; baseline 0.012 -38"><span class='ocrx_word' id='word_1_11' title='bbox 205 508 319 600; x_wconf 85' lang='lat' dir='ltr'>doses</span> <span class='ocrx_word' id='word_1_12' title='bbox 342 507 398 600; x_wconf 86' lang='lat' dir='ltr'>ita</span> <span class='ocrx_word' id='word_1_13' title='bbox 423 507 593 626; x_wconf 83' lang='lat' dir='ltr'>danda,</span> <span class='ocrx_word' id='word_1_14' title='bbox 615 544 663 603; x_wconf 93' lang='lat' dir='ltr'>ut</span> <span class='ocrx_word' id='word_1_15' title='bbox 688 517 802 604; x_wconf 94' lang='lat' dir='ltr'>nullo</span> <span class='ocrx_word' id='word_1_16' title='bbox 827 523 879 607; x_wconf 80' lang='lat' dir='ltr'>iis</span> <span class='ocrx_word' id='word_1_17' title='bbox 907 549 1090 637; x_wconf 89' lang='lat' dir='ltr'>tempore</span> <span class='ocrx_word' id='word_1_18' title='bbox 1108 523 1261 638; x_wconf 90' lang='lat' dir='ltr'>sanguis</span> <span class='ocrx_word' id='word_1_19' title='bbox 1287 547 1429 612; x_wconf 89' lang='lat' dir='ltr'>careat.</span> <span class='ocrx_word' id='word_1_20' title='bbox 1451 523 1645 624; x_wconf 76' lang='lat' dir='ltr'>Praeterelr</span> 
     </span>
     <span class='ocr_line' id='line_1_4' title="bbox 205 631 1641 744; baseline 0.013 -32"><span class='ocrx_word' id='word_1_21' title='bbox 205 631 385 744; x_wconf 89' lang='lat' dir='ltr'>regimen</span> <span class='ocrx_word' id='word_1_22' title='bbox 401 654 533 714; x_wconf 90' lang='lat' dir='ltr'>toturn</span> <span class='ocrx_word' id='word_1_23' title='bbox 550 639 592 716; x_wconf 72' lang='grc' dir='ltr'>ὃ(</span> <span class='ocrx_word' id='word_1_24' title='bbox 613 637 793 718; x_wconf 91' lang='lat' dir='ltr'>omnium</span> <span class='ocrx_word' id='word_1_25' title='bbox 819 663 950 720; x_wconf 90' lang='lat' dir='ltr'>rerum</span> <span class='ocrx_word' id='word_1_26' title='bbox 967 634 1201 721; x_wconf 85' lang='lat' dir='ltr'>naturalium</span> <span class='ocrx_word' id='word_1_27' title='bbox 1216 636 1465 726; x_wconf 76' lang='lat' dir='ltr'>simultaneus</span> <span class='ocrx_word' id='word_1_28' title='bbox 1485 642 1574 730; x_wconf 91' lang='lat' dir='ltr'>usus</span> <span class='ocrx_word' id='word_1_29' title='bbox 1590 647 1641 738; x_wconf 87' lang='lat' dir='ltr'>ad</span> 
     </span>
     <span class='ocr_line' id='line_1_5' title="bbox 205 741 1637 864; baseline 0.006 -38"><span class='ocrx_word' id='word_1_30' title='bbox 205 741 392 827; x_wconf 92' lang='lat' dir='ltr'>eumdem</span> <span class='ocrx_word' id='word_1_31' title='bbox 418 743 635 832; x_wconf 84' lang='lat' dir='ltr'>collineare</span> <span class='ocrx_word' id='word_1_32' title='bbox 659 747 827 864; x_wconf 92' lang='lat' dir='ltr'>scopum</span> <span class='ocrx_word' id='word_1_33' title='bbox 855 747 1009 834; x_wconf 83' lang='lat' dir='ltr'>necesse</span> <span class='ocrx_word' id='word_1_34' title='bbox 1036 752 1100 833; x_wconf 88' lang='lat' dir='ltr'>est.</span> <span class='ocrx_word' id='word_1_35' title='bbox 1234 829 1238 832; x_wconf 84' lang='lat'>.</span> <span class='ocrx_word' id='word_1_36' title='bbox 1633 797 1637 804; x_wconf 63' lang='lat'>=</span> 
     </span>
     <span class='ocr_line' id='line_1_6' title="bbox 278 855 1638 969; baseline 0.016 -32"><span class='ocrx_word' id='word_1_37' title='bbox 278 855 441 942; x_wconf 84' lang='lat' dir='ltr'>Recens</span> <span class='ocrx_word' id='word_1_38' title='bbox 476 855 703 967; x_wconf 68' lang='lat' dir='ltr'>ablactatis,</span> <span class='ocrx_word' id='word_1_39' title='bbox 740 869 782 946; x_wconf 75' lang='lat' dir='ltr'>bt</span> <span class='ocrx_word' id='word_1_40' title='bbox 817 859 896 969; x_wconf 82' lang='lat' dir='ltr'>jam</span> <span class='ocrx_word' id='word_1_41' title='bbox 924 865 1042 946; x_wconf 89' lang='lat' dir='ltr'>firmo</span> <span class='ocrx_word' id='word_1_42' title='bbox 1075 860 1274 946; x_wconf 87' lang='lat' dir='ltr'>utentibus</span> <span class='ocrx_word' id='word_1_43' title='bbox 1310 862 1405 948; x_wconf 92' lang='lat' dir='ltr'>cibo</span> <span class='ocrx_word' id='word_1_44' title='bbox 1444 868 1638 960; x_wconf 84' lang='lat' dir='ltr'>validiora</span> 
     </span>
     <span class='ocr_line' id='line_1_7' title="bbox 198 965 1635 1098; baseline 0.013 -48"><span class='ocrx_word' id='word_1_45' title='bbox 198 965 388 1053; x_wconf 83' lang='lat' dir='ltr'>&#39;alimenta</span> <span class='ocrx_word' id='word_1_46' title='bbox 403 971 565 1056; x_wconf 76' lang='lat' dir='ltr'>crassam</span> <span class='ocrx_word' id='word_1_47' title='bbox 582 975 822 1059; x_wconf 90' lang='lat' dir='ltr'>constituunt</span> <span class='ocrx_word' id='word_1_48' title='bbox 838 971 1034 1060; x_wconf 87' lang='lat' dir='ltr'>saburram</span> <span class='ocrx_word' id='word_1_49' title='bbox 1048 1035 1063 1082; x_wconf 90' lang='lat'><em>‚</em></span> <span class='ocrx_word' id='word_1_50' title='bbox 1080 980 1122 1057; x_wconf 73' lang='grc' dir='ltr'>ὅ(</span> <span class='ocrx_word' id='word_1_51' title='bbox 1140 973 1392 1061; x_wconf 85' lang='lat' dir='ltr'>miserrimam</span> <span class='ocrx_word' id='word_1_52' title='bbox 1416 978 1528 1066; x_wconf 89' lang='lat' dir='ltr'>illam</span> <span class='ocrx_word' id='word_1_53' title='bbox 1544 983 1635 1098; x_wconf 90' lang='lat' dir='ltr'>glu-</span> 
     </span>
     <span class='ocr_line' id='line_1_8' title="bbox 201 1081 1635 1201; baseline 0.015 -38"><span class='ocrx_word' id='word_1_54' title='bbox 201 1081 370 1166; x_wconf 90' lang='lat' dir='ltr'>tinosam</span> <span class='ocrx_word' id='word_1_55' title='bbox 390 1082 541 1169; x_wconf 92' lang='lat' dir='ltr'>molem</span> <span class='ocrx_word' id='word_1_56' title='bbox 567 1083 644 1198; x_wconf 76' lang='lat' dir='ltr'>qud</span> <span class='ocrx_word' id='word_1_57' title='bbox 664 1085 856 1170; x_wconf 87' lang='lat' dir='ltr'>attollitur</span> <span class='ocrx_word' id='word_1_58' title='bbox 876 1086 1075 1173; x_wconf 86' lang='lat' dir='ltr'>abdomen</span> <span class='ocrx_word' id='word_1_59' title='bbox 1096 1149 1111 1195; x_wconf 92' lang='lat'>,</span> <span class='ocrx_word' id='word_1_60' title='bbox 1141 1095 1182 1172; x_wconf 73' lang='grc' dir='ltr'>ὃ(</span> <span class='ocrx_word' id='word_1_61' title='bbox 1203 1085 1395 1201; x_wconf 79' lang='lat' dir='ltr'>glandula</span> <span class='ocrx_word' id='word_1_62' title='bbox 1417 1094 1635 1185; x_wconf 89' lang='lat' dir='ltr'>infarciun-</span> 
     </span>
     <span class='ocr_line' id='line_1_9' title="bbox 202 1196 1633 1323; baseline 0.011 -43"><span class='ocrx_word' id='word_1_63' title='bbox 202 1219 266 1280; x_wconf 90' lang='lat' dir='ltr'>tur</span> <span class='ocrx_word' id='word_1_64' title='bbox 290 1197 534 1298; x_wconf 80' lang='lat' dir='ltr'>mesaraicae3</span> <span class='ocrx_word' id='word_1_65' title='bbox 555 1198 750 1282; x_wconf 81' lang='lat' dir='ltr'>diarrhoea</span> <span class='ocrx_word' id='word_1_66' title='bbox 775 1200 947 1311; x_wconf 90' lang='lat' dir='ltr'>sequitur</span> <span class='ocrx_word' id='word_1_67' title='bbox 978 1198 1085 1285; x_wconf 77' lang='lat' dir='ltr'>lenta</span> <span class='ocrx_word' id='word_1_68' title='bbox 1108 1199 1199 1286; x_wconf 91' lang='lat' dir='ltr'>tabe</span> <span class='ocrx_word' id='word_1_69' title='bbox 1222 1196 1384 1287; x_wconf 86' lang='lat' dir='ltr'>miseros</span> <span class='ocrx_word' id='word_1_70' title='bbox 1410 1213 1633 1323; x_wconf 86' lang='lat' dir='ltr'>perimens,</span> 
     </span>
     <span class='ocr_line' id='line_1_10' title="bbox 202 1308 1634 1428; baseline 0.013 -37"><span class='ocrx_word' id='word_1_71' title='bbox 202 1308 391 1420; x_wconf 90' lang='lat' dir='ltr'>spemque</span> <span class='ocrx_word' id='word_1_72' title='bbox 415 1334 620 1423; x_wconf 91' lang='lat' dir='ltr'>parentum</span> <span class='ocrx_word' id='word_1_73' title='bbox 644 1311 820 1399; x_wconf 84' lang='lat' dir='ltr'>eludens.</span> <span class='ocrx_word' id='word_1_74' title='bbox 861 1312 966 1418; x_wconf 90' lang='lat' dir='ltr'>His,</span> <span class='ocrx_word' id='word_1_75' title='bbox 996 1315 1023 1396; x_wconf 89' lang='lat' dir='ltr'>sr</span> <span class='ocrx_word' id='word_1_76' title='bbox 1058 1315 1320 1428; x_wconf 76' lang='lat' dir='ltr'>opportune,</span> <span class='ocrx_word' id='word_1_77' title='bbox 1364 1319 1473 1427; x_wconf 95' lang='lat' dir='ltr'>quod</span> <span class='ocrx_word' id='word_1_78' title='bbox 1503 1354 1634 1410; x_wconf 89' lang='lat' dir='ltr'>rarum</span> 
     </span>
     <span class='ocr_line' id='line_1_11' title="bbox 200 1417 1632 1545; baseline 0.01 -37"><span class='ocrx_word' id='word_1_79' title='bbox 200 1422 280 1526; x_wconf 87' lang='lat' dir='ltr'>est,</span> <span class='ocrx_word' id='word_1_80' title='bbox 305 1417 519 1508; x_wconf 89' lang='lat' dir='ltr'>advocatus</span> <span class='ocrx_word' id='word_1_81' title='bbox 539 1423 659 1510; x_wconf 86' lang='lat' dir='ltr'>fucris</span> <span class='ocrx_word' id='word_1_82' title='bbox 669 1485 684 1531; x_wconf 90' lang='lat'><em>,</em></span> <span class='ocrx_word' id='word_1_83' title='bbox 715 1423 810 1508; x_wconf 81' lang='lat' dir='ltr'>ditm</span> <span class='ocrx_word' id='word_1_84' title='bbox 840 1423 977 1510; x_wconf 81' lang='lat' dir='ltr'>sedulo</span> <span class='ocrx_word' id='word_1_85' title='bbox 1008 1434 1051 1510; x_wconf 75' lang='lat' dir='ltr'>dt</span> <span class='ocrx_word' id='word_1_86' title='bbox 1085 1455 1135 1510; x_wconf 86' lang='lat' dir='ltr'>ex</span> <span class='ocrx_word' id='word_1_87' title='bbox 1163 1453 1245 1509; x_wconf 91' lang='lat' dir='ltr'>arte</span> <span class='ocrx_word' id='word_1_88' title='bbox 1264 1429 1461 1514; x_wconf 89' lang='lat' dir='ltr'>medelam</span> <span class='ocrx_word' id='word_1_89' title='bbox 1489 1437 1632 1545; x_wconf 88' lang='lat' dir='ltr'>affers,</span> 
     </span>
     <span class='ocr_line' id='line_1_12' title="bbox 200 1535 1651 1656; baseline 0.013 -39"><span class='ocrx_word' id='word_1_90' title='bbox 200 1561 284 1617; x_wconf 94' lang='lat' dir='ltr'>non</span> <span class='ocrx_word' id='word_1_91' title='bbox 308 1535 397 1616; x_wconf 77' lang='lat' dir='ltr'>raro</span> <span class='ocrx_word' id='word_1_92' title='bbox 416 1535 540 1620; x_wconf 90' lang='lat' dir='ltr'>sausto</span> <span class='ocrx_word' id='word_1_93' title='bbox 567 1542 702 1622; x_wconf 90' lang='lat' dir='ltr'>omine</span> <span class='ocrx_word' id='word_1_94' title='bbox 722 1541 823 1622; x_wconf 89' lang='lat' dir='ltr'>cutis</span> <span class='ocrx_word' id='word_1_95' title='bbox 845 1540 1004 1622; x_wconf 87' lang='lat' dir='ltr'>vitiatur</span> <span class='ocrx_word' id='word_1_96' title='bbox 1017 1571 1042 1645; x_wconf 90' lang='lat'>‚·</span> <span class='ocrx_word' id='word_1_97' title='bbox 1064 1545 1106 1622; x_wconf 72' lang='grc' dir='ltr'>ὃ(</span> <span class='ocrx_word' id='word_1_98' title='bbox 1134 1539 1175 1622; x_wconf 94' lang='lat' dir='ltr'>id</span> <span class='ocrx_word' id='word_1_99' title='bbox 1222 1537 1372 1624; x_wconf 89' lang='lat' dir='ltr'>lurimis</span> <span class='ocrx_word' id='word_1_100' title='bbox 1401 1571 1471 1656; x_wconf 88' lang='lat' dir='ltr'>per</span> <span class='ocrx_word' id='word_1_101' title='bbox 1494 1547 1651 1636; x_wconf 84' lang='lat' dir='ltr'>omnes·</span> 
     </span>
     <span class='ocr_line' id='line_1_13' title="bbox 200 1570 1633 1770; baseline 0.01 -40"><span class='ocrx_word' id='word_1_102' title='bbox 200 1670 328 1730; x_wconf 81' lang='lat' dir='ltr'>aetates</span> <span class='ocrx_word' id='word_1_103' title='bbox 354 1644 594 1760; x_wconf 85' lang='lat' dir='ltr'>glandulosrs</span> <span class='ocrx_word' id='word_1_104' title='bbox 626 1647 777 1738; x_wconf 84' lang='lat' dir='ltr'>morbis</span> <span class='ocrx_word' id='word_1_105' title='bbox 810 1647 1093 1764; x_wconf 82' lang='lat' dir='ltr'>cujuscumque</span> <span class='ocrx_word' id='word_1_106' title='bbox 1113 1570 1297 1770; x_wconf 68' lang='lat' dir='ltr'>prosdpiae</span> <span class='ocrx_word' id='word_1_107' title='bbox 1323 1653 1468 1742; x_wconf 89' lang='lat' dir='ltr'>suerint</span> <span class='ocrx_word' id='word_1_108' title='bbox 1479 1723 1494 1766; x_wconf 90' lang='lat'><strong><em>,</em></strong></span> <span class='ocrx_word' id='word_1_109' title='bbox 1517 1690 1633 1744; x_wconf 86' lang='lat' dir='ltr'>com-</span> 
     </span>
     <span class='ocr_line' id='line_1_14' title="bbox 201 1762 1421 1870; baseline 0.007 -28"><span class='ocrx_word' id='word_1_110' title='bbox 201 1786 320 1842; x_wconf 91' lang='lat' dir='ltr'>mune</span> <span class='ocrx_word' id='word_1_111' title='bbox 337 1762 403 1842; x_wconf 87' lang='lat' dir='ltr'>est.</span> <span class='ocrx_word' id='word_1_112' title='bbox 1417 1861 1421 1870; x_wconf 48' lang='grc'>,</span> 
     </span>
     <span class='ocr_line' id='line_1_15' title="bbox 253 1871 1633 1988; baseline 0.012 -32"><span class='ocrx_word' id='word_1_113' title='bbox 253 1871 434 1978; x_wconf 74' lang='lat' dir='ltr'>veriam,</span> <span class='ocrx_word' id='word_1_114' title='bbox 454 1900 592 1986; x_wconf 87' lang='lat' dir='ltr'>praeter</span> <span class='ocrx_word' id='word_1_115' title='bbox 614 1875 867 1988; x_wconf 72' lang='lat' dir='ltr'>spontaneam</span> <span class='ocrx_word' id='word_1_116' title='bbox 888 1879 990 1962; x_wconf 89' lang='lat' dir='ltr'>hanc</span> <span class='ocrx_word' id='word_1_117' title='bbox 1017 1880 1135 1962; x_wconf 81' lang='lat' dir='ltr'>atatis</span> <span class='ocrx_word' id='word_1_118' title='bbox 1156 1875 1342 1962; x_wconf 89' lang='lat' dir='ltr'>infantilis</span> <span class='ocrx_word' id='word_1_119' title='bbox 1374 1883 1633 1972; x_wconf 87' lang='lat' dir='ltr'>acrimoniam</span> 
     </span>
     <span class='ocr_line' id='line_1_16' title="bbox 199 1981 1631 2107; baseline 0.011 -41"><span class='ocrx_word' id='word_1_120' title='bbox 199 1981 388 2094; x_wconf 88' lang='lat' dir='ltr'>adquam</span> <span class='ocrx_word' id='word_1_121' title='bbox 413 1988 546 2099; x_wconf 91' lang='lat' dir='ltr'>perse</span> <span class='ocrx_word' id='word_1_122' title='bbox 570 1991 653 2076; x_wconf 86' lang='lat' dir='ltr'>haec</span> <span class='ocrx_word' id='word_1_123' title='bbox 675 1989 847 2074; x_wconf 77' lang='lat' dir='ltr'>defleuit</span> <span class='ocrx_word' id='word_1_124' title='bbox 870 2015 957 2074; x_wconf 85' lang='lat' dir='ltr'>aetas</span> <span class='ocrx_word' id='word_1_125' title='bbox 968 2054 983 2096; x_wconf 89' lang='lat'><em>,</em></span> <span class='ocrx_word' id='word_1_126' title='bbox 1008 1990 1082 2072; x_wconf 89' lang='lat' dir='ltr'>alia</span> <span class='ocrx_word' id='word_1_127' title='bbox 1102 1987 1123 2073; x_wconf 74' lang='lat' dir='ltr'>a</span> <span class='ocrx_word' id='word_1_128' title='bbox 1146 1989 1301 2076; x_wconf 72' lang='lat' dir='ltr'>diver-fis</span> <span class='ocrx_word' id='word_1_129' title='bbox 1323 1995 1473 2097; x_wconf 71' lang='lat' dir='ltr'>causa,</span> <span class='ocrx_word' id='word_1_130' title='bbox 1493 2001 1631 2107; x_wconf 85' lang='lat' dir='ltr'>praci-</span> 
     </span>
     <span class='ocr_line' id='line_1_17' title="bbox 199 2095 1630 2294; baseline 0.01 -114"><span class='ocrx_word' id='word_1_131' title='bbox 199 2095 354 2210; x_wconf 74' lang='lat' dir='ltr'>pueque</span> <span class='ocrx_word' id='word_1_132' title='bbox 365 2125 574 2294; x_wconf 72' lang='lat' dir='ltr'>parentum</span> <span class='ocrx_word' id='word_1_133' title='bbox 590 2127 657 2187; x_wconf 92' lang='lat' dir='ltr'>aut</span> <span class='ocrx_word' id='word_1_134' title='bbox 679 2106 878 2187; x_wconf 90' lang='lat' dir='ltr'>nutricum</span> <span class='ocrx_word' id='word_1_135' title='bbox 899 2107 998 2188; x_wconf 89' lang='lat' dir='ltr'>vitio</span> <span class='ocrx_word' id='word_1_136' title='bbox 1006 2167 1021 2209; x_wconf 90' lang='lat'><em>,</em></span> <span class='ocrx_word' id='word_1_137' title='bbox 1051 2101 1260 2187; x_wconf 90' lang='lat' dir='ltr'>adventitia</span> <span class='ocrx_word' id='word_1_138' title='bbox 1277 2109 1405 2217; x_wconf 89' lang='lat' dir='ltr'>potest</span> <span class='ocrx_word' id='word_1_139' title='bbox 1418 2108 1630 2218; x_wconf 76' lang='lat' dir='ltr'>insinuari,</span> 
     </span>
     <span class='ocr_line' id='line_1_18' title="bbox 201 2203 1629 2335; baseline 0.01 -41"><span class='ocrx_word' id='word_1_140' title='bbox 201 2210 364 2298; x_wconf 83' lang='lat' dir='ltr'>&amp;seme</span> <span class='ocrx_word' id='word_1_141' title='bbox 401 2213 589 2302; x_wconf 75' lang='lat' dir='ltr'>insinuata</span> <span class='ocrx_word' id='word_1_142' title='bbox 607 2221 916 2330; x_wconf 82' lang='lat' dir='ltr'>quaquaversum</span> <span class='ocrx_word' id='word_1_143' title='bbox 936 2217 1103 2330; x_wconf 87' lang='lat' dir='ltr'>grassari.</span> <span class='ocrx_word' id='word_1_144' title='bbox 1125 2216 1394 2302; x_wconf 86' lang='lat' dir='ltr'>Adventitiam</span> <span class='ocrx_word' id='word_1_145' title='bbox 1416 2203 1629 2335; x_wconf 73' lang='lat' dir='ltr'>&#39;praevertes</span> 
     </span>
     <span class='ocr_line' id='line_1_19' title="bbox 200 2323 1630 2446; baseline 0.008 -37"><span class='ocrx_word' id='word_1_146' title='bbox 200 2331 242 2409; x_wconf 74' lang='lat' dir='ltr'>dt</span> <span class='ocrx_word' id='word_1_147' title='bbox 261 2325 345 2410; x_wconf 72' lang='lat' dir='ltr'>sere</span> <span class='ocrx_word' id='word_1_148' title='bbox 376 2323 562 2436; x_wconf 89' lang='lat' dir='ltr'>curabis,</span> <span class='ocrx_word' id='word_1_149' title='bbox 592 2340 750 2418; x_wconf 79' lang='lat' dir='ltr'>&#39;mutato</span> <span class='ocrx_word' id='word_1_150' title='bbox 779 2334 860 2414; x_wconf 91' lang='lat' dir='ltr'>acri</span> <span class='ocrx_word' id='word_1_151' title='bbox 892 2333 1114 2443; x_wconf 89' lang='lat' dir='ltr'>regimine,</span> <span class='ocrx_word' id='word_1_152' title='bbox 1151 2333 1296 2414; x_wconf 89' lang='lat' dir='ltr'>interru</span> <span class='ocrx_word' id='word_1_153' title='bbox 1325 2328 1364 2415; x_wconf 72' lang='lat' dir='ltr'>ti</span> <span class='ocrx_word' id='word_1_154' title='bbox 1394 2333 1630 2446; x_wconf 76' lang='lat' dir='ltr'>contagiosal</span> 
     </span>
     <span class='ocr_line' id='line_1_20' title="bbox 1291 2360 1629 2532; baseline 0.009 -4"><span class='ocrx_word' id='word_1_155' title='bbox 1291 2360 1541 2529; x_wconf 69' lang='lat' dir='ltr'>doerhaavio</span> <span class='ocrx_word' id='word_1_156' title='bbox 1566 2445 1629 2532; x_wconf 81' lang='lat' dir='ltr'>lo-</span> 
     </span>
     <span class='ocr_line' id='line_1_21' title="bbox 204 2551 1628 2670; baseline 0.008 -36"><span class='ocrx_word' id='word_1_157' title='bbox 204 2581 315 2663; x_wconf 85' lang='lat' dir='ltr'>quar,</span> <span class='ocrx_word' id='word_1_158' title='bbox 336 2551 596 2651; x_wconf 87' lang='lat' dir='ltr'>inviscatione</span> <span class='ocrx_word' id='word_1_159' title='bbox 611 2559 733 2661; x_wconf 88' lang='lat' dir='ltr'>acris,</span> <span class='ocrx_word' id='word_1_160' title='bbox 748 2553 830 2663; x_wconf 84' lang='lat' dir='ltr'>ejus</span> <span class='ocrx_word' id='word_1_161' title='bbox 855 2586 904 2643; x_wconf 87' lang='lat' dir='ltr'>ex</span> <span class='ocrx_word' id='word_1_162' title='bbox 932 2555 1083 2640; x_wconf 88' lang='lat' dir='ltr'>ulsrone</span> <span class='ocrx_word' id='word_1_163' title='bbox 1102 2584 1171 2670; x_wconf 93' lang='lat' dir='ltr'>per</span> <span class='ocrx_word' id='word_1_164' title='bbox 1184 2561 1389 2652; x_wconf 86' lang='lat' dir='ltr'>vacuantia</span> <span class='ocrx_word' id='word_1_165' title='bbox 1399 2620 1414 2662; x_wconf 91' lang='lat'><em>,</em></span> <span class='ocrx_word' id='word_1_166' title='bbox 1430 2563 1628 2669; x_wconf 85' lang='lat' dir='ltr'>cauteria,</span> 
     </span>
     <span class='ocr_line' id='line_1_22' title="bbox 199 2587 1628 2779; baseline 0.005 -29"><span class='ocrx_word' id='word_1_167' title='bbox 199 2665 448 2775; x_wconf 85' lang='lat' dir='ltr'>fonticulos,</span> <span class='ocrx_word' id='word_1_168' title='bbox 473 2665 627 2779; x_wconf 89' lang='lat' dir='ltr'>aliaque</span> <span class='ocrx_word' id='word_1_169' title='bbox 655 2666 880 2776; x_wconf 86' lang='lat' dir='ltr'>hujusmodi</span> <span class='ocrx_word' id='word_1_170' title='bbox 903 2587 1067 2753; x_wconf 66' lang='lat' dir='ltr'>subsidia</span> <span class='ocrx_word' id='word_1_171' title='bbox 1080 2728 1094 2774; x_wconf 91' lang='lat'>‚</span> <span class='ocrx_word' id='word_1_172' title='bbox 1121 2666 1293 2754; x_wconf 90' lang='lat' dir='ltr'>delendo</span> <span class='ocrx_word' id='word_1_173' title='bbox 1324 2665 1436 2752; x_wconf 91' lang='lat' dir='ltr'>illum</span> <span class='ocrx_word' id='word_1_174' title='bbox 1453 2679 1505 2754; x_wconf 75' lang='lat' dir='ltr'>‘bt</span> <span class='ocrx_word' id='word_1_175' title='bbox 1539 2673 1628 2756; x_wconf 90' lang='lat' dir='ltr'>des·</span> 
     </span>
     <span class='ocr_line' id='line_1_23' title="bbox 198 2779 1628 2897; baseline 0.003 -31"><span class='ocrx_word' id='word_1_176' title='bbox 198 2780 369 2867; x_wconf 88' lang='lat' dir='ltr'>truendo</span> <span class='ocrx_word' id='word_1_177' title='bbox 388 2809 459 2896; x_wconf 90' lang='lat' dir='ltr'>per</span> <span class='ocrx_word' id='word_1_178' title='bbox 476 2783 660 2895; x_wconf 82' lang='lat' dir='ltr'>specifica</span> <span class='ocrx_word' id='word_1_179' title='bbox 683 2784 925 2897; x_wconf 76' lang='lat' dir='ltr'>opposita,s1</span> <span class='ocrx_word' id='word_1_180' title='bbox 941 2808 1076 2868; x_wconf 88' lang='lat' dir='ltr'>natura</span> <span class='ocrx_word' id='word_1_181' title='bbox 1094 2782 1193 2864; x_wconf 88' lang='lat' dir='ltr'>acris</span> <span class='ocrx_word' id='word_1_182' title='bbox 1214 2779 1332 2866; x_wconf 90' lang='lat' dir='ltr'>suerit</span> <span class='ocrx_word' id='word_1_183' title='bbox 1351 2785 1523 2893; x_wconf 89' lang='lat' dir='ltr'>cognita.</span> <span class='ocrx_word' id='word_1_184' title='bbox 1545 2784 1628 2872; x_wconf 87' lang='lat' dir='ltr'>Sed</span> 
     </span>
     <span class='ocr_line' id='line_1_24' title="bbox 198 2893 1628 3011; baseline 0.003 -35"><span class='ocrx_word' id='word_1_185' title='bbox 198 2893 412 2980; x_wconf 89' lang='lat' dir='ltr'>adventitia</span> <span class='ocrx_word' id='word_1_186' title='bbox 433 2899 516 2978; x_wconf 83' lang='lat' dir='ltr'>hac</span> <span class='ocrx_word' id='word_1_187' title='bbox 539 2893 720 2980; x_wconf 87' lang='lat' dir='ltr'>hostilem</span> <span class='ocrx_word' id='word_1_188' title='bbox 747 2896 953 3011; x_wconf 85' lang='lat' dir='ltr'>personam</span> <span class='ocrx_word' id='word_1_189' title='bbox 973 2897 1056 3009; x_wconf 87' lang='lat' dir='ltr'>agit</span> <span class='ocrx_word' id='word_1_190' title='bbox 1067 2957 1082 3002; x_wconf 94' lang='lat'><strong><em>,</em></strong></span> <span class='ocrx_word' id='word_1_191' title='bbox 1109 2903 1151 2977; x_wconf 77' lang='grc' dir='ltr'>ὃ(</span> <span class='ocrx_word' id='word_1_192' title='bbox 1174 2894 1242 2978; x_wconf 82' lang='lat' dir='ltr'>nist</span> <span class='ocrx_word' id='word_1_193' title='bbox 1265 2919 1441 2979; x_wconf 91' lang='lat' dir='ltr'>naturam</span> <span class='ocrx_word' id='word_1_194' title='bbox 1470 2894 1628 3008; x_wconf 79' lang='lat' dir='ltr'>supera·</span> 
     </span>
    </p>
   </div>
   <div class='ocr_carea' id='block_1_4' title="bbox 197 3003 1749 3122">
    <p class='ocr_par' dir='ltr' id='par_1_4' title="bbox 197 3003 1749 3122">
     <span class='ocr_line' id='line_1_25' title="bbox 197 3003 1749 3122; baseline 0.003 -30"><span class='ocrx_word' id='word_1_195' title='bbox 197 3013 299 3094; x_wconf 86' lang='lat' dir='ltr'>verit</span> <span class='ocrx_word' id='word_1_196' title='bbox 319 3012 467 3093; x_wconf 90' lang='lat' dir='ltr'>humor</span> <span class='ocrx_word' id='word_1_197' title='bbox 492 3008 672 3115; x_wconf 86' lang='lat' dir='ltr'>additus,</span> <span class='ocrx_word' id='word_1_198' title='bbox 702 3006 750 3091; x_wconf 87' lang='lat' dir='ltr'>ab</span> <span class='ocrx_word' id='word_1_199' title='bbox 781 3012 794 3090; x_wconf 95' lang='lat' dir='ltr'>i</span> <span class='ocrx_word' id='word_1_200' title='bbox 823 3007 864 3092; x_wconf 69' lang='lat' dir='ltr'>ss</span> <span class='ocrx_word' id='word_1_201' title='bbox 885 3009 934 3092; x_wconf 90' lang='lat' dir='ltr'>ad</span> <span class='ocrx_word' id='word_1_202' title='bbox 963 3035 1097 3094; x_wconf 89' lang='lat' dir='ltr'>cutem</span> <span class='ocrx_word' id='word_1_203' title='bbox 1128 3003 1365 3122; x_wconf 83' lang='lat' dir='ltr'>expellitur,</span> <span class='ocrx_word' id='word_1_204' title='bbox 1387 3035 1625 3120; x_wconf 88' lang='lat' dir='ltr'>remotoque</span> <span class='ocrx_word' id='word_1_205' title='bbox 1746 3065 1749 3070; x_wconf 95' lang='lat'>-</span> 
     </span>
    </p>
   </div>
   <div class='ocr_carea' id='block_1_5' title="bbox 103 3120 1750 4934">
    <p class='ocr_par' dir='ltr' id='par_1_5' title="bbox 103 3120 1750 4018">
     <span class='ocr_line' id='line_1_26' title="bbox 196 3120 1712 3235; baseline 0.003 -31"><span class='ocrx_word' id='word_1_206' title='bbox 196 3121 311 3235; x_wconf 87' lang='lat' dir='ltr'>ipsrus</span> <span class='ocrx_word' id='word_1_207' title='bbox 334 3121 449 3208; x_wconf 90' lang='lat' dir='ltr'>sonte</span> <span class='ocrx_word' id='word_1_208' title='bbox 468 3120 703 3234; x_wconf 88' lang='lat' dir='ltr'>persanatur.</span> <span class='ocrx_word' id='word_1_209' title='bbox 725 3120 766 3204; x_wconf 88' lang='lat' dir='ltr'>T</span> <span class='ocrx_word' id='word_1_210' title='bbox 806 3149 848 3208; x_wconf 85' lang='lat' dir='ltr'>es</span> <span class='ocrx_word' id='word_1_211' title='bbox 870 3125 1175 3206; x_wconf 88' lang='lat' dir='ltr'>acrimoniarum</span> <span class='ocrx_word' id='word_1_212' title='bbox 1200 3120 1347 3232; x_wconf 85' lang='lat' dir='ltr'>species</span> <span class='ocrx_word' id='word_1_213' title='bbox 1366 3120 1539 3205; x_wconf 88' lang='lat' dir='ltr'>infemnt</span> <span class='ocrx_word' id='word_1_214' title='bbox 1562 3149 1626 3210; x_wconf 91' lang='lat' dir='ltr'>tot</span> <span class='ocrx_word' id='word_1_215' title='bbox 1709 3127 1712 3142; x_wconf 80' lang='grc'><em>’</em></span> 
     </span>
     <span class='ocr_line' id='line_1_27' title="bbox 194 3232 1624 3349; baseline -0.003 -29"><span class='ocrx_word' id='word_1_216' title='bbox 194 3237 300 3320; x_wconf 84' lang='lat' dir='ltr'>varia</span> <span class='ocrx_word' id='word_1_217' title='bbox 319 3265 406 3345; x_wconf 85' lang='lat' dir='ltr'>quoe</span> <span class='ocrx_word' id='word_1_218' title='bbox 428 3232 450 3318; x_wconf 75' lang='lat' dir='ltr'>a</span> <span class='ocrx_word' id='word_1_219' title='bbox 472 3263 642 3349; x_wconf 88' lang='lat' dir='ltr'>corpore</span> <span class='ocrx_word' id='word_1_220' title='bbox 661 3261 824 3348; x_wconf 90' lang='lat' dir='ltr'>paterno</span> <span class='ocrx_word' id='word_1_221' title='bbox 850 3237 893 3316; x_wconf 92' lang='lat' dir='ltr'>in</span> <span class='ocrx_word' id='word_1_222' title='bbox 912 3233 1133 3349; x_wconf 87' lang='lat' dir='ltr'>prosapiam</span> <span class='ocrx_word' id='word_1_223' title='bbox 1157 3234 1376 3316; x_wconf 89' lang='lat' dir='ltr'>referuntur</span> <span class='ocrx_word' id='word_1_224' title='bbox 1402 3232 1624 3342; x_wconf 86' lang='lat' dir='ltr'>fermenta,</span> 
     </span>
     <span class='ocr_line' id='line_1_28' title="bbox 103 3342 1624 3462; baseline 0.003 -38"><span class='ocrx_word' id='word_1_225' title='bbox 103 3414 107 3424; x_wconf 94' lang='lat'><em>.</em></span> <span class='ocrx_word' id='word_1_226' title='bbox 196 3373 389 3452; x_wconf 87' lang='lat' dir='ltr'>venerea,</span> <span class='ocrx_word' id='word_1_227' title='bbox 412 3345 668 3462; x_wconf 89' lang='lat' dir='ltr'>scrophulosa</span> <span class='ocrx_word' id='word_1_228' title='bbox 680 3379 695 3452; x_wconf 85' lang='lat'>3</span> <span class='ocrx_word' id='word_1_229' title='bbox 722 3349 931 3453; x_wconf 90' lang='lat' dir='ltr'>rachitica,</span> <span class='ocrx_word' id='word_1_230' title='bbox 948 3377 1031 3457; x_wconf 85' lang='lat' dir='ltr'>quae</span> <span class='ocrx_word' id='word_1_231' title='bbox 1051 3345 1118 3431; x_wconf 95' lang='lat' dir='ltr'>ubi</span> <span class='ocrx_word' id='word_1_232' title='bbox 1141 3343 1211 3426; x_wconf 93' lang='lat' dir='ltr'>sub</span> <span class='ocrx_word' id='word_1_233' title='bbox 1235 3342 1447 3456; x_wconf 91' lang='lat' dir='ltr'>puerilibus</span> <span class='ocrx_word' id='word_1_234' title='bbox 1468 3349 1624 3459; x_wconf 86' lang='lat' dir='ltr'>organis</span> 
     </span>
     <span class='ocr_line' id='line_1_29' title="bbox 196 3455 1626 3575; baseline 0.003 -33"><span class='ocrx_word' id='word_1_235' title='bbox 196 3460 300 3570; x_wconf 86' lang='lat' dir='ltr'>qnasi</span> <span class='ocrx_word' id='word_1_236' title='bbox 334 3457 498 3546; x_wconf 87' lang='lat' dir='ltr'>solidata</span> <span class='ocrx_word' id='word_1_237' title='bbox 533 3489 603 3575; x_wconf 92' lang='lat' dir='ltr'>per</span> <span class='ocrx_word' id='word_1_238' title='bbox 635 3463 754 3544; x_wconf 80' lang='lat' dir='ltr'>atatis</span> <span class='ocrx_word' id='word_1_239' title='bbox 785 3463 1075 3546; x_wconf 88' lang='lat' dir='ltr'>incrementum</span> <span class='ocrx_word' id='word_1_240' title='bbox 1106 3455 1328 3542; x_wconf 62' lang='lat' dir='ltr'>intumuere</span> <span class='ocrx_word' id='word_1_241' title='bbox 1339 3518 1354 3563; x_wconf 90' lang='lat'><em>‚</em></span> <span class='ocrx_word' id='word_1_242' title='bbox 1382 3457 1527 3546; x_wconf 76' lang='lat' dir='ltr'>tardius</span> <span class='ocrx_word' id='word_1_243' title='bbox 1557 3482 1626 3546; x_wconf 89' lang='lat' dir='ltr'>aut</span> 
     </span>
     <span class='ocr_line' id='line_1_30' title="bbox 196 3569 1624 3686; baseline -0.002 -32"><span class='ocrx_word' id='word_1_244' title='bbox 196 3575 319 3684; x_wconf 72' lang='lat' dir='ltr'>ocyus</span> <span class='ocrx_word' id='word_1_245' title='bbox 334 3599 576 3686; x_wconf 76' lang='lat' dir='ltr'>erumpunt,</span> <span class='ocrx_word' id='word_1_246' title='bbox 601 3571 706 3658; x_wconf 68' lang='lat' dir='ltr'>varis</span> <span class='ocrx_word' id='word_1_247' title='bbox 728 3571 798 3655; x_wconf 91' lang='lat' dir='ltr'>sub</span> <span class='ocrx_word' id='word_1_248' title='bbox 823 3571 954 3656; x_wconf 75' lang='lat' dir='ltr'>formal</span> <span class='ocrx_word' id='word_1_249' title='bbox 966 3635 982 3680; x_wconf 91' lang='lat'><strong><em>,</em></strong></span> <span class='ocrx_word' id='word_1_250' title='bbox 1010 3575 1199 3682; x_wconf 91' lang='lat' dir='ltr'>varioque</span> <span class='ocrx_word' id='word_1_251' title='bbox 1224 3573 1526 3686; x_wconf 90' lang='lat' dir='ltr'>phoenomenon</span> <span class='ocrx_word' id='word_1_252' title='bbox 1545 3569 1624 3664; x_wconf 84' lang='lat' dir='ltr'>dis-</span> 
     </span>
     <span class='ocr_line' id='line_1_31' title="bbox 196 3681 1750 3796; baseline 0.001 -29"><span class='ocrx_word' id='word_1_253' title='bbox 196 3688 390 3785; x_wconf 80' lang='lat' dir='ltr'>crimine3</span> <span class='ocrx_word' id='word_1_254' title='bbox 429 3710 504 3770; x_wconf 91' lang='lat' dir='ltr'>nec</span> <span class='ocrx_word' id='word_1_255' title='bbox 532 3690 638 3770; x_wconf 90' lang='lat' dir='ltr'>enim</span> <span class='ocrx_word' id='word_1_256' title='bbox 658 3688 737 3770; x_wconf 73' lang='lat' dir='ltr'>hirc</span> <span class='ocrx_word' id='word_1_257' title='bbox 760 3684 882 3795; x_wconf 74' lang='lat' dir='ltr'>usque</span> <span class='ocrx_word' id='word_1_258' title='bbox 917 3685 1125 3768; x_wconf 88' lang='lat' dir='ltr'>definitum</span> <span class='ocrx_word' id='word_1_259' title='bbox 1150 3688 1202 3768; x_wconf 89' lang='lat' dir='ltr'>est</span> <span class='ocrx_word' id='word_1_260' title='bbox 1234 3710 1353 3795; x_wconf 92' lang='lat' dir='ltr'>quem</span> <span class='ocrx_word' id='word_1_261' title='bbox 1378 3681 1428 3766; x_wconf 89' lang='lat' dir='ltr'>ad</span> <span class='ocrx_word' id='word_1_262' title='bbox 1456 3683 1624 3796; x_wconf 90' lang='lat' dir='ltr'>gradum</span> <span class='ocrx_word' id='word_1_263' title='bbox 1745 3777 1750 3783; x_wconf 59' lang='grc'>,</span> 
     </span>
     <span class='ocr_line' id='line_1_32' title="bbox 194 3795 1624 3914; baseline 0.001 -34"><span class='ocrx_word' id='word_1_264' title='bbox 194 3797 337 3912; x_wconf 72' lang='lat' dir='ltr'>possint</span> <span class='ocrx_word' id='word_1_265' title='bbox 354 3825 423 3912; x_wconf 86' lang='lat' dir='ltr'>per</span> <span class='ocrx_word' id='word_1_266' title='bbox 437 3800 567 3884; x_wconf 88' lang='lat' dir='ltr'>varios</span> <span class='ocrx_word' id='word_1_267' title='bbox 582 3797 893 3884; x_wconf 88' lang='lat' dir='ltr'>decrescentium</span> <span class='ocrx_word' id='word_1_268' title='bbox 911 3797 1177 3914; x_wconf 85' lang='lat' dir='ltr'>prosapiarum</span> <span class='ocrx_word' id='word_1_269' title='bbox 1193 3795 1349 3884; x_wconf 87' lang='lat' dir='ltr'>ordines</span> <span class='ocrx_word' id='word_1_270' title='bbox 1367 3795 1624 3910; x_wconf 87' lang='lat' dir='ltr'>degenerare,</span> 
     </span>
     <span class='ocr_line' id='line_1_33' title="bbox 194 3907 803 4018; baseline 0.002 -24"><span class='ocrx_word' id='word_1_271' title='bbox 194 3913 361 4018; x_wconf 84' lang='lat' dir='ltr'>mutari,</span> <span class='ocrx_word' id='word_1_272' title='bbox 389 3907 567 4018; x_wconf 87' lang='lat' dir='ltr'>alterari,</span> <span class='ocrx_word' id='word_1_273' title='bbox 586 3910 803 3998; x_wconf 88' lang='lat' dir='ltr'>mitescere.</span> 
     </span>
    </p>

    <p class='ocr_par' dir='ltr' id='par_1_6' title="bbox 192 4019 1620 4476">
     <span class='ocr_line' id='line_1_34' title="bbox 245 4019 1620 4126; baseline -0.002 -16"><span class='ocrx_word' id='word_1_274' title='bbox 245 4026 398 4110; x_wconf 76' lang='lat' dir='ltr'>Verum</span> <span class='ocrx_word' id='word_1_275' title='bbox 423 4027 510 4107; x_wconf 83' lang='lat' dir='ltr'>rarb</span> <span class='ocrx_word' id='word_1_276' title='bbox 537 4023 752 4108; x_wconf 75' lang='lat' dir='ltr'>admodum</span> <span class='ocrx_word' id='word_1_277' title='bbox 775 4022 944 4112; x_wconf 84' lang='lat' dir='ltr'>infelicis</span> <span class='ocrx_word' id='word_1_278' title='bbox 965 4021 1073 4110; x_wconf 90' lang='lat' dir='ltr'>illius</span> <span class='ocrx_word' id='word_1_279' title='bbox 1093 4019 1505 4118; x_wconf 68' lang='lat' dir='ltr'>haereditatis‘effeuus</span> <span class='ocrx_word' id='word_1_280' title='bbox 1517 4082 1531 4126; x_wconf 90' lang='lat'>,</span> <span class='ocrx_word' id='word_1_281' title='bbox 1553 4044 1620 4108; x_wconf 88' lang='lat' dir='ltr'>aut</span> 
     </span>
     <span class='ocr_line' id='line_1_35' title="bbox 192 4130 1619 4254; baseline -0.004 -31"><span class='ocrx_word' id='word_1_282' title='bbox 192 4135 360 4253; x_wconf 87' lang='lat' dir='ltr'>suscepti</span> <span class='ocrx_word' id='word_1_283' title='bbox 385 4140 561 4251; x_wconf 87' lang='lat' dir='ltr'>contagii</span> <span class='ocrx_word' id='word_1_284' title='bbox 582 4140 683 4222; x_wconf 71' lang='lat' dir='ltr'>aslio</span> <span class='ocrx_word' id='word_1_285' title='bbox 704 4141 746 4220; x_wconf 93' lang='lat' dir='ltr'>in</span> <span class='ocrx_word' id='word_1_286' title='bbox 770 4135 896 4254; x_wconf 61' lang='lat' dir='ltr'>prims</span> <span class='ocrx_word' id='word_1_287' title='bbox 920 4163 1031 4222; x_wconf 81' lang='lat' dir='ltr'>atate</span> <span class='ocrx_word' id='word_1_288' title='bbox 1050 4133 1184 4223; x_wconf 88' lang='lat' dir='ltr'>evolvi</span> <span class='ocrx_word' id='word_1_289' title='bbox 1208 4133 1248 4216; x_wconf 91' lang='lat' dir='ltr'>se</span> <span class='ocrx_word' id='word_1_290' title='bbox 1268 4133 1378 4238; x_wconf 88' lang='lat' dir='ltr'>srnit,</span> <span class='ocrx_word' id='word_1_291' title='bbox 1398 4130 1619 4244; x_wconf 84' lang='lat' dir='ltr'>labentibus</span> 
     </span>
     <span class='ocr_line' id='line_1_36' title="bbox 192 4239 1619 4358; baseline -0.001 -24"><span class='ocrx_word' id='word_1_292' title='bbox 192 4257 344 4334; x_wconf 73' lang='lat' dir='ltr'>tantum</span> <span class='ocrx_word' id='word_1_293' title='bbox 365 4254 495 4356; x_wconf 88' lang='lat' dir='ltr'>annis,</span> <span class='ocrx_word' id='word_1_294' title='bbox 517 4255 609 4334; x_wconf 77' lang='lat' dir='ltr'>clun</span> <span class='ocrx_word' id='word_1_295' title='bbox 627 4249 705 4358; x_wconf 85' lang='lat' dir='ltr'>jam</span> <span class='ocrx_word' id='word_1_296' title='bbox 718 4254 906 4340; x_wconf 89' lang='lat' dir='ltr'>humores</span> <span class='ocrx_word' id='word_1_297' title='bbox 929 4249 1182 4353; x_wconf 86' lang='lat' dir='ltr'>adolescunt,</span> <span class='ocrx_word' id='word_1_298' title='bbox 1199 4239 1359 4330; x_wconf 86' lang='lat' dir='ltr'>diluitur</span> <span class='ocrx_word' id='word_1_299' title='bbox 1375 4242 1484 4332; x_wconf 83' lang='lat' dir='ltr'>labes</span> <span class='ocrx_word' id='word_1_300' title='bbox 1507 4242 1619 4332; x_wconf 73' lang='lat' dir='ltr'>antea</span> 
     </span>
     <span class='ocr_line' id='line_1_37' title="bbox 193 4359 1018 4476; baseline 0.001 -29"><span class='ocrx_word' id='word_1_301' title='bbox 193 4361 304 4448; x_wconf 82' lang='lat' dir='ltr'>silens</span> <span class='ocrx_word' id='word_1_302' title='bbox 328 4371 371 4448; x_wconf 75' lang='lat' dir='ltr'>dt</span> <span class='ocrx_word' id='word_1_303' title='bbox 393 4359 416 4444; x_wconf 74' lang='lat' dir='ltr'>a</span> <span class='ocrx_word' id='word_1_304' title='bbox 439 4361 634 4476; x_wconf 86' lang='lat' dir='ltr'>glandulis</span> <span class='ocrx_word' id='word_1_305' title='bbox 660 4363 782 4450; x_wconf 88' lang='lat' dir='ltr'>fertur</span> <span class='ocrx_word' id='word_1_306' title='bbox 802 4369 844 4447; x_wconf 93' lang='lat' dir='ltr'>in</span> <span class='ocrx_word' id='word_1_307' title='bbox 872 4388 1018 4448; x_wconf 86' lang='lat' dir='ltr'>cutem.</span> 
     </span>
    </p>

    <p class='ocr_par' dir='ltr' id='par_1_7' title="bbox 191 4467 1650 4934">
     <span class='ocr_line' id='line_1_38' title="bbox 205 4467 1621 4585; baseline -0.004 -27"><span class='ocrx_word' id='word_1_308' title='bbox 205 4481 215 4488; x_wconf 82' lang='grc'><em>“</em></span> <span class='ocrx_word' id='word_1_309' title='bbox 247 4473 426 4559; x_wconf 81' lang='lat' dir='ltr'>infantili</span> <span class='ocrx_word' id='word_1_310' title='bbox 456 4480 557 4561; x_wconf 83' lang='lat' dir='ltr'>atati</span> <span class='ocrx_word' id='word_1_311' title='bbox 574 4503 714 4559; x_wconf 87' lang='lat' dir='ltr'>omnes</span> <span class='ocrx_word' id='word_1_312' title='bbox 738 4479 840 4560; x_wconf 86' lang='lat' dir='ltr'>cutis</span> <span class='ocrx_word' id='word_1_313' title='bbox 866 4471 1022 4579; x_wconf 89' lang='lat' dir='ltr'>morbi,</span> <span class='ocrx_word' id='word_1_314' title='bbox 1048 4467 1144 4552; x_wconf 75' lang='lat' dir='ltr'>licet</span> <span class='ocrx_word' id='word_1_315' title='bbox 1171 4497 1244 4584; x_wconf 93' lang='lat' dir='ltr'>pro</span> <span class='ocrx_word' id='word_1_316' title='bbox 1272 4468 1424 4556; x_wconf 75' lang='lat' dir='ltr'>diverssr</span> <span class='ocrx_word' id='word_1_317' title='bbox 1451 4473 1621 4585; x_wconf 87' lang='lat' dir='ltr'>partium</span> 
     </span>
     <span class='ocr_line' id='line_1_39' title="bbox 195 4581 1650 4704; baseline -0.003 -30"><span class='ocrx_word' id='word_1_318' title='bbox 195 4592 474 4674; x_wconf 83' lang='lat' dir='ltr'>constitutione</span> <span class='ocrx_word' id='word_1_319' title='bbox 495 4588 642 4673; x_wconf 84' lang='lat' dir='ltr'>formas</span> <span class='ocrx_word' id='word_1_320' title='bbox 666 4587 858 4704; x_wconf 88' lang='lat' dir='ltr'>suscipere</span> <span class='ocrx_word' id='word_1_321' title='bbox 881 4585 1024 4702; x_wconf 73' lang='lat' dir='ltr'>possint</span> <span class='ocrx_word' id='word_1_322' title='bbox 1053 4581 1268 4667; x_wconf 84' lang='lat' dir='ltr'>admodum</span> <span class='ocrx_word' id='word_1_323' title='bbox 1293 4581 1479 4688; x_wconf 86' lang='lat' dir='ltr'>diversas,</span> <span class='ocrx_word' id='word_1_324' title='bbox 1496 4581 1622 4696; x_wconf 58' lang='lat' dir='ltr'>reipsa</span> <span class='ocrx_word' id='word_1_325' title='bbox 1645 4583 1650 4594; x_wconf 81' lang='grc'><strong>’</strong></span> 
     </span>
     <span class='ocr_line' id='line_1_40' title="bbox 194 4696 1620 4813; baseline -0.005 -26"><span class='ocrx_word' id='word_1_326' title='bbox 194 4727 325 4787; x_wconf 87' lang='lat' dir='ltr'>tamen</span> <span class='ocrx_word' id='word_1_327' title='bbox 345 4702 395 4786; x_wconf 92' lang='lat' dir='ltr'>ad</span> <span class='ocrx_word' id='word_1_328' title='bbox 419 4731 539 4786; x_wconf 91' lang='lat' dir='ltr'>unam</span> <span class='ocrx_word' id='word_1_329' title='bbox 564 4702 824 4813; x_wconf 89' lang='lat' dir='ltr'>camdemque</span> <span class='ocrx_word' id='word_1_330' title='bbox 846 4725 1022 4786; x_wconf 90' lang='lat' dir='ltr'>naturam</span> <span class='ocrx_word' id='word_1_331' title='bbox 1042 4696 1291 4796; x_wconf 79' lang='lat' dir='ltr'>referuntur3</span> <span class='ocrx_word' id='word_1_332' title='bbox 1318 4700 1549 4806; x_wconf 88' lang='lat' dir='ltr'>curatioquc</span> <span class='ocrx_word' id='word_1_333' title='bbox 1575 4719 1620 4780; x_wconf 92' lang='lat' dir='ltr'>ut</span> 
     </span>
     <span class='ocr_line' id='line_1_41' title="bbox 191 4804 1621 4934; baseline -0.006 -32"><span class='ocrx_word' id='word_1_334' title='bbox 191 4814 234 4902; x_wconf 86' lang='lat' dir='ltr'>in</span> <span class='ocrx_word' id='word_1_335' title='bbox 266 4843 491 4934; x_wconf 88' lang='lat' dir='ltr'>paucorum</span> <span class='ocrx_word' id='word_1_336' title='bbox 517 4819 801 4908; x_wconf 87' lang='lat' dir='ltr'>attenuantium</span> <span class='ocrx_word' id='word_1_337' title='bbox 830 4841 948 4934; x_wconf 85' lang='lat' dir='ltr'>atque</span> <span class='ocrx_word' id='word_1_338' title='bbox 982 4839 1072 4934; x_wconf 73' lang='lat' dir='ltr'>apte</span> <span class='ocrx_word' id='word_1_339' title='bbox 1103 4807 1409 4900; x_wconf 89' lang='lat' dir='ltr'>obtundentium</span> <span class='ocrx_word' id='word_1_340' title='bbox 1444 4804 1621 4896; x_wconf 65' lang='lat' dir='ltr'>medica.</span> 
     </span>
    </p>
   </div>
   <div class='ocr_carea' id='block_1_6' title="bbox 1320 4921 1594 5037">
    <p class='ocr_par' dir='ltr' id='par_1_8' title="bbox 1320 4921 1594 5037">
     <span class='ocr_line' id='line_1_42' title="bbox 1320 4921 1594 5037; baseline 0.004 -35"><span class='ocrx_word' id='word_1_341' title='bbox 1320 4921 1366 5037; x_wconf 85' lang='lat' dir='ltr'>Q</span> <span class='ocrx_word' id='word_1_342' title='bbox 1589 4991 1594 5003; x_wconf 94' lang='lat'><em>.</em></span> 
     </span>
    </p>
   </div>
   <div class='ocr_carea' id='block_1_7' title="bbox 0 0 2118 5897">
    <p class='ocr_par' dir='ltr' id='par_1_9' title="bbox 0 0 2118 5897">
     <span class='ocr_line' id='line_1_43' title="bbox 0 0 2118 5897; baseline 0 0"><span class='ocrx_word' id='word_1_343' title='bbox 0 0 2118 5897; x_wconf 95' lang='lat' dir='ltr'> </span> 
     </span>
    </p>
   </div>
  </div>
 </body>
</html>
