4246 5900
459 447 517 530 40
716 414 812 503 DE
864 412 1163 502 MORBIS
1221 411 1621 506 CUTANEIS.

458 579 735 681 lidescentes3
772 580 882 692 quod
910 580 1310 696 prasertim‘accidit,
1334 585 1489 692 quoties
1514 583 1636 669 astate
1664 571 1897 669 ferventiori

465 693 702 781 exhibentur
723 691 804 778 illa.
821 695 913 777 Nec
940 693 1101 779 credere
1125 692 1222 780 licet
1247 699 1322 781 hos
1341 695 1364 780 ὲ
1385 725 1531 810 genere
1554 701 1783 780 criticorum
1802 695 1898 801 elle,

460 817 504 894 &
531 806 673 891 salubri
698 834 846 892 conatu
882 831 1024 890 natura
1056 807 1105 892 ad
1133 812 1258 913 cutim
1292 812 1438 917 evehi,
1469 813 1498 893 si
1531 810 1692 921 quidem
1717 805 1826 892 nulla
1852 812 1894 890 in

458 919 574 1006 malis
600 918 908 1034 precedentibus
935 921 1102 1003 mutatio
1123 920 1215 1006 inde
1233 922 1413 1007 nascitur.
1433 925 1541 1008 Rem
1559 926 1700 1038 pariter
1723 921 1895 1008 evenisse

459 1031 606 1150 pluries
634 1033 761 1118 sciunt
797 1030 952 1116 Medici
984 1061 1150 1140 omnes,
1178 1037 1335 1144 quoties
1362 1034 1546 1120 exhibitis
1573 1034 1891 1121 antiscorbuticis

460 1144 750 1236 fortioribus&
763 1149 860 1229 vino
875 1143 1083 1259 pracsertim
1105 1144 1238 1232 dilutis
1257 1146 1532 1233 enascerentur
1548 1149 1729 1262 herperes
1748 1211 1761 1256 ,
1787 1149 1894 1232 saria-

458 1258 574 1348 batur
594 1257 741 1344 interei
760 1256 990 1364 scorbutus,
1008 1261 1158 1343 imanis
1175 1258 1353 1370 alioquin
1373 1260 1460 1372 ipsis
1481 1264 1532 1346 he
1579 1259 1724 1345 eribus,

499 1371 647 1485 'Quod
673 1397 804 1456 nutem
826 1369 1124 1455 medicamentis
1152 1373 1318 1479 accidit,
1346 1372 1483 1482 quidni
1518 1377 1719 1458 a'menris
1737 1369 1894 1457 acribus

460 1487 645 1573 accidat?
667 1483 789 1570 Cerrs
813 1479 1115 1572 valentissimum
1141 1488 1237 1569 novi
1263 1487 1469 1570 hominem
1487 1487 1679 1570 exertitio
1707 1495 1749 1572 ὃς
1775 1487 1896 1570 animi

462 1608 506 1686 dt
526 1603 705 1714 corporis
727 1597 901 1712 apprime
924 1595 1123 1703 deditum,
1154 1600 1220 1708 qui
1248 1596 1385 1683 misere
1409 1597 1663 1714 herpetibus,
1692 1607 1734 1684 ὃς
1762 1599 1810 1684 ad
1834 1599 1894 1681 fa-

462 1718 567 1798 ciem
591 1721 632 1796 &
656 1711 705 1796 ad
728 1737 831 1810 artus
852 1705 1080 1817 laborabat,
1108 1709 1370 1823 prurientibus
1401 1709 1505 1818 illis,
1541 1719 1583 1796 dt
1606 1717 1726 1795 nosiu
1748 1711 1896 1821 diuque

460 1823 706 1912 vexantibus.
736 1824 944 1933 Quoniam
963 1827 1046 1907 vini
1068 1823 1243 1908 fortioris
1272 1824 1356 1907 usui
1379 1825 1588 1914 moderato
1607 1825 1804 1908 addibium
1824 1853 1897 1907 iio-

460 1967 625 2043 verani‚
651 1933 734 2021 soli
751 1940 833 2022 viiii
860 1939 1079 2021 mutatione
1097 1940 1137 2018 in
1157 1937 1443 2053 oligophorum
1469 1945 1510 2023 bt
1538 1965 1698 2024 tenuem
1721 1935 1896 2022 sanatum

410 2123 418 2134 .
458 2051 572 2140 fuisse
595 2053 725 2136 testor.
750 2047 888 2135 Alium
905 2049 986 2134 vidi
1004 2077 1121 2160 quern
1148 2080 1255 2162 aquae
1279 2077 1396 2166 potus
1417 2054 1584 2135 omnini)
1610 2048 1777 2136 liberum
1800 2050 1897 2135 fecit

461 2163 512 2247 ab
534 2161 758 2270 hujusmodi
778 2167 896 2250 vitiis.
926 2163 1068 2248 Sciunt
1097 2191 1238 2256 omnes
1261 2164 1374 2250 nasos
1431 2191 1632 2249 otatorum
1658 2162 1809 2278 papulis
1836 2163 1897 2250 de

459 2279 654 2362 honestari
679 2274 867 2363 rubris&
897 2273 1054 2362 vultum
1081 2305 1244 2361 omnem
1276 2195 1441 2363 maculis
1473 2279 1645 2392 insigniri
1664 2279 1894 2391 purpureis,

461 2387 575 2474 vultu
602 2390 687 2504 ipso
711 2419 843 2476 mores
868 2389 1097 2489 incusante3
1152 2390 1235 2474 uod
1261 2394 1312 2475 eb
1336 2395 1460 2504 magis
1488 2393 1534 2474 fit
1560 2393 1640 2502 qub
1658 2393 1759 2474 vinis
1787 2417 1896 2476 utun·

461 2529 526 2588 tur
549 2506 673 2618 magis
701 2503 925 2617 spirituosis.
959 2504 1050 2586 Imi)
1069 2419 1184 2587 multi
1208 2504 1295 2588 sunt
1315 2508 1382 2615 qui
1405 2504 1510 2616 quasi
1542 2501 1564 2587 ai
1597 2501 1699 2587 vinis
1729 2501 1806 2588 illis
1834 2499 1897 2584 ali·

491 2647 582 2700 uam
617 2619 876 2730 conciperent
914 2613 1246 2724 elebiricitatem‚
1284 2615 1536 2701 subtilissimis
1578 2615 1769 2700 simulac
1803 2617 1897 2699 vivi·

447 2645 623 2814 'dissimis
651 2729 839 2814 dolorum
861 2727 1001 2812 idibus
1027 2728 1077 2813 ad
1101 2731 1225 2812 cutim
1238 2792 1252 2837 ,
1278 2733 1399 2813 nosiu
1429 2728 1663 2842 prasertim,
1690 2729 1895 2842 conligan·
2000 2815 2008 2833 ,

461 2869 536 2928 tur.
564 2842 648 2927 Sed
673 2840 767 2926 alibi
788 2841 869 2930 sese
900 2838 1009 2926 dabit
1039 2841 1238 2926 enodandi
1275 2839 1548 2952 occasio·un
1574 2845 1642 2926 fiat
1670 2845 1821 2926 ratione
1851 2865 1896 2926 ut
1964 2917 1971 2928 .

462 2954 675 3065 aliquando
688 2984 794 3066 aquae
815 2979 1016 3069 potatores
1031 2951 1187 3038 vultum
1204 2959 1286 3070 pari
1302 2955 1429 3040 modo
1449 2952 1687 3039 maculatum
1701 2949 1893 3062 habeant,¹

464 3097 566 3178 quos
589 3070 671 3152 viiii
693 3067 782 3152 usus
802 3067 991 3180 persanet.

519 3179 632 3266 Patet
652 3209 702 3264 ex
721 3183 781 3264 his
798 3178 969 3291 aliquam
989 3177 1067 3266 esl'e
1089 3182 1274 3267 vinorum
1294 3183 1343 3268 ad
1360 3209 1493 3269 cutem
1516 3181 1796 3296 deturpandam
1811 3181 1896 3266 effi·

465 3295 629 3378 cacialii.
662 3293 763 3402 Quo
799 3291 958 3412 piaculo
997 3297 1191 3386 immunes
1224 3296 1312 3381 sunt
1351 3295 1458 3382 leves
1494 3300 1680 3380 vinorum
1718 3297 1866 3410 species
1879 3355 1895 3402 ,

463 3433 635 3519 peccant
661 3408 758 3490 verb
794 3403 1010 3524 plurimiim
1037 3437 1120 3520 quae
1144 3411 1393 3524 generosiora
1419 3409 1532 3516 sunt,
1556 3437 1631 3494 nec
1652 3409 1786 3522 spiritu
1814 3435 1896 3492 tan-

463 3523 549 3605 tiim
565 3519 661 3604 foeta
688 3525 876 3630 quantiim
899 3500 1255 3607 oleis'nenuillimis
1272 3520 1534 3606 irretientibus
1555 3522 1730 3634 spirirum
1753 3519 1895 3627 illum,

463 3659 509 3716 ut
532 3661 614 3714 nori
638 3631 740 3716 adeo
764 3633 880 3748 facile
907 3635 1022 3748 possit
1043 3631 1226 3740 avolare,
1244 3636 1353 3746 quod
1378 3643 1420 3720 ὅ(
1441 3634 1522 3752 ipsa
1542 3661 1682 3719 eorum
1700 3632 1896 3718 distillatio

465 3743 600 3829 docet.
624 3746 739 3830 Unds
762 3773 808 3830 ea
831 3741 1031 3856 quaeoleo
1051 3747 1239 3832 essentiali
1261 3747 1417 3865 pollent
1441 3774 1614 3833 aromata
1638 3745 1765 3832 scelus
1790 3748 1896 3832 idem

466 3858 712 3965 admittunt,
750 3884 796 3942 ut
825 3859 911 3944 sunt
944 3887 991 3944 ea
1017 3891 1100 3970 qua:
1134 3863 1303 3976 pipere,
1342 3864 1628 3965 cinnamom0,
1655 3857 1896 3972 zingibere,

446 3967 733 4086 ¹caryophyllis
752 3969 913 4083 aliisque
936 3973 1083 4056 Indicis
1113 3973 1268 4087 paribus
1293 3977 1515 4057 aromaticis
1536 3971 1803 4078 condiuntur,
1826 3974 1896 4055 nisi

465 4084 575 4192 qubd
595 4087 795 4170 flammam
810 4088 933 4202 magis
952 4083 1169 4176 durabilem
1183 4083 1459 4204 difficilibsque
1473 4083 1783 4202 extinguendum
1799 4113 1912 4168 con-v

466 4198 590 4282 citent
614 4199 854 4285 incendium.

524 4310 631 4397 Inter
656 4314 761 4394 varia
788 4314 928 4420 quibus
962 4339 1124 4399 utuntur
1156 4316 1338 4400 homines
1370 4313 1624 4399 condimenta
1662 4310 1798 4396 locuni
1828 4309 1898 4396 sibi

465 4419 642 4509 vindicat
679 4424 934 4509 necessarium
967 4426 1022 4511 sal
1054 4429 1304 4536 communis,
1326 4427 1416 4513 ,sive
1449 4425 1645 4511 culinaris.
1663 4425 1786 4509 Hunc
1818 4425 1899 4538 ipsa

466 4535 585 4618 etiam
618 4563 776 4651 captant
805 4534 916 4621 bruta
945 4546 988 4623 ὃ(
1022 4542 1254 4624 ruminantia
1293 4535 1475 4627 animalia
1514 4569 1598 4651 quae
1633 4536 1746 4622 illuni
1782 4538 1896 4628 avide

467 4648 664 4760 arripiunt.
695 4651 734 4736 Is
762 4647 923 4764 vulgare
956 4652 1256 4738 condimentum
1286 4655 1517 4758 constituit,
1558 4655 1612 4736 ita
1641 4677 1685 4736 ut
1719 4653 1786 4737 vix
1822 4649 1895 4736 illo

467 4787 601 4860 carere
631 4763 774 4878 pollini
807 4765 1020 4871 homines,
1052 4767 1242 4885 appetitlis
1266 4769 1317 4851 fin
1348 4765 1457 4852 ulare
1479 4769 1792 4872 irritamentum,
1824 4763 1894 4848 bili

467 4875 712 4976 concitanda
734 4879 928 4993 optimum
939 4943 955 4990 ,
983 4880 1011 4964 si
1042 4879 1202 4992 quidem
1228 4907 1297 4997 per
1317 4801 1356 4968 le
1380 4905 1548 4996 purgat,
1587 4882 1715 4963 urinas
1734 4903 1864 5008 tamen
1875 4936 1900 5076 ἑ

1705 5019 1873 5106 pracipu
