4246 5900
461 400 520 488 5,
711 369 806 456 nn
849 363 1151 456 monam
1204 365 1603 460 cornuam.
1716 315 1719 320 ’

461 533 641 640 enormi,
661 531 882 644 doloreque
899 529 1177 639 intolerando,
1203 529 1270 616 vel
1284 535 1325 616 in
1342 531 1461 618 latam
1484 533 1646 636 sacescit
1665 531 1853 649 pustulam
1870 579 1889 644 ,·

461 647 527 734 vel
547 651 587 729 in
616 645 746 760 plures
769 648 947 732 redivivo
971 647 1146 728 cruciatu
1178 671 1442 755 torquentes,
1478 647 1609 732 donec
1636 649 1817 732 exhausta
1844 652 1891 736 srt

462 761 577 848 causa
597 757 702 843 mali.
731 758 859 870 Quod
872 756 1016 870 pluries
1035 758 1212 842 srvidisse
1231 785 1296 842 me
1317 759 1505 866 dixerim,
1530 759 1630 844 nihil
1656 760 1798 846 addam
1826 787 1891 850 tot

462 869 800 958 observationibus
816 902 898 980 quae
921 869 1049 954 oculis
1072 870 1252 980 quotidie
1270 869 1537 977 subjiciuntur.
1558 875 1798 984 Nunquam,
1823 903 1891 962 aut

461 990 550 1071 tarb
573 984 788 1072 admodum
806 981 948 1068 febrim
975 987 1152 1068 concitat
1168 982 1374 1097 pessimum
1400 981 1547 1068 malum
1560 1047 1575 1092 ,
1601 1014 1646 1070 ut
1661 1013 1757 1101 pote
1780 1015 1890 1074 extra

462 1099 648 1186 circuinis
670 1123 848 1181 centrum
869 1098 1049 1210 positum.
1065 1099 1121 1180 At
1132 1125 1240 1179 nunc
1255 1095 1391 1182 dentes
1408 1098 1564 1204 exedit,
1583 1125 1627 1184 ut
1646 1100 1728 1188 vidi
1744 1104 1785 1184 in
1798 1104 1888 1187 viro

463 1218 531 1324 qui
545 1209 709 1328 parvulo
725 1209 951 1325 temporiss
971 1213 1073 1315 atio,
1090 1237 1228 1292 omnes
1243 1209 1410 1292 maxillae'
1432 1213 1629 1296 inferioris
1642 1212 1778 1296 dentes
1795 1217 1890 1297 ami-

460 1327 582 1431 serat,
597 1326 747 1408 intaslis
760 1239 1020 1436 superioribus
1033 1353 1045 1420 3
1061 1349 1166 1404 nunc
1183 1324 1224 1418 in
1238 1319 1447 1434 pulmones
1462 1323 1704 1410 decumbens
1719 1352 1789 1410 eos
1806 1355 1891 1410 cor·

461 1439 588 1542 rodit,
612 1445 655 1520 dt
673 1435 946 1549 suppuratione
968 1431 1090 1546 longai
1117 1441 1159 1517 &
1174 1431 1309 1516 lethali
1329 1438 1497 1548 perimit.
1514 1434 1623 1520 Alibi
1635 1436 1773 1522 ferales
1789 1437 1895 1524 ludit

462 1549 661 1664 tragedias
671 1612 685 1654 ,
700 1577 773 1632 nec
796 1548 835 1632 se
855 1547 900 1630 sae
929 1545 1058 1630 bsrnit
1076 1546 1261 1660 agnosci,
1290 1549 1357 1630 nisr
1375 1552 1468 1630 clun
1492 1547 1783 1634 immedicabile
1810 1581 1895 1634 ma·

461 1662 546 1747 lum
561 1664 699 1758 evasit.
731 1659 848 1744 Plura
873 1578 927 1744 ad
946 1663 1049 1744 hanc
1073 1659 1146 1744 seri
1168 1664 1467 1773 corruptionem
1473 1663 1762 1774 phaenomena
1785 1665 1893 1748 rese-
2008 1661 2012 1668 ’

463 1802 622 1881 runtur,
652 1773 753 1889 apud
785 1777 967 1884 antiquos
1002 1771 1229 1879 observata,
1255 1775 1339 1856 11111)
1361 1781 1401 1856 ὃ(
1426 1774 1586 1887 pessima
1615 1773 1685 1856 illa
1714 1772 1893 1860 scorbuti

463 1890 612 2004 species
623 1950 638 1993 ,
656 1917 771 1994 quam
793 1885 1024 1971 iLucretio
1052 1884 1286 1999 descriptam
1305 1885 1404 1970 vidit
1423 1895 1465 1972 dt
1491 1885 1644 2027 1111.
1669 1885 1891 2002 Poupartus

463 2033 547 2086 non
569 1999 616 2084 ab
643 1995 718 2084 alii
735 1999 890 2084 videtur
914 1997 1030 2083 causi
1043 2001 1166 2113 repeti
1180 1995 1364 2084 debuisse.

520 2115 721 2196 Remanet
730 2141 821 2252 pars
841 2116 881 2196 in
906 2109 986 2224 lqm
1016 2110 1066 2196 hi
1085 2110 1256 2194 maxime
1275 2110 1512 2226 conspicua,
1541 2141 1624 2196 non
1641 2113 1755 2198 unius
1773 2115 1814 2196 in
1828 2139 1891 2198 te-

463 2230 614 2314 nuitate
628 2225 794 2338 gradus,
824 2255 907 2336 quae
936 2224 958 2308 ὲ
984 2144 1135 2308 summe
1166 2227 1276 2309 tenui
1309 2223 1539 2310 alteratione
1568 2226 1720 2340 spiritus
1760 2225 1890 2310 forsan

465 2342 661 2426 nutriente
688 2337 952 2422 subtiliffimos
978 2338 1026 2422 ad
1060 2337 1284 2421 craffiorem
1308 2338 1429 2448 usque
1454 2346 1496 2422 bt
1522 2338 1643 2450 chylo
1664 2341 1889 2451 proximum

466 2459 713 2558 humorem,
742 2450 896 2536 easdem
925 2447 1129 2560 qualitates
1158 2447 1473 2563 *avegetantibus
1506 2449 1727 2566 desumptas
1751 2452 1890 2536 servat.

465 2568 566 2654 Hac
588 2569 680 2647 ciam
695 2561 891 2678 plasticam
913 2565 1098 2648 virtutem
1114 2592 1231 2648 corru
1260 2560 1338 2646 teli
1353 2559 1420 2646 sui
1434 2591 1516 2646 non
1528 2565 1682 2670 amisit,
1710 2567 1896 2649 nutritio-

467 2709 559 2764 nem
572 2677 695 2761 efficit
704 2739 717 2781 ,
735 2685 776 2761 dt
798 2703 952 2760 caeteras
969 2678 1188 2782 sunstiones
1202 2594 1390 2788 adimplet
1399 2673 1567 2786 ,quibus
1580 2674 1715 2789 gluten
1725 2675 1889 2788 symbo-

467 2791 552 2878 lum
599 2789 766 2874 confert.
806 2787 879 2902 Ipsi
912 2789 978 2872 sua
1012 2789 1120 2919 polle
1148 2789 1269 2872 inesse
1295 2791 1390 2872 vitia
1420 2787 1485 2874 vel
1516 2787 1729 2902 srmplicior
1767 2789 1893 2876 docet
1970 2793 1975 2804 '

467 2901 706 3013 Pathologia
720 2899 860 3010 quibus
876 2903 939 2983 hic
957 2903 1121 2984 insistere
1137 2903 1253 2983 nostri
1264 2929 1346 2982 non
1358 2905 1410 2985 est
1426 2902 1573 3000 officii;
1587 2901 1654 2986 sed
1669 2901 1892 2988 notandum

467 3019 521 3098 est
539 3039 665 3096 totam
690 3011 869 3125 perfundi
888 3038 1022 3096 cutem
1046 3042 1166 3096 muco
1188 3010 1262 3095 illo
1288 3013 1482 3127 copioso,
1508 3016 1593 3122 imb
1612 3023 1654 3099 bt
1671 3012 1893 3100 1111111011-

468 3131 561 3240 gine
587 3151 714 3209 totam
736 3121 809 3208 illo
828 3119 1020 3231 conflari,
1043 3125 1148 3210 unde
1172 3129 1254 3236 qui)
1275 3129 1419 3240 origini
1444 3127 1517 3211 suae
1535 3130 1700 3242 propior
1718 3127 1771 3213 est
1792 3126 1893 3234 illa,

468 3243 519 3324 cb
537 3242 659 3352 magis
681 3267 845 3322 mucum
862 3236 1043 3344 redolet,
1069 3242 1123 3322 ita
1142 3267 1185 3324 ut
1210 3235 1276 3324 vel
1299 3242 1341 3322 in
1363 3240 1562 3325 sanissimis
1580 3239 1790 3326 infantibus
1808 3241 1893 3326 sese

468 3377 660 3468 expurget
681 3379 750 3468 per
763 3349 910 3457 lemas,
925 3349 1134 3462 sordesque
1150 3349 1365 3438 lamellatas
1385 3383 1468 3462 qua
1483 3351 1614 3466 strigili
1629 3354 1850 3438 eraduntur.
1913 3453 1915 3456 Ι

526 3465 610 3550 Res
632 3465 771 3577 eadem
799 3468 841 3548 in·
862 3461 1002 3548 adultis
1026 3465 1343 3578 conspiceretur,
1368 3467 1437 3550 nist
1472 3474 1514 3550 &
1540 3470 1731 3551 exercitio
1759 3468 1892 3550 firma-

468 3605 553 3664 tum
569 3609 713 3694 corpus
731 3586 773 3662 dt
796 3602 909 3660 rnotu
932 3579 1151 3664 exercitum
1166 3607 1327 3662 mucum
1341 3577 1492 3662 summi
1513 3581 1552 3662 vi
1566 3605 1755 3665 tenuaret.
1783 3577 1893 3662 Soli·-

471 3690 594 3776 descit
618 3689 769 3775 scilicet
786 3719 925 3774 nrucus
942 3691 991 3775 ad
1008 3721 1139 3776 cutem
1167 3701 1210 3776 dt
1223 3719 1492 3805 opportunum
1513 3691 1658 3807 praebet
1676 3692 1813 3776 nidum
1828 3722 1896 3776 va-

469 3808 535 3888 riis
555 3802 791 3906 inseslomm
806 3802 931 3887 nostri
948 3802 1018 3886 sub
1044 3832 1136 3888 cute
1155 3807 1373 3889 viventium
1396 3809 1507 3909 ovis,
1530 3835 1612 3914 quae
1636 3835 1706 3919 per
1730 3835 1895 3890 mutum

470 3947 565 4001 cum
588 3916 830 4033 epidermide
852 3913 997 4000 coalita
1016 3915 1071 3999 ibi
1097 3914 1371 4003 excluduntur.
1396 3916 1512 4000 Unde
1535 3914 1650 4002 nullis
1676 3923 1827 4002 tantiam
1850 3921 1897 4002 in

469 4029 704 4145 corporibus
719 4085 733 4136 ,
750 4037 936 4140 quantiam
950 4032 990 4112 111
1004 4028 1214 4114 infantibus
1230 4025 1456 4136 hujusmodi
1471 4029 1612 4115 insesla
1628 4029 1811 4143 prosperi
1828 4058 1897 4114 ex-

468 4142 682 4230 cluduntur
705 4150 747 4231 ὅ(
770 4140 1012 4228 adolescunt.
1035 4142 1116 4230 Sed
1136 4145 1301 4228 srmuco
1327 4140 1383 4226 illi
1401 4141 1545 4227 acredo
1567 4139 1697 4250 aliqua
1711 4141 1897 4230 insederit

471 4261 564 4340 ciam
580 4285 713 4342 cutem
734 4285 893 4342 omnem
912 4283 1085 4372 occupet
1101 4254 1200 4363 ille,
1222 4254 1322 4338 nihil
1344 4259 1488 4338 mirum
1506 4255 1628 4361 eil,sr
1649 4253 1723 4337 diri
1739 4253 1831 4338 inde
1846 4255 1899 4342 ad

469 4395 605 4456 cutem
628 4367 832 4455 nascautur
854 4367 1008 4476 morbi,
1035 4372 1231 4484 pruritus,
1256 4365 1556 4476 obturationes,
1583 4364 1896 4476 obstrulliones,

469 4483 799 4566 inflammationes
823 4479 959 4567 diversi
982 4485 1157 4594 generis,
1173 4481 1308 4568 ulcera
1323 4481 1665 4587 recrudescentia,
1687 4510 1772 4592 quae
1792 4480 1899 4568 sum-

471 4623 537 4678 ma
550 4592 731 4679 vasorum
747 4591 921 4680 culmina
942 4593 1195 4703 exulcerent,
1219 4595 1362 4682 rodant
1376 4603 1418 4682 81
1436 4621 1700 4709 corrumpant.

526 4705 765 4794 Dulcilsrmo
788 4733 933 4794 autem
954 4714 995 4792 dt
1022 4709 1172 4794 summe
1197 4710 1359 4794 nutritio
1389 4709 1546 4792 humori
1577 4707 1722 4794 acredo
1748 4704 1899 4820 duplici

468 4821 524 4926 'de
541 4819 657 4922 calisi
670 4817 818 4911 innasci
841 4821 978 4940 potest.
993 4820 1122 4914 Prima
1138 4822 1296 4944 quidem
1312 4819 1364 4912 ab.
1376 4824 1557 4914 omnum
1573 4821 1684 4937 supra
1702 4821 1899 4910 dictorum
