4228 5898
484 418 1255 514 ,rnaxotoucrro
1369 433 1375 440 ·
1576 407 1632 543 n}

193 587 376 708 proxime
405 603 596 702 tangant,
634 587 797 674 difficile
828 589 997 674 sananda
1022 589 1138 698 sunt,
1167 587 1277 674 malo
1305 617 1429 706 pure,
1458 598 1501 676 dt
1521 595 1632 681 merb

194 703 363 790 mucoso
383 701 522 816 plena,
548 701 661 786 labiis
676 702 824 788 soetidis
840 712 883 787 ὅ(
898 701 1145 788 crallioribus
1166 703 1370 789 retorrida.
1389 707 1456 787 An
1483 703 1531 788 ab
1553 707 1632 793 hale

197 821 350 932 origine
372 815 548 930 pendent
570 817 676 903 varia
731 843 848 900 encra
878 814 1019 930 Leptae
1049 845 1133 926 quae
1157 837 1322 919 carpat,
1350 814 1631 925 einamma,

196 929 356 1025 >storius
366 963 429 1010 aar
444 948 572 1016 neom
587 927 690 1040 apud
701 845 864 1014 grecos
880 929 1076 1014 dicuntur.
1085 929 1148 1012 Εὸ
1160 929 1363 1016 difficilior
1377 955 1514 1016 curatu
1530 964 1631 1019 mor·

195 1041 269 1128 bus
297 1045 379 1154 qub
407 1039 521 1126 altius
542 1040 692 1128 radices
713 1046 868 1155 egerit,
901 1049 945 1126 δι
977 1070 1142 1126 omnem
1167 1043 1429 1155 undequaque
1447 1047 1632 1133 invaserit

196 1182 350 1242 textum
371 1153 614 1242 cellularem.
642 1156 690 1238 In
719 1157 926 1241 tristillimo
950 1153 1185 1242 morborum
1200 1184 1346 1268 genere
1359 1160 1426 1240 vix
1440 1158 1630 1244 sensibili-

195 1297 281 1378 tas,
310 1273 378 1354 vix
401 1263 598 1354 mobilitas
619 1295 822 1374 remanet,
849 1272 916 1352 vix
947 1271 1117 1358 humana
1137 1268 1267 1353 forma
1287 1270 1485 1384 superest,
1521 1274 1630 1360 undb

195 1385 319 1469 etlam
346 1391 386 1468 ὃ(
411 1417 621 1488 coruscante
645 1389 687 1466 &
709 1380 944 1480 earu‘pttrcpttc
969 1381 1093 1465 didus
1126 1381 1201 1467 fuit
1234 1383 1338 1497 apud
1364 1385 1560 1468 Aretaeum
1585 1396 1628 1472 ὃς

195 1495 425 1601 Galenum,
441 1495 552 1607 quod
570 1493 724 1580 foedum
750 1495 984 1608 Satyrorum
1003 1493 1200 1608 aspeslum
1223 1496 1481 1610 repraesentet.
1503 1498 1629 1588 Hunc

194 1607 314 1696 facile
336 1608 567 1722 dignosces,
587 1607 655 1694 sed
673 1612 923 1723 ingruentem
937 1605 1207 1722 praenuntiabit
1226 1607 1426 1695 scabrities
1440 1608 1510 1694 illa
1527 1618 1629 1698 cutis

196 1727 305 1806 cusia
330 1721 474 1806 sensim
493 1719 816 1806 &articulorum
839 1722 1196 1839 impedimentum,
1223 1727 1315 1808 clun
1340 1721 1396 1808 ibi
1418 1726 1629 1810 necessaria

198 1837 243 1920 srt
257 1834 429 1950 apprime
449 1839 550 1920 cutis
566 1833 760 1922 flexilitas.

202 2015 209 2024 .
250 1952 307 2034 At
328 1949 356 2032 sr
378 1952 520 2032 vitium
548 1952 676 2033 minus
701 1949 819 2046 fire'rit
831 2010 845 2057 ,
866 1950 1073 2062 minusque
1099 1949 1287 2056 saevierit,
1313 1948 1519 2063 partesque
1545 1979 1630 2038 tan

195 2069 279 2148 tirm
303 2061 491 2174 quasdam
514 2091 617 2146 occu
647 2065 770 2146 averit
792 2088 1003 2149 concretus
1024 2063 1141 2177 adeps
1148 2061 1241 2170 ‚vel
1263 2060 1452 2168 majorem
1476 2069 1518 2166 in
1540 2097 1628 2152 nro*

196 2175 276 2262 lem
294 2175 481 2278 increscit
504 2093 682 2290 apposito
704 2176 840 2262 vicino
865 2175 1016 2290 adipe,
1053 2178 1229 2288 fientque
1258 2178 1427 2290 primum
1449 2204 1628 2280 tumores

199 2291 288 2374 dein
302 2287 464 2395 ulcera,
481 2317 594 2374 exeo
642 2317 761 2374 encre
772 2289 882 2400 qubd
894 2287 1038 2374 dicitur
1051 2284 1345 2392 ascpuuarrilliqu
1366 2289 1600 2397 pansaspnlrr
1613 2339 1628 2388 φ

199 2397 477 2502 marcualdus
496 2403 546 2488 de
562 2321 702 2513 quibus
724 2406 765 2485 in
778 2407 940 2494 tractatu
952 2401 1003 2488 de
1017 2401 1424 2598 Tumoribusqgitur,
1445 2401 1510 2488 vel
1530 2435 1630 2490 con·

201 2517 259 2600 tra
272 2519 492 2606 contractus
506 2524 550 2634 ᾧ(
565 2542 776 2602 concretus
791 2515 908 2629 adeps
928 2541 1064 2600 cutem
1083 2518 1265 2620 attrahit,
1309 2519 1510 2629 eprimitur
1525 2516 1624 2628 illa‚'

205 2637 243 2714 dr
259 2633 300 2714 in
315 2659 457 2714 cavum
471 2627 564 2712 abit.
585 2628 713 2739 Quod
736 2657 878 2712 cavum
892 2628 1109 2741 depressum
1129 2627 1347 2733 ulceratur,
1372 2629 1494 2738 fitque
1510 2628 1628 2717 ulcus

200 2741 327 2828 vicini
350 2769 441 2828 cute
464 2741 695 2855 deprelsrus-‚
712 2768 855 2827 cavum
876 2740 1017 2824 durum
1032 2740 1187 2852 adipem
1201 2743 1241 2822 in
1266 2738 1394 2822 fundo
1417 2739 1625 2851 exhibens5
1688 2822 1694 2828 .

200 2865 242 2942 et
258 2853 373 2942 ulcus
399 2854 499 2940 illud
527 2851 653 2968 vulgo
676 2857 777 2940 inter
798 2849 913 2968 lepra
938 2851 1198 2966 symptomata
1221 2850 1242 2936 ὲ
1263 2848 1463 2938 veteribus
1484 2854 1625 2968 magns

201 2968 295 3054 curli
308 2967 555 3056 observatum
580 2966 829 3072 recensetur,
848 2963 945 3050 licet
958 2968 1027 3048 uni
1042 2969 1193 3050 tantiam
1206 2963 1326 3078 leprae
1346 2963 1490 3078 speciei
1513 2997 1625 3053 com«

198 3109 316 3198 perat.
347 3083 392 3166 Si
416 3081 464 3168 ad
480 3080 658 3169 ulcerum
680 3079 841 3164 illorum
862 3077 1114 3194 adiposorum
1138 3105 1316 3164 naturam
1336 3089 1543 3194 parumper
1568 3109 1625 3168 at⁴

199 3197 395 3304 tenderis,
417 3193 541 3278 multa
560 3223 604 3279 ut
629 3193 793 3278 confido
816 3189 1286 3387 solven'problemata
1306 3193 1413 3276 circa
1433 3191 1624 3307 elephan·

198 3313 322 3395 tiasrm
345 3340 429 3421 quae
454 3314 546 3394 clun
566 3317 587 3391 a
605 3309 720 3392 variis
745 3314 788 3390 δι
806 3309 849 3389 in
867 3305 968 3388 dilsrt
1019 3303 1249 3419 regionibus
1266 3301 1482 3406 ,observata
1506 3305 1628 3392 fuerit

74 3409 80 3428 ’
198 3423 302 3540 apud
329 3427 507 3508 audores
536 3419 684 3504 malum
713 3419 868 3504 diversae
894 3420 1059 3502 omnino
1087 3418 1232 3531 speciei
1255 3421 1489 3504 constituere
1515 3419 1625 3504 vide-
1656 3466 1659 3472 ·

198 3565 271 3622 rur.
284 3534 430 3622 Ulcera
454 3533 563 3620 illaa
589 3534 645 3617 ud
669 3536 831 3618 Aetium
850 3528 1019 3616 retrabil.
1052 3561 1098 3638 r,
1125 3531 1252 3616 Serm.
1276 3559 1326 3636 4,
1349 3531 1447 3646 Cap.
1479 3555 1624 3640 xxm,-

199 3677 394 3736 vocantur
405 3659 545 3732 dronae
561 3563 755 3759 syrorum·
774 3675 856 3756 quae
872 3640 1076 3760 perperam
1099 3643 1285 3728 Gorraeus
1301 3647 1465 3758 exponit
1486 3673 1532 3730 ea
1546 3675 1624 3730 no«

200 3762 388 3848 minando
401 3759 512 3851 innoc
545 3757 799 3852 utnsnupilssr.
893 3817 898 3832 .

252 3877 345 3961 Post
363 3873 498 3961 ulcera
517 3877 558 3958 in
583 3869 724 3984 quibus
747 3867 1079 3982 qualemcumque
1100 3896 1235 3956 natura
1256 3873 1452 3957 aaronem
1472 3873 1598 3958 exerit
1603 3919 1623 3980 9
1719 3889 1747 3954 ς·
1783 3872 1858 3974 1V·2

199 4015 442 4100 omnemque
455 3987 616 4102 expedit
636 3989 740 4070 viam
762 3983 839 4095 quai
852 3984 937 4069 sese
946 3981 995 4066 ab
1018 3986 1129 4068 hoste
1151 3982 1319 4092 liberet,
1335 4011 1510 4068 tumores
1524 3991 1622 4074 varii
1648 4052 1675 4108 g
1690 3957 1910 4113 qgcppponbu

199 4105 278 4192 sese
300 4101 551 4218 alpeeandos
572 4097 745 4215 prebent
754 4161 772 4205 ,
783 4101 826 4182 in
846 4096 986 4210 quibus
1002 4123 1137 4184 natura
1150 4099 1255 4207 quast
1267 4097 1491 4180 indifferens
1508 4103 1560 4183 est
1578 4110 1621 4186 dc

201 4219 223 4303 ὲ
251 4217 345 4302 sede
371 4211 569 4329 occupans
588 4241 788 4324 nunquam
813 4212 854 4296 se
876 4211 1070 4296 dimoveri
1099 4212 1211 4313 smit,
1242 4209 1310 4289 nisr
1329 4237 1401 4323 per
1416 4214 1506 4296 artis
1533 4215 1622 4300 effia

201 4335 350 4416 caciam
373 4357 479 4412 nova
508 4327 577 4442 ipsi
602 4329 703 4409 adio
728 4325 846 4410 suerit
865 4323 1000 4408 indita.
1023 4322 1222 4404 Tumores
1248 4317 1305 4402 illi
1316 4384 1331 4429 ,
1361 4324 1389 4406 sr
1416 4325 1465 4408 ad
1494 4325 1621 4412 solam

88 4478 93 4490 ·
201 4471 333 4530 cutem
357 4441 533 4556 speses,
562 4438 785 4554 parvisunt
810 4439 1032 4539 momenti,
1064 4461 1284 4543 quanquam
1317 4433 1527 4547 aliquando
1544 4445 1622 4524 im*

201 4559 372 4642 mensam
397 4554 605 4668 exsurgere
627 4553 695 4637 visr
711 4552 792 4634 sint
808 4553 852 4654 ¹in
874 4547 1056 4642 molem,
1078 4571 1123 4630 ut
1140 4542 1218 4655 jam
1250 4546 1418 4634 diximus
1438 4552 1489 4636 de
1511 4551 1597 4638 illis
1603 4591 1624 4661 ,·

204 4699 287 4782 quae
302 4672 351 4755 lic
369 4693 530 4775 extant,
552 4664 654 4750 falsi>
668 4664 779 4749 dietis
795 4659 1008 4746 cornubus.
1621 4665 1623 4668 ’

255 4781 317 4868 Ad
333 4780 499 4868 morbos
526 4783 626 4866 cutis
643 4777 893 4890 ,aliquatenus
917 4775 1138 4873 reseruntur
1166 4775 1386 4874 atheromo,
1405 4775 1594 4886 fleotomo
1606 4807 1626 4876 ‚·

202 4895 380 4986 meliceris
394 4926 480 5010 quae
489 4956 506 5006 ,
518 4894 694 5008 quamvis
713 4889 836 5008 vulgo
849 4887 981 4978 subtirs
1004 4917 1138 4986 cutem
1150 4890 1195 4975 in
1215 4913 1325 5015 textu
1341 4889 1518 4978 cellulari
1534 4889 1624 4982 nasa
