4250 5898
375 4442 381 4453 '
507 4434 756 4544 navigantes,
778 4433 877 4559 aqus
893 4441 1093 4550 privantur
1111 4442 1414 4524 &nutrimentis

510 457 595 552 300
955 433 1064 524 DE
1127 431 1488 523 MORBIS

511 599 716 719 tempestas
739 625 883 688 evocat
894 651 921 707 ,ν
934 629 1017 684 non
1042 625 1171 684 rarum
1191 603 1243 686 est
1264 609 1306 685 br
1329 598 1556 716 eryfipelara
1578 597 1647 686 vix
1672 583 1881 708 dolentia,
1907 596 1947 686 ds

511 716 757 834 phlysioenas
771 717 814 800 in
825 712 1036 799 mulierum
1051 739 1143 798 cute
1158 743 1203 796 ac
1213 711 1413 820 juniorum
1423 716 1654 798 rusticorum
1667 713 1812 797 enasci.
1826 711 1948 798 Certis

510 859 597 932 non
620 829 728 913 idem
749 826 881 914 vulnrs
898 830 972 933 est,
995 856 1079 909 non
1099 827 1238 912 eadem
1256 831 1357 911 cutis
1379 828 1465 942 post
1483 829 1659 911 exastam
1678 828 1845 910 aestatem
1863 854 1948 941 per·

511 943 698 1051 auosque
720 940 848 1025 messis
873 939 1030 1025 labores
1055 943 1318 1046 rusticorum,
1344 970 1428 1049 quae
1450 939 1576 1024 fuerat
1601 942 1682 1023 inci
1708 941 1818 1024 iente
1840 965 1946 1026 vere.

514 1056 714 1167 Quinimb
732 1053 861 1167 aspice
879 1056 1010 1138 virum
1025 1051 1267 1159 litteramm,
1288 1077 1356 1136 aut
1372 1055 1577 1136 hominem
1596 1055 1671 1137 civ‘
1693 1051 1780 1137 'bus
1801 1053 1947 1137 officiis

512 1167 692 1257 deditum
712 1169 808 1280 -post
838 1165 1012 1252 forenses
1043 1164 1199 1250 labores
1231 1168 1327 1262 asris
1358 1163 1472 1250 liberi
1504 1192 1622 1278 atque
1650 1168 1750 1250 ruris
1784 1163 1946 1250 delicias

511 1303 720 1412 expertum
740 1280 888 1392 3ips1s1s
918 1280 1035 1364 faciei
1068 1277 1130 1362 sol
1157 1278 1377 1364 ariditatem
1407 1277 1516 1363 suam
1544 1278 1769 1393 impressit,
1795 1276 1947 1362 seceffit

510 1392 723 1510 eprdermis
744 1418 884 1500 vetus,
904 1391 1102 1477 succrevit
1119 1419 1236 1476 nova.
1862 1421 1868 1434 ·

514 1541 529 1574 ⁶
567 1505 718 1592 Verbm
747 1510 1110 1616 quantumcumque
1144 1505 1344 1589 summitas
1377 1501 1492 1611 hujus
1522 1503 1706 1590 ariditatis
1739 1502 1791 1588 ad
1820 1507 1943 1588 cutim

510 1623 724 1735 pertineat,
738 1617 942 1704 fatendum
964 1620 1017 1702 est
1037 1614 1120 1723 ejus
1139 1617 1275 1702 idaeam
1294 1615 1447 1700 admitti
1462 1647 1544 1702 non
1565 1619 1673 1734 posse
1692 1618 1772 1700 stne
1793 1617 1942 1702 interni

510 1733 691 1818 ariditate
706 1761 719 1833 ;
736 1737 828 1816 cbm
847 1729 955 1817 nulla
973 1731 1020 1815 stt
1033 1729 1057 1816 ὲ
1071 1730 1192 1816 caufis
1208 1759 1294 1840 quae
1312 1729 1531 1816 ariditatem
1551 1733 1634 1815 cuti
1652 1727 1841 1836 inferant,
1862 1759 1944 1842 que

511 1873 596 1938 non
623 1848 743 1929 etiam
763 1847 805 1927 in
829 1842 1033 1960 linguam,
1055 1843 1191 1927 fauces
1213 1850 1256 1926 bt
1277 1840 1486 1956 pulmones
1507 1869 1626 1957 agat,
1649 1842 1832 1954 adeoque
1856 1847 1940 1927 uni·

510 1956 661 2042 versam
685 1953 893 2040 animalem
914 1959 1188 2040 oeconomiam
1205 1955 1538 2068 comprehendat,
1559 1983 1634 2040 nec
1652 1957 1770 2070 poffrt
1789 1956 1940 2042 ariditas

508 2073 613 2154 cutis
636 2065 804 2174 sejunsia
824 2067 1018 2183 spesbari.¹

566 2179 741 2266 Proinde
760 2184 853 2266 cum
867 2182 1060 2296 diagnofis
1075 2182 1206 2267 morbi
1219 2184 1450 2290 instituitur,
1474 2209 1557 2266 non
1573 2183 1652 2268 stne
1667 2183 1819 2268 ratione
1833 2183 1940 2268 ficei*

508 2319 570 2379 tas
591 2299 693 2378 cutis
713 2291 879 2378 habetur
898 2324 973 2409 pro
993 2296 1104 2409 signo
1123 2293 1340 2382 latentioris
1362 2295 1572 2403 ariditatis,
1593 2294 1871 2410 prognosrsque
1887 2321 1938 2380 ex

508 2408 698 2491 interiore
718 2408 921 2492 causarum
939 2411 1094 2492 afflone
1109 2407 1228 2494 debet
1245 2408 1389 2494 deduci
1410 2438 1493 2518 quae
1510 2407 1630 2516 lenis,
1652 2436 1729 2493 nec
1748 2411 1937 2492 curationi

507 2519 613 2604 adeo
631 2518 789 2605 rebellis
804 2523 879 2605 erit
892 2519 1075 2628 morbus,
1091 2547 1135 2605 ur
1147 2526 1190 2606 in
1203 2520 1330 2605 nostri
1346 2519 1602 2628 accidentali,
1619 2519 1671 2606 de
1685 2520 1764 2632 qui
1778 2525 1844 2606 hic
1861 2519 1937 2604 sols

507 2635 659 2747 agitur,
675 2631 866 2718 srviscera
880 2630 987 2717 belle
1004 2661 1281 2746 concoquant,
1296 2633 1647 2744 humiditatemque
1668 2636 1891 2748 accipiant,
1912 2635 1939 2718 st

506 2743 671 2831 somnus
694 2744 813 2831 facile
838 2746 1088 2832 resarciatur:
1121 2778 1212 2833 nam
1236 2763 1328 2831 cum
1351 2744 1444 2830 inde
1466 2745 1789 2860 perspirationern
1811 2747 1937 2832 sanun

507 2864 554 2942 bt
582 2861 752 2942 coslam·
765 2886 816 2943 ex
848 2859 988 2943 ordine
1015 2887 1158 2944 naturae
1186 2861 1330 2944 restitui
1359 2858 1612 2943 necessarium
1639 2861 1717 2966 stt,
1747 2857 1936 2945 sanabinu

506 2973 653 3086 pariter
674 2973 775 3055 curis
800 2973 980 3077 ariditas,
999 2998 1066 3056 aut
1086 2975 1139 3056 ita
1157 2970 1394 3079 tardabitur,
1412 2998 1457 3055 ut
1477 2972 1613 3056 sensim
1637 2979 1679 3055 bt
1698 2974 1779 3056 stne
1798 2971 1936 3058 morbo

506 3111 539 3166 ae
568 3081 864 3170 uilibremcum
884 3083 1044 3170 climate
1061 3114 1185 3199 nuper
1206 3087 1396 3197 acquisrto
1426 3083 1628 3170 sanitatem
1652 3115 1786 3170 novus
1807 3085 1936 3172 incola

506 3113 572 3280 adi
600 3195 754 3281 iscatur.
1462 3200 1463 3208 '

563 3225 715 3394 lerum
737 3309 765 3390 st
790 3306 813 3393 l
837 3309 1050 3423 praepedito
1076 3309 1125 3393 ab
1151 3307 1228 3416 und
1251 3309 1273 3395 ὲ
1300 3312 1420 3395 causis
1444 3307 1646 3396 Galenicis
1666 3312 1933 3417 nutrimento,

506 3419 664 3507 ariditas
697 3446 814 3533 atque
845 3421 1056 3512 succorum
1088 3422 1263 3506 defectus
1299 3423 1495 3537 pendeat,
1527 3421 1649 3538 longa
1679 3423 1790 3510 certe
1817 3427 1935 3541 potest

507 3533 587 3618 else
600 3559 718 3646 atque
735 3531 890 3618 lethalis
905 3536 1061 3621 affectio
1069 3597 1086 3644 ,
1102 3536 1414 3646 marasmumque
1425 3536 1626 3624 inducere.
1642 3535 1767 3621 Certd
1783 3539 1934 3624 ariditas

504 3645 658 3731 summa
676 3644 780 3732 male
799 3647 976 3761 negleda
995 3648 1171 3762 sanguini
1186 3649 1527 3734 inflammatoriam
1541 3649 1741 3736 diathesrm
1761 3650 1934 3757 inducit,

459 3844 462 3849 .
506 3760 679 3845 mucosis
699 3756 894 3876 partibus,
916 3758 1014 3845 loco
1041 3759 1201 3874 benigni
1224 3765 1322 3846 roris
1350 3765 1498 3846 nutritii
1516 3763 1628 3880 supra
1649 3789 1815 3846 omnem
1838 3767 1935 3848 ima·

506 3873 718 3986 ginationis
737 3895 897 3985 captum
914 3875 1182 3981 tenuarilsrmi,
1205 3882 1248 3958 bt
1260 3878 1328 3986 qui
1345 3873 1435 3960 ante
1449 3903 1589 3960 omnes
1605 3872 1780 3960 avolavit
1791 3877 1934 3962 bumo—

506 4012 597 4091 res,
627 3985 726 4071 loco
754 3982 956 4096 spiritbum
986 3983 1262 4094 subtiliorum,
1297 3987 1522 4074 acredinem
1549 3988 1743 4073 summam
1774 3983 1929 4095 adjicit,

507 4095 613 4180 unde
637 4098 803 4182 destruat
823 4093 893 4180 ille
904 4155 917 4201 ‚
940 4124 1024 4179 non
1041 4125 1220 4212 reparet,
1239 4098 1501 4212 somnumque
1524 4105 1591 4211 qui
1614 4104 1795 4217 princeps
1818 4101 1869 4184 est
1889 4103 1933 4184 in

509 4211 713 4294 curatione
746 4209 1103 4317 aridiratisaufert,
1128 4209 1233 4294 unde
1254 4210 1465 4322 aliquando
1488 4215 1643 4300 ariditas
1666 4237 1830 4300 cucanea
1850 4239 1935 4300 rna·

508 4321 655 4405 ximam
673 4320 828 4407 cladem
845 4322 995 4430 attulit,
1011 4323 1203 4440 praecipue
1217 4327 1256 4406 in
1272 4327 1317 4408 iis
1333 4329 1400 4436 qui
1469 4359 1488 4412 r
1505 4329 1723 4412 astuantem
1741 4352 1934 4412 oceanum

1418 4356 1523 4524 beotii
1537 4440 1670 4545 succi,
1684 4438 1793 4524 unde
1805 4442 1937 4524 oriurt-

507 4563 571 4624 tur
598 4545 674 4628 fitis
688 4607 702 4650 ,
729 4575 914 4656 marcor,
941 4546 1185 4660 liquidorum
1213 4554 1423 4660 haerentia,
1451 4553 1740 4661 inflammatio,
1767 4551 1935 4660 ausus,

505 4652 576 4736 seu
601 4653 720 4741 febris
743 4659 907 4765 ardens,
927 4691 1143 4774 gangraena.

378 4873 383 4881 ι
558 4763 620 4848 Ut
636 4768 733 4860 verb
755 4769 1105 4860 firrfuraariditatis
1124 4778 1293 4860 comites
1319 4773 1466 4860 nullam
1484 4775 1601 4860 aliam
1620 4775 1778 4862 causam
1797 4773 1936 4894 agnos·

510 4903 630 4992 cunt,
649 4887 785 4992 prater
803 4877 913 4966 illan
927 4913 1012 4996 qua
1027 4889 1246 4976 ariditatem
1259 4891 1361 4976 cutis
1377 4890 1564 4980 invehere
1583 4891 1732 4976 idonea
1748 4892 1826 5004 eii,
1841 4917 1935 5004 pen·
