4246 5900
562 399 1282 516 i'ivriiooutrio.
1407 361 1414 372 ’
1588 361 1642 552 3,
1773 451 1776 464 ·

201 586 382 674 moribus
401 584 674 693 rubicundis,
702 593 745 670 ὃ(
776 583 869 686 veri
901 589 1214 678 inflammatoriis
1241 591 1291 678 ad
1310 591 1508 708 frontem,
1537 631 1639 690 ocu„

204 699 300 808 los,
328 730 437 788 nates
468 701 755 824 deturpentur,
788 696 980 787 familiare
1009 705 1062 787 est
1095 713 1138 790 bt
1178 704 1341 821 vulgare
1369 742 1383 812 3
1420 713 1526 798 unde
1559 716 1639 807 illis

201 842 344 910 omnes
368 813 599 903 ebrietatem
620 842 670 901 ex
700 809 861 898 tobiant
872 874 888 921 ,
916 840 1129 927 vetantque
1146 821 1351 908 reverendi
1378 855 1639 942 preceptores

202 927 387 1014 neultra
426 928 485 1014 fas
522 925 604 1014 sele
627 843 736 1014 hiice
768 925 914 1012 dedant
947 930 1366 1042 commessationibus,
1397 937 1638 1052 iixquibussi

202 1046 384 1160 protiniis
406 1042 661 1148 cessaverint,
677 1069 753 1128 nec
781 1038 856 1124 alia
881 1041 994 1126 causa
1009 1046 1140 1129 vivaci
1159 1044 1267 1130 malo
1280 1049 1455 1137 stimulos
1475 1057 1638 1146 addide-

202 1159 259 1240 rit
273 1154 424 1263 ,brevi
447 1156 628 1240 sanantur
652 1151 709 1263 illi
721 1218 734 1262 ,
753 1152 822 1239 ubi
848 1151 977 1238 lenior
996 1161 1176 1244 materies
1196 1190 1292 1274 pura
1316 1162 1493 1279 sanguini
1509 1173 1638 1257 affun-

202 1269 342 1378 ditur;
371 1267 440 1352 sed
468 1267 563 1382 saepl
593 1265 640 1352 ab
669 1271 716 1353 iis
747 1265 872 1353 latens
895 1267 1045 1366 malum
1073 1273 1305 1358 accenditur
1342 1285 1385 1360 dt
1412 1279 1638 1392 evolvitur,

199 1384 346 1493 sicque
379 1379 457 1464 tibi
483 1409 591 1466 acres
623 1381 772 1466 cedunt
792 1386 834 1466 in
863 1381 1155 1470 occasionalem
1182 1386 1351 1474 causam.
1378 1395 1554 1478 Acutum
1584 1405 1639 1484 esi

200 1504 251 1580 ὃ(
279 1496 361 1578 citb
384 1494 654 1580 defervescens
681 1491 831 1580 malum
857 1495 967 1606 quod
988 1526 1065 1580 una
1092 1497 1176 1583 dies
1199 1498 1395 1614 protulit,
1424 1505 1493 1590 sed
1521 1511 1639 1599 siaut

198 1604 433 1722 preposterb
456 1604 656 1714 libidine,
686 1634 754 1693 aut
784 1606 936 1692 sublata
960 1613 1178 1698 attentione
1208 1641 1373 1729 pergant
1398 1619 1528 1707 eidem
1556 1624 1637 1710 sese

202 1724 292 1805 vite
312 1722 489 1804 instituto
512 1721 681 1827 dedere,
702 1749 798 1808 tunc
823 1719 972 1808 malum
999 1726 1273 1834 inveterascit,
1298 1737 1341 1812 ὅ(
1367 1759 1450 1818 non
1465 1737 1505 1817 in
1526 1735 1639 1822 vultu

204 1831 364 1940 solnm,
390 1832 460 1918 sed
492 1837 611 1920 etiam
642 1835 693 1920 ad
724 1833 817 1922 alias
847 1863 974 1952 partes
1009 1836 1159 1954 papula·
1199 1842 1378 1928 oriuntur
1391 1885 1412 1951 9
1436 1854 1477 1928 ὃς
1504 1850 1639 1936 vitiati

203 1947 508 2061 digestione,ac
520 1947 715 2062 precipue
730 1947 820 2034 bilis
832 1953 1062 2036 excretione
1075 1953 1347 2062 indurescunt,
1365 1961 1446 2042 vari
1459 1963 1499 2042 in
1514 1961 1638 2048 lemas

204 2058 386 2166 abeunt,
456 2059 560 2146 osteis
588 2061 730 2147 crescit
758 2063 941 2148 insarsius
952 2126 967 2170 ,
997 2065 1143 2150 acredo
1170 2067 1432 2182 multiplicata
1453 2072 1640 2162 fermenti

206 2177 315 2260 vices
333 2089 485 2287 implbn
506 2175 572 2259 Fit
595 2175 876 2284 iilr‘eirrioiau,
898 2177 1148 2291 epidermidis
1173 2177 1320 2266 abacti
1343 2185 1513 2273 haerente
1529 2219 1639 2272 rum-

208 2313 351 2404 puntur
375 2286 428 2370 ad
452 2311 607 2372 textum
629 2287 879 2375 reticularem
901 2289 1090 2399 vincula,
1113 2299 1155 2376 dt
1184 2295 1414 2382 efformanir
1427 2289 1640 2416 berpetum

209 2431 330 2514 genus
364 2400 564 2512 quodvis,
593 2433 700 2488 nunc
733 2400 923 2518 simplex,
948 2435 1055 2490 nunc
1082 2409 1202 2492 etiam
1235 2439 1403 2508 teronem
1429 2441 1502 2527 pro
1536 2443 1639 2499 con-

213 2513 360 2598 ditione
394 2517 657 2627 praeexistente
685 2519 908 2602 vitiatarum
938 2518 988 2603 ad
1014 2524 1322 2608 concoctionem
1348 2521 1640 2612 inservientium

211 2625 496 2730 secretionum3
529 2658 614 2739 quae
636 2635 755 2715 etiarn
792 2629 973 2716 conditio
1000 2634 1169 2744 pruritus
1194 2632 1458 2744 velmajores
1477 2639 1544 2726 vel
1567 2645 1640 2724 mi*

207 2769 322 2826 riores
343 2767 531 2827 concitat.
620 2827 623 2836 ,
1441 2831 1444 2840 i

262 2851 469 2942 Habemus
489 2853 582 2940 inde
607 2853 743 2945 ideam
772 2851 821 2938 ab
845 2852 1028 2940 accurati
1051 2853 1327 2944 observatione
1354 2887 1486 2945 natam
1510 2863 1641 2948 maroa

210 2997 297 3052 rum
320 2993 580 3054 cutaneorum
604 2999 687 3079 quat
712 2966 761 3050 ab
783 2965 961 3082 ingluvie
989 2969 1095 3053 nasci
1117 2970 1304 3082 possunt,
1330 2972 1398 3058 ubi
1419 2980 1522 3062 vires
1544 2980 1640 3062 hos·

209 3078 298 3166 tiles
323 3085 472 3166 acrium
492 3081 669 3196 superior
692 3084 818 3165 vincit
840 3109 1003 3188 natura,
1033 3109 1117 3167 nec.
1140 3083 1351 3170 nascuntur
1372 3085 1421 3176 ab
1433 3088 1521 3180 libe
1548 3089 1638 3178 labe

208 3193 312 3278 mala
340 3192 476 3309 pejora
499 3202 541 3280 br
570 3226 634 3280 ma
662 3198 694 3278 is
726 3192 921 3296 exitialia;
951 3194 1028 3279 sedw
1045 3193 1183 3280 eadem
1215 3201 1335 3284 etiarn
1359 3199 1476 3288 nobis
1503 3203 1639 3289 obser·
1666 3259 1675 3271 ·

209 3312 318 3396 vatio
341 3305 530 3394 edocebit
554 3227 661 3420 quid
669 3306 762 3390 mali
777 3309 923 3395 saciant
943 3311 1047 3392 acria
1065 3301 1290 3424 peculiaria.

261 3423 364 3506 Non
383 3424 492 3508 enini
514 3419 676 3538 perinde
698 3423 793 3527 erit,
813 3422 893 3506 sive
911 3447 952 3508 te
971 3419 1071 3533 aquai
1078 3420 1285 3650 prolueris
1295 3485 1310 3532 ,
1326 3427 1405 3512 sive
1419 3432 1638 3543 ingurgito·
1750 3427 1754 3434 ’

207 3539 309 3620 veris
343 3537 472 3636 vino;
506 3565 589 3620 nori
620 3561 681 3620 res
711 3533 850 3619 eadem
881 3531 1004 3642 salsa,
1037 3539 1076 3652 pi
1105 3563 1249 3645 erata,
1287 3537 1382 3622 oleo
1415 3547 1637 3628 aromatico

207 3647 439 3760 acribusque
460 3648 558 3734 soeta
588 3651 693 3734 intus
720 3647 921 3734 admisisse.
948 3649 1062 3758 Quid
1085 3653 1191 3734 acria
1216 3653 1258 3766 iq
1279 3679 1423 3766 corpus
1450 3681 1638 3768 vegetum

209 3787 405 3875 excepta,
442 3767 485 3846 ὰ
522 3758 667 3875 pluries
698 3761 844 3845 intrusa
880 3787 997 3874 agere
1036 3761 1180 3874 possint
1219 3761 1247 3845 si
1282 3764 1510 3850 adamussim
1538 3769 1638 3852 scire

207 3873 407 3982 volueris,
430 3871 570 3961 ⁴animo
589 3899 721 3960 teneas
740 3901 997 3985 quacumque
1011 3876 1167 3960 circum
1181 3878 1316 3962 haecce
1329 3881 1480 3991 ingenti
1499 3878 1638 3968 labore

208 4017 288 4074 con
318 3988 403 4074 effit
421 3984 711 4093 Boerrhavius,
732 4016 807 4074 nos
826 3984 1142 4073 observationem
1160 3987 1284 4072 solam
1310 3989 1548 4078 scitabimur.

264 4020 415 4186 Pinties
436 4106 478 4186 in
497 4105 607 4216 praxi
624 4099 780 4186 medici
796 4101 976 4186 videmus
996 4101 1132 4298 quod,
1154 4101 1249 4185 ditm
1270 4103 1366 4185 dura
1393 4131 1551 4217 urgeret
1569 4139 1637 4195 nea
1722 4188 1726 4194 .

211 4215 361 4300 cessitas
392 4215 585 4300 offerendi
614 4212 890 4329 egrotantibus
929 4243 994 4298 me
1022 4219 1217 4298 icamenta
1250 4217 1354 4296 acria
1390 4224 1637 4330 aromatica,

214 4328 311 4412 oleis
346 4325 499 4412 scilicet
533 4327 675 4414 referta
712 4325 1002 4433 essentialibus,
1033 4325 1305 4440 spiritibusque
1332 4327 1486 4417 acribus
1520 4360 1637 4447 atque

212 4438 464 4546 volatilibus,
489 4441 736 4552 quantumvis
760 4444 880 4524 etiam
899 4438 953 4521 ob
980 4437 1135 4522 causam
1157 4439 1381 4553 prodessent
1396 4441 1486 4551 illa,
1510 4472 1638 4558 erum

217 4580 350 4668 pererit
363 4552 478 4638 simul
498 4558 707 4670 herpetea,
729 4581 812 4636 non
826 4550 989 4637 illorum
1011 4549 1035 4634 ὲ
1057 4579 1202 4666 genere
1224 4558 1292 4665 qui
1307 4556 1489 4643 fluunt&
1507 4562 1638 4645 vicina

214 4669 459 4774 corrodunt,
476 4668 542 4758 sed
556 4668 807 4783 pruriginosis
826 4663 1034 4778 squammis
1048 4667 1331 4781 epidermidem
1348 4668 1576 4781 elevantes,
1596 4683 1638 4757 &a

212 4781 380 4868 totidem
399 4785 570 4866 minimis
595 4775 752 4896 pustulis
777 4780 984 4886 scatentes,
1003 4777 1026 4864 l
1045 4779 1186 4892 quibus
1203 4811 1370 4870 armatus
1393 4788 1502 4870 vitris
1522 4787 1637 4870 forti·

213 4893 284 4982 bur
311 4895 457 5018 ociilus
475 4893 614 4986 stillare
637 4893 790 4986 videret
811 4897 994 4985 munias
1016 4889 1195 5002 humoris
1216 4897 1418 5012 guttulas,
1444 4881 1554 4989 brevi
1571 4897 1638 4980 so·
1678 4947 1680 4952 .

1406 5141 1419 5178 Ι
