4226 5916
563 455 1128 560 ..corruere
1220 480 1223 485 ·
1528 406 1613 572 ἔζη

175 615 292 710 ttanti
327 615 369 703 vi
406 616 555 729 aliquid
585 619 751 734 periculi
775 622 1006 732 importat,
1042 617 1253 722 ucetiam
1288 645 1432 704 terram
1468 625 1610 708 ossrum

178 735 377 826 nutritiam
403 731 612 815 adoriatur.
638 731 767 842 Quod
791 732 957 816 sentiens
978 729 1177 815 Massarias
1197 732 1310 845 ipsrbs
1331 737 1412 816 vim
1439 735 1619 821 retundit

176 845 248 928 aut
270 847 502 958 exstinguit,
533 843 672 928 additis
700 843 853 928 cadmi&
880 843 1075 959 &lapide
1105 843 1360 950 calamina'ri,
1389 847 1609 959 spodioqrre

180 959 289 1064 usto,
312 966 353 1042 ὅ(
372 960 414 1038 in
428 955 621 1040 linimenti
636 958 920 1042 consrstentiam
934 961 1083 1064 coquit.
1101 958 1170 1038 Sic
1189 964 1230 1040 ὅ(
1250 954 1425 1040 Galenus
1439 967 1502 1062 (rr)
1519 961 1611 1044 suli..

179 1072 263 1182 gini
290 1097 339 1153 ex
360 1069 494 1152 charri
511 1067 589 1152 nst&
614 1069 794 1180 adebque
816 1068 982 1152 alcalint
1007 1067 1132 1182 jungit
1154 1095 1334 1174 acetum,
1363 1096 1406 1152 ut
1432 1078 1611 1184 topicum

175 1183 221 1282 ¹in
249 1180 346 1264 savis
374 1182 477 1294 apud
503 1183 689 1288 rusticos,
719 1189 810 1266 cbm
838 1180 913 1264 alia
937 1181 1108 1272 remedia
1132 1185 1262 1293 prastb
1293 1211 1374 1264 non
1401 1183 1532 1266 essent.
1557 1191 1613 1269 At

180 1293 290 1377 certe
320 1291 487 1378 alcalina
512 1291 654 1406 plantis
681 1293 972 1408 detergentibus
998 1298 1161 1375 remixta
1189 1294 1465 1400 aristolochiae,
1496 1296 1614 1408 bryo-

177 1409 276 1512 nia,
297 1403 419 1489 enulae
441 1436 658 1519 campana,
680 1404 706 1488 li
737 1409 846 1488 unici
865 1405 1082 1509 radicibus,
1105 1403 1264 1514 aliisque
1286 1403 1509 1510 hujusmodi
1530 1415 1614 1518 qui-

176 1513 254 1620 bus
280 1522 456 1601 austores
482 1518 631 1601 scatent
659 1437 812 1600 nuilum
838 1515 960 1600 srmile
993 1517 1200 1600 discrimen
1232 1517 1409 1600 afferunt.
1442 1520 1537 1602 Hire
1572 1531 1613 1604 δί

163 1629 383 1744 ¹emplastra
409 1629 559 1714 faciunt
591 1659 640 1716 ex
668 1631 979 1744 Pharmacopaeis
1006 1627 1189 1713 omnibus
1214 1627 1400 1712 deterfiva
1429 1637 1614 1716 cathare-

177 1745 293 1848 tica,
324 1741 448 1826 modb
475 1746 534 1826 vis
567 1739 732 1825 alcalina
762 1747 845 1824 non
875 1742 1108 1856 negligatur.
1139 1742 1228 1822 Imb
1257 1739 1499 1826 mulierculis
1529 1775 1613 1854 quae

173 1853 263 1938 sere
288 1853 378 1938 solae
406 1853 592 1937 morbum
615 1857 721 1938 hunc
747 1857 942 1968 attingunt
964 1852 1155 1936 familiare
1179 1852 1289 1957 vidi,
1319 1881 1392 1936 nec
1420 1857 1499 1940 srne
1523 1858 1613 1940 suc·
1739 1871 1742 1876 '

178 1967 288 2050 cellu
300 2030 315 2073 ,
339 1965 571 2050 calanticam
589 1969 780 2078 imperare
803 1996 886 2077 quae
907 1995 956 2050 ex
978 1963 1057 2049 tel&
1075 1963 1204 2048 ceratai
1226 1963 1341 2048 viridi
1365 1971 1614 2054 conficiatur.

176 2077 284 2163 Haec
302 2077 516 2185 cerussam,
536 2109 618 2218 puae
640 2079 792 2194 semper
814 2077 960 2189 aliquid
980 2079 1246 2191 adstringentis
1266 2075 1407 2184 habet,
1429 2087 1469 2162 δι
1489 2083 1615 2164 viride

176 2187 266 2280 acris
283 2189 423 2304 magns
443 2195 560 2306 copia
579 2195 730 2306 recipit.
757 2188 933 2276 Solvitur
949 2221 1039 2274 cera
1057 2189 1078 2274 *a
1093 2194 1229 2301 capitis
1249 2187 1404 2294 calore,
1428 2199 1468 2274 ὃ(
1494 2221 1616 2306 agunt

174 2303 313 2396 uisuri
334 2304 648 2408 medicamenta,
677 2304 989 2412 deterfivumque
1012 2306 1057 2385 fit
1076 2305 1164 2385 satis
1188 2301 1353 2406 efficax,
1375 2309 1416 2384 b<
1433 2333 1515 2386 non
1536 2307 1616 2388 fine

207 2413 365 2498 ericulo
385 2416 463 2496 srve
483 2417 659 2496 humoris
675 2415 961 2526 repercutiendi
977 2476 989 2518 ,
1007 2416 1085 2496 srve
1099 2439 1309 2496 nervorum
1325 2415 1615 2512 imitandorum.
1710 2439 1720 2458 ’

101 2605 105 2610 ,
171 2445 302 2610 slusa
321 2527 385 2606 hlc
406 2521 623 2607 exscribere
639 2555 721 2633 quae
741 2552 790 2608 ex
810 2521 1033 2629 hujusmodi
1049 2527 1301 2608 cathaereticis
1320 2525 1421 2636 apud
1439 2530 1616 2611 auctores

172 2634 481 2753 prascribuntur
512 2635 714 2749 emplastra
743 2639 849 2720 uetat
877 2635 1038 2750 pudor,
1074 2663 1124 2718 ne
1152 2636 1243 2717 ditm
1273 2636 1452 2746 prodelle
1479 2643 1617 2746 quari-

172 2781 297 2856 mus,
319 2747 613 2862 circumscripti
632 2751 745 2830 nimis
769 2749 963 2831 methodo
979 2776 1216 2850 noceamus,
1238 2751 1328 2827 cirm
1344 2748 1455 2829 suum
1474 2753 1619 2860 cuique

172 2861 434 2948 tribuendum
455 2863 528 2967 srt,
556 2858 678 2945 libros
703 2888 832 2946 autem
859 2857 1114 2944 scribentibus
1137 2858 1328 2972 fugiendae
1349 2859 1421 2944 snrt
1445 2866 1617 2974 particu-

173 2975 284 3060 lares
305 2973 592 3080 indicationes,
614 2972 815 3086 generales
836 2973 1034 3056 sesiandae.

236 3087 297 3168 At
317 3112 453 3171 curato
481 3084 581 3170 bene
605 3087 763 3198 capite,
786 3093 826 3167 ὃ(
852 3084 1037 3168 omnibus
1067 3081 1115 3165 ad
1146 3085 1375 3166 cicatricem
1401 3113 1615 3200 properan-

171 3197 308 3313 tibus,
323 3201 556 3284 exsrccantia
565 3259 579 3302 ,
594 3195 839 3282 absorbentia
853 3195 1054 3312 emplastra
1068 3195 1322 3307 apponenda,
1345 3195 1517 3283 lotiones
1531 3230 1618 3284 aro-

172 3314 361 3418 marica,
381 3341 464 3393 non
482 3339 531 3394 ex
550 3313 645 3392 vino
655 3373 669 3416 ,
691 3338 740 3393 ne
758 3309 931 3415 acescat,
948 3309 1015 3392 sed
1033 3337 1082 3392 ex
1096 3305 1196 3414 aquai
1210 3307 1351 3391 leniter
1371 3307 1535 3394 alcalinal
1548 3314 1614 3396 diu

172 3423 498 3510 administranda.
537 3423 685 3505 Verum
719 3450 846 3506 metus
878 3425 930 3507 est
960 3418 1200 3534 experientis
1227 3419 1507 3506 demonstratus
1521 3487 1537 3530 ,
1565 3451 1616 3508 ne

175 3534 321 3650 capilli
348 3564 547 3645 nunquam
574 3534 833 3620 succrescant.

236 3651 297 3732 At
320 3645 415 3731 verb
443 3647 653 3755 aliquando
678 3651 784 3730 tinea
808 3642 1021 3839 negligitur
1034 3705 1049 3750 ,
1074 3643 1168 3752 quid
1197 3639 1415 3756 anegleslzi
1445 3647 1616 3731 accidit?

174 3758 370 3846 Difficile
401 3762 454 3842 est
476 3760 672 3869 questioni
704 3759 845 3872 respon
874 3783 951 3839 ere.
974 3757 1030 3837 At
1056 3758 1097 3836 in
1130 3782 1274 3868 genere
1296 3780 1382 3838 aetas
1408 3785 1496 3839 eam
1523 3759 1616 3841 diri-

174 3877 275 3956 mit.
305 3869 494 3954 Calvities
522 3871 735 3953 antediem
765 3869 833 3984 ipsr
864 3867 1066 3973 succedit,
1093 3875 1134 3952 bt
1158 3871 1324 3951 mutatio
1355 3873 1472 3950 artatis
1498 3897 1615 3978 atque

173 3988 402 4070 humorum
424 4011 511 4066 eam
531 3979 639 4064 tollit
656 3985 697 4063 in
719 4012 792 4096 pan
822 3982 957 4064 erioris
979 3977 1092 4064 sortis
1115 3977 1341 4062 hominibus
1362 3979 1461 4062 duro
1480 3977 1618 4068 labore

177 4095 396 4184 confessis.
418 4098 474 4179 At
491 4098 532 4176 in
551 4097 597 4175 iis
616 4091 683 4202 qui
705 4013 927 4209 opuldntilrs
950 4095 1088 4176 vivunt
1109 4100 1150 4176 &
1174 4121 1255 4174 non
1274 4093 1439 4174 vincunt
1458 4093 1621 4180 hostiles-

174 4237 347 4295 atomos
366 4237 434 4321 per
457 4209 552 4291 dura
576 4211 785 4312 exercitia,
807 4235 879 4320 per
901 4209 1047 4290 rislum
1068 4234 1260 4319 parvum,
1286 4201 1524 4310 alcalinum,
1543 4210 1588 4290 iis
1599 4271 1616 4314 ,

176 4329 372 4433 inquam,
392 4323 419 4403 sr
437 4324 582 4405 tineam
600 4318 799 4431 negligere
819 4320 875 4401 fas
894 4319 1010 4421 esset,
1028 4317 1165 4398 sensrm
1181 4343 1319 4397 omnes
1343 4314 1621 4410 obturarentur

175 4431 385 4550 glandulae
405 4467 415 4515 :
440 4437 545 4516 tinea
563 4435 603 4513 in
623 4429 956 4533 strumasabiret,
985 4437 1028 4511 ὃ(
1050 4453 1121 4510 aut·
1137 4429 1279 4539 phthili
1302 4427 1618 4538 conficerentur,

175 4572 259 4648 aut
276 4545 459 4659 ⁴hydrope
480 4543 637 4628 tandem
664 4541 846 4625 obstrusli
867 4545 1049 4654 perirent.

246 4657 363 4740 Unde
414 4683 492 4741 aret
519 4661 708 4766 quantum
733 4681 858 4768 operae
883 4654 927 4736 srt
945 4657 1142 4766 pretium,
1173 4652 1319 4735 tineam
1340 4649 1406 4735 vel
1426 4649 1619 4736 leviorem

171 4799 275 4860 non
303 4687 533 4882 negligere,
559 4771 641 4851 imb
668 4771 808 4852 curatis
839 4763 993 4850 abhoc
1021 4764 1128 4850 malo
1140 4827 1156 4875 ,
1184 4794 1259 4850 nec
1286 4763 1433 4876 aliquid
1458 4767 1623 4879 pristina.⁹

244 4926 299 5000 (α)
319 4921 379 4986 Lib.
401 4943 454 4996 ro,
476 4923 510 4986 de
526 4920 627 5006 Comp.
643 4923 716 4986 lllltd.
731 4922 784 4986 stc.
799 4925 872 4988 loca.
885 4943 945 5006 cap.
961 4927 993 4988 8.
