4188 5916
456 343 592 528 ’,οι
755 379 758 386 ’
949 405 1484 500 uentorum

546 567 636 658 Ubi
656 568 753 662 verb
773 579 911 692 herpes
933 574 1003 660 ille
1023 573 1227 692 rapiditate
1249 574 1461 682 decursis,
1483 571 1586 660 cutis
1604 565 1808 688 asperitate
1827 590 1935 652 nota·

500 676 644 772 bilis&
670 687 1002 805 multiplicatione
1029 688 1245 802 rhagadum
1271 689 1352 773 sese
1376 685 1626 801 spesiabilem
1651 685 1775 790 fecit,
1808 685 1865 768 ita
1893 703 1935 766 ut

500 797 616 884 altiirs
631 803 782 916 infligat
825 798 931 914 lagas
953 808 995 886 bt
1018 803 1173 886 rosrone
1188 805 1339 915 ingenti
1356 801 1658 915 circumserpat,
1672 796 1818 882 dicitur
1834 795 1935 886 trei-

501 945 595 1012 μυος
605 974 620 1018 ,
642 913 708 999 seu
729 943 776 998 ro
806 941 895 1020 ens,
918 911 940 997 b
961 912 1104 1000 miliari
1122 913 1306 1000 differens
1322 916 1433 1026 qubd
1451 915 1652 1000 evidentes
1671 909 1834 1025 papulas
1852 935 1935 996 non

501 1025 697 1144 proferat,
718 1025 1055 1142 bphagoedenicis,
1076 1027 1141 1112 seu
1162 1025 1445 1140 phlysloenode
1458 1027 1509 1112 de
1523 1023 1601 1137 quir
1622 1055 1716 1108 mox
1742 1048 1933 1137 agemus,

504 1138 614 1252 quod
635 1169 717 1221 non
738 1143 874 1224 intima
894 1144 996 1226 cutis
1013 1144 1141 1225 inurat
1162 1149 1204 1225 ὃ(
1217 1138 1362 1224 ulceris
1384 1141 1540 1225 crustosr
1557 1140 1727 1224 sormam
1747 1166 1832 1221 non
1850 1163 1935 1249 pto

502 1247 628 1336 serat.
642 1249 723 1335 Ubi
740 1282 838 1368 ergo
855 1255 1048 1370 proserpit
1070 1250 1236 1338 celerius
1257 1251 1376 1364 quim
1397 1279 1534 1338 natura
1553 1249 1738 1367 simplicis
1762 1251 1814 1333 he
1862 1251 1935 1332 etis

503 1359 697 1478 postulare
713 1367 889 1472 viderur,
907 1366 957 1453 ad
972 1371 1053 1451 boc
1069 1365 1287 1451 secundum
1304 1393 1427 1481 genus
1442 1367 1631 1452 referetur
1641 1367 1805 1480 herpes,
1841 1361 1935 1448 oedi-

388 1574 391 1580 ,
501 1501 583 1610 tate
607 1481 739 1591 potius
768 1477 885 1590 qubm
914 1483 1092 1566 cruciatu
1112 1478 1409 1564 incommodus.
1438 1479 1634 1589 Quamvis
1656 1479 1763 1562 enirn
1787 1475 1933 1560 lectum

502 1589 1935 1818 utunturreru:elrrlrlrrrsrlerrlmarr

502 1842 614 1916 nem;
627 1817 855 1902 itaurmulti
866 1821 938 1904 srnt
949 1847 1049 1930 quos
1060 1818 1277 1926 redivivus,
1294 1819 1595 1933 dlrmvercaput
1606 1814 1780 1924 extollit,
1793 1819 1932 1930 herpes

503 1925 654 2044 affligar
665 1994 678 2037 ,
702 1933 787 2047 post
804 1935 980 2016 autumni
998 1932 1162 2018 ultimos
1183 1931 1336 2017 calores
1360 1928 1513 2039 abiens,
1540 1927 1783 2014 consoletur.
1812 1933 1870 2013 At
1887 1957 1933 2014 ex

504 2039 689 2130 omnibus
714 2043 938 2159 herpetibus
965 2049 997 2130 is
1019 2049 1160 2156 estqui
1186 2043 1397 2161 plurimum
1414 2047 1611 2130 invehitur
1633 2043 1864 2150 infaciem,
1892 2049 1932 2128 st

502 2152 660 2240 vultum
693 2155 801 2241 sexui
832 2157 933 2242 adeb
964 2155 1151 2250 dileaum
1182 2158 1295 2242 detur
1322 2184 1361 2241 at
1391 2157 1643 2269 frequentius.
1680 2155 1772 2239 Imb
1804 2153 1932 2240 multa

501 2267 592 2352 sunt
619 2273 659 2352 in
683 2268 1131 2370 visceribusreconditae
1153 2272 1233 2354 stne
1312 2299 1337 2354 o
1363 2270 1443 2354 alio
1463 2269 1728 2354 incommodo
1757 2265 1931 2354 obstruc-

502 2383 634 2467 tiones
661 2411 746 2493 qua
774 2382 889 2468 nullo
919 2383 999 2468 alio
1029 2386 1223 2470 carabere
1253 2386 1495 2518 herpeticam
1524 2385 1721 2496 originem
1748 2381 1932 2467 demons-

503 2519 634 2603 tram,
660 2497 729 2579 nist
757 2497 867 2608 qubd
894 2496 962 2581 ubi
994 2497 1216 2583 admoveris
1240 2527 1262 2580 a
1289 2501 1451 2582 errentia
1481 2494 1709 2607 malumque
1738 2495 1932 2581 viscerum

503 2607 719 2716 decrescit,
736 2608 988 2696 succrescunt
998 2609 1112 2695 illicb
1121 2673 1135 2719 ,
1153 2618 1194 2697 ὃ(
1209 2638 1233 2694 e
1280 2611 1465 2696 orescunt
1480 2613 1683 2726 herpetes,
1699 2612 1752 2700 ita
1767 2635 1814 2692 ut
1830 2609 1933 2694 male
2083 2645 2084 2670 ι

382 2739 410 2800 .·
502 2722 640 2806 secum
652 2725 717 2836 agi
732 2722 896 2809 credant
911 2756 940 2806 τ
988 2751 1163 2832 orantes,
1188 2749 1264 2809 nec
1283 2721 1401 2808 facile
1421 2726 1616 2838 patiantur
1637 2719 1733 2832 ultrd
1752 2721 1933 2807 medica·

502 2838 645 2920 mentis
670 2834 793 2920 tendi.
823 2836 937 2922 Nobi
955 2838 1118 2922 issrmam
1142 2841 1239 2923 novi
1269 2837 1475 2920 foeminam
1496 2867 1580 2947 quae
1606 2840 1697 2920 clun
1720 2834 1934 2920 intimioris
2083 2843 2084 2909 l

501 2951 604 3030 uteri
628 2947 866 3033 cruciatibus
892 2977 1126 3065 angeretur,
1153 2948 1303 3034 balneis
1324 2975 1442 3060 atque
1464 2946 1725 3065 aperientibus
1745 2947 1843 3032 ditm
1862 2952 1934 3032 mi·
2083 2965 2084 3042 ξ

501 3058 618 3142 tescit
632 3058 800 3167 malum,
821 3059 929 3146 obsto
960 3060 1117 3148 escebat
1132 3092 1251 3177 genas
1274 3061 1498 3178 herpetibus
1520 3059 1839 3178 proserpentibus
1856 3059 1934 3146 illis
2083 3119 2084 3122 κ

501 3173 640 3256 nostris
664 3170 806 3257 foedari
818 3236 832 3279 ,
860 3093 958 3258 und
1070 3177 1073 3182 ’

502 3281 710 3369 doloribus
725 3287 843 3396 atque
859 3284 1032 3394 ejusdem
1052 3291 1316 3404 harmonagiis
1335 3289 1516 3374 confessa
1537 3291 1664 3404 periit.
1690 3287 1933 3404 Neglesium
2083 3315 2084 3330 ¹

502 3399 611 3483 enim
630 3399 746 3482 nimis
765 3399 994 3485 diurnarum
1022 3397 1121 3509 iarn,
1151 3399 1412 3488 vesrcantibus
1440 3429 1557 3514 atque
1584 3404 1767 3488 cauteriis
1793 3403 1935 3488 tardius

401 3521 403 3525 ’
501 3507 708 3618 adhibitis,
735 3510 953 3600 auscultare
978 3512 1180 3600 dedidicit.

560 3623 714 3708 Rarum
729 3626 890 3736 quidem
904 3630 956 3713 eli
970 3631 1010 3712 in
1026 3627 1197 3714 maxime
1210 3629 1397 3714 diuturno
1415 3624 1523 3711 malo
1538 3625 1758 3742 periculum
1773 3626 1935 3740 aliquod

501 3738 734 3843 imminere,
758 3739 843 3821 imb
857 3739 1099 3855 longarvarn,
1114 3742 1183 3828 sed
1206 3741 1384 3827 miseram
1406 3739 1475 3824 fibi
1497 3744 1616 3826 vitam
1631 3740 1836 3856 spondere
1854 3739 1935 3856 pos

501 3850 591 3936 sunt
609 3853 692 3936 hoc
712 3850 854 3936 assessu
872 3851 1107 3940 laborantes.
1125 3855 1239 3968 Quid
1257 3857 1393 3940 enimi
1411 3855 1507 3938 Exit
1520 3853 1612 3938 indb
1630 3852 1824 3964 quidquid
1844 3883 1936 3940 cor·
2083 3951 2084 3976 Ν

501 3993 707 4160 ruptorum
727 3963 857 4080 pollet
872 3967 976 4051 intirs
994 3994 1341 4054 excrementorum
1361 3965 1640 4052 morbosorum
1662 3969 1855 4080 generari.
1883 3965 1936 4052 Et
2083 4003 2084 4042 ÷

943 3175 965 3258 ὲ
989 3179 1095 3291 prius
1120 3174 1269 3262 malum
1296 3202 1485 3261 revocare
1509 3176 1623 3281 ausa,
1647 3175 1810 3260 tandem
1835 3178 1934 3260 uteri
2083 3205 2084 3224 ¹

500 4081 543 4160 vi
570 4107 638 4165 ere
656 4081 709 4163 tsi
730 4079 913 4187 rusticos,
931 4079 1140 4195 praesertim
1161 4095 1213 4166 ex·
1232 4080 1396 4167 illorum
1420 4106 1566 4194 genere
1586 4109 1654 4191 qur
1678 4081 1937 4165 exercitatam
2083 4127 2084 4144 ι

502 4191 624 4272 uitam
645 4219 789 4304 agunt,
823 4195 892 4305 qui
918 4193 1222 4279 incommodum
1249 4193 1339 4279 leve
1367 4192 1588 4307 spernentes
1619 4189 1747 4300 foedi,
1781 4193 1938 4307 putidi,
2083 4190 2084 4220 ¹

503 4300 633 4386 oeulis
653 4305 853 4391 retorridis
879 4303 1086 4393 &rubore
1110 4307 1320 4392 immundo
1344 4305 1612 4421 plorantibus,
1639 4331 1862 4391 extremam
1889 4305 1939 4392 ad
2083 4367 2084 4384 .

501 4411 624 4522 usque
641 4412 878 4504 senesiutem
897 4423 1150 4532 perveniunt,
1170 4423 1253 4504 imb
1270 4420 1480 4534 decrepitis
1498 4416 1653 4504 senibus
1671 4421 1768 4504 inest
1786 4419 1940 4534 aliquid
2083 4531 2084 4538 Ν

497 4522 553 4607 sd
575 4551 707 4610 cutem
731 4529 826 4612 undi
855 4531 905 4614 ub
929 4533 1038 4640 quod
1057 4530 1142 4640 jure
1165 4537 1411 4649 hespericum
1431 4559 1578 4618 vocare
1602 4532 1733 4648 poffis.
2083 4599 2084 4604 Ν

554 4637 703 4722 Verbm
726 4561 989 4726 licbtblande
1012 4674 1059 4730 ac
1081 4646 1188 4733 lente
1212 4649 1365 4732 insidias
1386 4649 1503 4730 struat
1523 4641 1672 4730 malum
1694 4643 1797 4730 illud
1809 4707 1826 4752 ,
1853 4677 1941 4732 non
2083 4717 2084 4742 ,

499 4751 667 4838 omnino
677 4749 934 4864 spernendum
943 4757 1007 4838 est.
1016 4757 1304 4875 Contagiosum
1318 4760 1394 4846 elle
1407 4757 1530 4845 docet
1540 4759 1945 4874 experientia.Hanc·
2083 4779 2084 4866 T

495 4889 577 4980 que
591 4863 903 4982 proposrtiouem
922 4866 1136 4957 observatis
1153 4871 1331 4988 pluribus
1351 4871 1615 4990 comprobare
1632 4869 1788 4989 poss'em
1797 4935 1816 4988 ,
1837 4871 1942 4964 licet
