4250 5898
466 355 549 469 rar
746 296 813 376 Ὗ
915 353 1444 444 onnonars

468 524 600 606 minor
610 519 730 636 niger
753 517 864 626 cuius
888 523 1116 634 punfiuram
1141 549 1223 606 non
1243 521 1394 606 sentiar.
1422 519 1570 604 Cutem
1596 537 1729 601 tamen
1748 512 1812 602 san
1870 509 1908 600 {a

469 635 553 718 neis
578 632 742 718 maculis
764 636 902 716 inlicit.
925 631 1016 716 Alia
1038 633 1185 748 species
1205 663 1323 827 apuam
1343 629 1599 746 maringuoins
1618 655 1787 734 vocant,
1863 657 1905 713 e-

469 749 556 858 pitu
583 772 722 850 terret,
751 745 973 858 priusquam
1000 745 1133 829 morsu
1158 745 1212 829 do
1233 773 1344 829 orem
1369 771 1500 828 acrem
1524 745 1687 849 incitet,
1709 743 1905 852 fumoque

464 857 639 970 sugatur.
657 858 778 941 Aliud
794 861 846 942 est
862 858 1421 990 inseflum2mapyerivocant
1433 861 1483 962 (α)
1504 855 1749 940 Gaianenses
1760 917 1775 961 ‚
1794 851 1906 965 quod
1981 903 1984 914 ·

395 969 399 976 ’
471 997 607 1054 curem
621 971 712 1054 itas
731 969 876 1054 hacelo
893 973 1042 1078 inlicit,
1061 996 1130 1054 ut1
1159 999 1210 1054 ne
1226 975 1381 1054 inurere
1393 994 1541 1084 partem
1555 997 1631 1084 pro
1645 969 1904 1052 unico-reme·

470 1081 539 1164 dio
569 1083 626 1165 stt.
660 1001 752 1166 Alia
776 1083 906 1168 forsan
929 1083 1016 1166 sunt
1041 1001 1179 1166 similia
1201 1081 1326 1166 multa
1351 1111 1459 1193 qua,
1486 1079 1555 1163 sub
1580 1083 1777 1166 viatorum
1800 1079 1906 1188 fide,

462 1194 616 1288 ¹referre
639 1193 808 1309 longum
832 1195 938 1279 foret
961 1201 1002 1277 ὃ(
1024 1193 1174 1279 inutile.
1205 1193 1355 1279 Saltem
1380 1221 1430 1280 ex
1454 1196 1587 1388 positis
1614 1197 1679 1278 hic
1703 1197 1905 1310 principiis

468 1335 589 1390 nemo
616 1337 700 1392 non
724 1309 865 1421 agendi
889 1310 1083 1392 rationem
1108 1306 1296 1392 similibus
1318 1311 1359 1390 in
1380 1307 1455 1390 cast
1484 1337 1529 1390 us
1556 1309 1750 1423 reperiet,
1778 1306 1905 1390 modo

469 1452 554 1506 non
577 1449 653 1506 ova
680 1424 722 1503 in
744 1423 893 1504 inflieto
919 1418 1083 1505 vulnere
1104 1422 1307 1537 deponant
1328 1419 1492 1524 insuta,
1523 1419 1632 1528 quod
1657 1418 1793 1504 inultis
1818 1422 1904 1502 ani·

468 1531 651 1618 malculis
666 1563 882 1618 commune
897 1533 973 1617 else
983 1533 1118 1618 suadet
1131 1533 1312 1648 analoga
1320 1597 1333 1640 ,
1350 1533 1445 1644 qui,
1458 1535 1551 1615 teste
1561 1530 1627 1616 Cl.
1642 1533 1905 1638 Reaumur05

471 1649 754 1732 demonstratur
786 1677 869 1730 non
897 1645 1012 1730 aliam
1042 1646 1096 1730 ob
1132 1648 1285 1731 causam
1310 1644 1359 1729 ab
1386 1643 1718 1729 ichneumonibue
1747 1645 1903 1760 perfodi

469 1760 645 1876 pulices,
671 1761 738 1842 nist
766 1787 810 1843 ut
833 1763 874 1842 in
894 1760 1059 1844 vulnere
1080 1760 1263 1876 depositis
1287 1762 1372 1842 ovis
1397 1756 1467 1840 sub
1492 1758 1666 1871 ipsorum
1687 1755 1902 1844 visceribus

413 1891 416 1898 '
469 1873 620 1959 crescat
636 1871 902 1977 vermiculus,
927 1875 995 1984 qui
1021 1877 1065 1955 in
1086 1871 1343 1984 chrysalidem
1366 1871 1523 1988 primi),
1550 1870 1641 1954 dein
1668 1874 1710 1953 in
1734 1873 1901 1955 ichneu-

468 2013 634 2068 monem
656 1983 826 2068 facessat.
858 1986 902 2066 δῖ
923 1984 1003 2067 tale
1028 1984 1123 2094 quid
1145 1983 1372 2068 hominibus
1393 1982 1604 2088 acciderit,
1629 1983 1738 2068 certe
1757 1981 1901 2094 absque

468 2095 599 2206 aliquit
626 2095 666 2178 su
696 2099 902 2210 putatione
927 2095 1018 2180 tolli
1038 2096 1158 2180 ovula
1176 2099 1259 2180 haec
1282 2093 1547 2212 impoffibile:
1573 2097 1628 2179 srn
1651 2100 1779 2180 minias
1798 2093 1899 2184 intri

467 2234 602 2296 cutem
628 2238 649 2294 a
679 2207 886 2309 olescent3
911 2209 961 2294 de
982 2211 1043 2293 his
1065 2205 1164 2292 insti
1185 2209 1399 2294 dicendum
1422 2212 1508 2292 erit.

521 2318 710 2407 Praeterei
731 2321 952 2405 notandum
975 2324 1028 2407 est
1050 2351 1133 2405 non
1152 2321 1338 2406 eumdem
1357 2323 1433 2407 esse
1458 2323 1640 2410 effesium
1665 2320 1900 2408 infestorum

468 2460 602 2524 cutem
648 2437 882 2546 ungentium
901 2439 942 2518 in
963 2462 1103 2520 eorum
1124 2461 1257 2520 cutem
1281 2438 1347 2545 qui
1371 2439 1418 2517 iis
1433 2435 1734 2518 assueverunt&
1757 2434 1900 2549 pluries

468 2467 647 2636 demorli
657 2547 767 2651 sunt,
792 2549 896 2657 quast
915 2546 1153 2644 fastidiosum
1176 2555 1219 2630 lit
1236 2551 1502 2661 praegustatum
1522 2545 1656 2630 cibum
1677 2544 1900 2658 spernerent

414 2747 417 2750 .
464 2657 677 2746 helluones
698 2657 782 2742 illi:
803 2657 933 2744 multo
957 2662 1152 2744 minorem
1168 2663 1209 2744 in
1227 2661 1429 2774 indigenas
1451 2657 1569 2771 quim
1587 2661 1629 2744 in
1646 2657 1838 2770 advenas,
1857 2665 1898 2746 in
1971 2661 1974 2668 ’

467 2777 574 2858 viros
604 2781 645 2858 dt
670 2773 780 2856 senes
808 2771 926 2883 quim
951 2776 992 2856 in
1018 2781 1163 2888 pueros
1189 2774 1382 2862 ferociam
1408 2801 1606 2860 exercent.
1623 2795 1648 2842 ⁸

524 2885 827 2999 importunitate
840 2883 1093 2970 volitantium
1107 2889 1301 2971 horumce
1320 2885 1548 2970 animalium
1567 2884 1680 3000 pejor
1699 2889 1754 2974 est
1771 2887 1899 2972 adhuc

466 2994 536 3080 illa
556 3027 639 3106 quae
658 2998 805 3109 pendet
823 2995 845 3081 'a
864 2996 1036 3086 bestiolis
1060 2997 1138 3102 illie
1157 3029 1265 3112 qua,
1289 3002 1358 3084 etsi
1381 2998 1452 3084 alis
1472 3000 1656 3084 destituta
1667 3062 1682 3106 ‚
1704 3031 1756 3086 ex
1776 2999 1899 3085 nostri

329 3167 334 3180 ·
465 3108 671 3199 substantii
693 3107 882 3222 pabulum
907 3138 1081 3221 quarunt
1093 3175 1109 3218 ,
1129 3139 1175 3196 ut
1199 3113 1287 3196 sunt
1307 3116 1469 3198 cimices
1488 3115 1672 3196 nostrates
1698 3114 1898 3199 horrendo

465 3225 599 3336 putori
625 3225 855 3336 pontiuram
882 3221 1134 3308 dolorificam
1161 3221 1394 3339 jungentes,
1424 3229 1724 3340 &importuno
1751 3227 1897 3310 incessu

465 3337 658 3448 pruritum
676 3337 717 3420 in
734 3357 849 3439 cute,
864 3336 949 3420 imi)
963 3343 1004 3420 lit
1019 3341 1255 3421 anxietatem
1267 3336 1524 3422 universalem
1544 3343 1597 3422 ita
1611 3339 1896 3454 producentes,

462 3472 508 3530 ut
526 3447 688 3530 somnos
708 3461 992 3533 avertant'toto
1012 3447 1086 3532 illo
1103 3476 1284 3564 tempore
1299 3481 1380 3562 quo
1401 3455 1501 3536 astas
1517 3452 1728 3567 perdurat3
1751 3455 1836 3536 imi)
1855 3460 1896 3536 dt

465 3563 611 3670 hyeme
631 3560 873 3673 resurgentes
896 3561 945 3644 ad
968 3563 1170 3671 morsum,
1193 3565 1222 3646 fi
1242 3562 1428 3648 cubicula
1449 3568 1503 3648 ita
1527 3565 1708 3677 disposita
1732 3567 1828 3672 sint,
1852 3591 1894 3649 ut

463 3699 665 3783 nunquam
683 3687 771 3755 aere
802 3673 996 3787 frigidiori
1023 3679 1246 3789 perdentur.
1281 3680 1347 3759 An
1368 3677 1475 3761 idem
1494 3677 1583 3761 sunt
1608 3703 1727 3788 atque
1748 3677 1895 3762 culices

461 3785 623 3870 rotundi
646 3786 695 3874 dc
713 3783 853 3894 quibus
870 3790 911 3873 in
925 3786 1158 3902 anthologia
1174 3823 1183 3872 :
1200 3787 1308 3873 certe
1328 3787 1412 3872 alia·
1423 3809 1630 3876 aratorum
1651 3788 1894 3875 rubicundo-

461 3929 550 3982 rum
582 3898 731 4013 species
762 3903 895 3984 versia
933 3903 1121 4014 pratensra
1158 3899 1363 3986 domicilia
1395 3903 1570 3987 noscitur
1594 3933 1680 4013 quae
1705 3903 1889 4018 sanguine

459 4016 605 4124 pariter
621 4015 768 4098 vivant.
784 4011 830 4094 In
845 4011 985 4097 eidem
998 4011 1113 4099 classe
1131 4009 1384 4100 eontinentur
1399 4013 1550 4130 pulices
1564 4079 1578 4122 ‚
1598 4013 1713 4100 nullo
1734 4017 1888 4126 quidem

460 4124 588 4210 odore
614 4125 776 4208 distintii
789 4186 803 4229 ,
832 4123 899 4208 sed
924 4129 1158 4210 acerrimum
1183 4130 1404 4242 infligentes
1432 4128 1619 4213 morsum.
1647 4128 1708 4214 Hi
1734 4128 1891 4238 quidem

459 4233 509 4320 ab
532 4265 614 4319 uno
642 4235 799 4336 animali
819 4239 860 4319 in
885 4235 995 4320 aliud·
1014 4239 1202 4326 feruntur.
1232 4243 1323 4325 Nec
1347 4243 1415 4322 uni
1441 4241 1586 4356 speciei
1609 4241 1752 4330 addidi
1780 4241 1891 4348 sunt,

456 4343 481 4428 ὲ
503 4346 693 4454 canibus,
721 4346 878 4454 bobus,
895 4348 1066 4458 felibus,
1092 4355 1132 4436 in
1153 4356 1564 4439 hominemtranssati.
1592 4351 1775 4440 Pediculi
1796 4355 1890 4440 vero

455 4457 523 4540 feu
571 4459 659 4550 ‚ades
683 4460 776 4546 diei
799 4458 969 4568 Plauto,
995 4466 1063 4572 qui
1084 4464 1323 4575 squallorem
1348 4465 1631 4580 &spurcitiem
1653 4466 1888 4576 sequuntur,

456 4575 499 4666 ,dt
528 4489 578 4666 dd
607 4569 748 4679 quibus
777 4573 907 4685 posted
936 4574 1107 4660 articulo
1132 4577 1322 4690 peculiari
1347 4578 1562 4664 dicendum
1571 4583 1691 4686 ,erir‚
1717 4581 1821 4662 inter
1846 4605 1892 4666 ee

450 4680 597 4767 infesta
624 4685 767 4770 merito
792 4712 1043 4774 numerantur
1065 4697 1148 4802 qua
1173 4691 1312 4778 nidum
1336 4693 1378 4776 in
1403 4693 1540 4786 nostrie
1567 4719 1722 4808 ponunt
1748 4717 1888 4808 corpo·

494 4839 552 4924 (ι)
572 4837 663 4902 Tou.
685 4859 720 4912 ι,
739 4836 786 4899 lib,
804 4859 832 4902 2.

1786 4925 1886 5016 ribut
