4186 5908
644 417 1165 518 curamurn.
1534 455 1620 554 ,a

857 547 863 577 l

175 585 284 702 aque
300 582 558 702 reperiurrdoa
577 591 597 692 3‘
613 587 807 676 rancescit
824 592 868 676 in
886 589 1108 677 senioribus
1128 600 1170 677 dt
1189 589 1269 678 illia
1290 594 1440 706 quibua
1455 599 1616 716 opipara
1676 587 1680 596 ⁴

174 705 255 788 vita
275 703 372 787 varii
396 703 550 816 generis
576 702 780 802 farcimina
805 703 1130 814 &embammata
1154 705 1403 821 suppeditat:
1427 717 1616 828 putrescit
1732 795 1736 804 .

172 809 273 900 iniis
289 811 431 928 quibus
441 878 456 923 ‚
475 843 541 900 aut
556 813 641 902 lues
655 815 917 904 dventriculo
933 819 1087 933 putrida
1102 817 1226 904 ferun
1244 824 1285 904 in
1299 824 1513 910 humorum
1531 859 1615 916 mo·

173 925 282 1036 lem,
305 953 375 1012 aut
393 926 551 1014 aliunde
573 933 758 1016 accersita
779 934 883 1016 intus
905 937 1090 1049 erumpit.
1118 933 1167 1016 In
1190 931 1316 1018 tribue
1334 939 1442 1024 bisce
1459 937 1614 1030 'casrbue

173 1041 386 1128 naseuntur
402 1043 841 1151 omninodiversr,ti1m
852 1043 1012 1153 indole,
1027 1051 1112 1132 tiun
1127 1047 1455 1166 symptomatibua
1468 1055 1613 1145 morbi.

226 1158 297 1240 Ast
310 1152 411 1242 illud
424 1159 471 1242 iis
486 1163 704 1242 commune
719 1160 772 1243 est
791 1157 900 1270 quod
922 1161 1279 1274 reposui'in'mu'co
1293 1162 1454 1271 morbi,
1477 1171 1549 1251 nisr
1562 1173 1613 1258 ad

172 1269 371 1388 putridam
392 1270 584 1356 accedant
600 1270 804 1380 indolem,
819 1271 999 1392 adebque
1012 1276 1121 1358 muci
1136 1270 1382 1360 substantiam
1397 1277 1612 1394 destruant,

173 1411 220 1470 ut
239 1381 558 1497 pestilentialibua
582 1382 733 1472 morbis
756 1387 961 1502 proprium
986 1387 1061 1493 est,
1089 1385 1255 1472 difficile
1279 1389 1495 1476 admodirm
1519 1425 1615 1510 pro-

165 1498 348 1614 serpant,
366 1495 421 1583 ob
432 1525 615 1584 tenacem
629 1502 738 1584 muci
752 1495 953 1608 indolem,
966 1527 1042 1586 nec
1058 1499 1241 1585 sanentur
1254 1500 1372 1588 facile
1389 1504 1442 1589 ob
1457 1508 1613 1596 causam

173 1613 369 1698 eamdem.
386 1613 564 1698 lrretitur
581 1615 690 1698 enim
707 1608 840 1698 morbi
858 1611 989 1699 fomes
1011 1620 1055 1697 dt
1070 1614 1181 1698 tantia
1204 1611 1304 1727 plue·
1316 1616 1366 1701 de
1388 1621 1614 1711 aetuosrtate

172 1724 241 1810 sust
255 1730 427 1834 amittit,
439 1727 588 1838 quantb
602 1726 766 1841 spissiori
780 1753 903 1809 muco
917 1725 1070 1812 insidet.
1085 1725 1305 1814 Patetinde
1320 1759 1391 1814 cur
1404 1736 1496 1818 ciam
1511 1741 1613 1824 cutia

172 1869 297 1924 muco
316 1866 494 1955 turgeat,
513 1840 598 1924 imit
610 1855 697 1923 tota
713 1837 797 1922 fere
815 1839 981 1922 mucosa
999 1839 1068 1944 fit,
1089 1837 1222 1923 morbi
1239 1847 1346 1926 muci
1362 1844 1552 1934 facillime
1570 1855 1612 1936 in

172 1978 308 2038 cutem
323 1953 373 2040 de
402 1957 599 2056 onanturi
625 1947 710 2038 Cur'
721 1948 938 2036 balantibus
954 1959 997 2036 dt
1012 1954 1142 2066 pueris
1160 1948 1220 2034 illi
1237 1953 1370 2039 morbi
1387 1958 1436 2042 ad
1451 1963 1611 2048 acidum

173 2065 276 2151 adeo
298 1983 417 2152 facile
438 2070 631 2180 vergant?
654 2065 710 2170 Et
728 2065 796 2176 qui
817 2067 887 2148 liat
906 2091 951 2148 ur
968 2061 1100 2149 morbi
1120 2061 1263 2154 similes
1285 2070 1326 2152 in
1348 2071 1504 2158 diversis
1524 2104 1610 2162 ata-

171 2178 276 2264 tibus
296 2209 343 2264 ac
362 2183 450 2266 vitat
470 2176 767 2264 conditionibus
787 2175 1001 2289 aliquando
1010 2239 1025 2284 ,
1046 2185 1132 2262 rum
1151 2176 1477 2293 symptomatibus
1487 2250 1502 2296 ,
1524 2195 1609 2275 tirm

172 2297 381 2379 curatione
401 2291 619 2406 discrepare
638 2288 835 2376 debeant
858 2290 970 2404 quod
989 2289 1180 2376 nonsatis
1202 2292 1307 2406 apud
1323 2300 1501 2385 audiores
1525 2308 1609 2388 ani·-

172 2405 433 2494 madversum.
759 2449 769 2456 ·
932 2439 933 2442 ‘

226 2517 417 2606 Praeterei
441 2520 539 2607 verb
565 2515 668 2604 rede
696 2526 738 2603 dt
763 2515 933 2604 feliciter
957 2512 1167 2604 nobiscum
1195 2523 1218 2602 a
1244 2516 1379 2608 naturi
1403 2549 1604 2640 ageretur,

173 2635 202 2718 st
218 2661 305 2744 quae
324 2663 446 2718 muco
467 2629 606 2717 insrdet
625 2634 842 2717 acrimonia
861 2631 988 2747 pollet
1004 2631 1156 2746 semper
1170 2631 1219 2715 ad
1235 2637 1442 2745 cognimm
1456 2646 1606 2728 acrium

201 2775 299 2832 enus
311 2748 446 2832 'referri
460 2771 578 2855 atque
592 2746 782 2830 revocati.
801 2747 952 2830 Veriu'n
964 2768 1099 2858 preter
1115 2747 1220 2827 acria
1231 2746 1452 2834 introdudia
1463 2753 1605 2862 quibus

172 2778 271 2976 dape
291 2862 341 2946 fio
355 2888 401 2945 ut
416 2856 549 2944 morbi
568 2860 724 2943 cutanei
743 2856 834 2942 ante
852 2855 952 2941 alios
967 2858 1311 2943 communicentur
1321 2923 1335 2966 ,
1357 2890 1439 2945 non
1453 2864 1604 2982 semper

173 2977 301 3088 potest
323 2975 539 3060 acrimonia
559 3000 682 3056 muco
702 2973 814 3055 instra
835 2971 885 3055 ad
904 2968 1063 3054 classem
1076 2995 1225 3054 certam
1246 2979 1447 3058 revocari:
1465 2977 1604 3066 dantur

169 3089 279 3172 enirn
289 3085 554 3202 degenerandi
567 3089 737 3170 rationes
750 3087 792 3167 in
803 3113 926 3169 muco
936 3111 1033 3194 quas
1047 3079 1156 3166 nulli
1166 3085 1283 3198 pollis
1295 3087 1450 3174 chemist
1464 3118 1604 3208 expen-

172 3199 281 3286 dere.
305 3201 428 3285 Nunc
450 3198 541 3283 salia
564 3199 824 3313 exsuperant,
843 3227 951 3282 nunc
974 3195 1173 3282 exundant
1197 3194 1310 3307 olea,
1335 3231 1440 3286 nunc
1465 3203 1602 3291 oleum

170 3311 344 3424 aliquam
352 3312 474 3398 habet
482 3311 706 3398 acredinem
718 3340 817 3422 quae,
829 3319 920 3394 clun
935 3310 1063 3394 sensus
1077 3307 1298 3396 nullatenus
1312 3314 1439 3424 feriat,
1450 3317 1600 3405 molem

172 3453 307 3512 tamen
328 3426 545 3542 pessumdat
569 3427 911 3541 &principiorum
929 3425 1109 3508 ordinem
1132 3426 1186 3507 ita
1210 3424 1417 3536 subvertit,
1445 3457 1490 3514 ut
1515 3460 1600 3519 non

171 3543 318 3626 restitui
362 3540 449 3624 olsrt
464 3538 560 3645 ille,
583 3537 651 3626 sed
669 3535 807 3624 contri
825 3567 940 3655 puras
959 3545 1001 3622 bt
1014 3534 1120 3620 novd
1131 3540 1346 3623 nutritione
1361 3545 1600 3633 introdudiae

173 3679 302 3767 partes
319 3571 390 3735 dbi
408 3649 605 3757 affimilet,
623 3653 757 3763 srcque
773 3679 824 3766 pe
870 3677 1001 3736 eruam
1016 3649 1164 3735 efficiat
1176 3645 1271 3735 mali
1289 3655 1455 3740 redivivi
1470 3659 1600 3744 redin-

170 3763 833 3882 tegrationemHincnascunturdi
878 3762 1034 3870 cillimi,
1047 3792 1129 3848 non
1138 3762 1266 3849 soliun
1276 3765 1521 3878 enodationi,
1531 3771 1599 3858 sed
1654 3837 1659 3844 -

170 3883 292 3964 etiam
301 3878 495 3962 curationi
504 3871 1600 3973 morbicutaneiomnesMediconmconatuseludentes
1709 3911 1710 3914 ‘

170 3993 334 4105 &quast
349 3987 511 4076 alteram
526 4017 692 4102 eamque
708 3991 889 4076 vitiosam
907 4018 1084 4077 namrarn
1098 3999 1221 4079 veteri
1241 3993 1597 4106 superinducentes.

170 4105 323 4192 Verum
333 4107 375 4188 in
388 4107 471 4189 hoc
483 4103 573 4190 casu
586 4104 804 4190 universam
822 4105 991 4192 mucosae
1008 4105 1220 4191 substantiae
1235 4133 1471 4303 compagem
1484 4112 1599 4196 vitia-

169 4218 340 4305 ramesse
352 4214 525 4304 declarat
535 4217 792 4335 universaper
807 4247 968 4306 omnem
981 4223 1160 4333 corporis
1174 4215 1364 4300 ambitum
1403 4221 1599 4314 iffusama»

167 4329 303 4416 lorum
320 4331 619 4446 agglomeratio.
651 4331 706 4415 Et
720 4338 896 4444 quamvis
915 4332 1053 4417 critice
1068 4331 1126 4412 ad
1137 4331 1261 4412 cutim
1280 4329 1504 4420 decubuisse
1520 4369 1599 4424 ma-

170 4448 278 4532 xima
295 4445 391 4530 mali
409 4476 495 4562 pars
508 4447 710 4550 videatur,
729 4450 821 4528 ciam
839 4445 992 4577 semper
1006 4467 1140 4525 natura
1155 4470 1315 4558 propter
1329 4448 1431 4531 vires
1446 4449 1534 4534 vitae
1550 4454 1600 4538 ad

170 4561 441 4646 excretionem
464 4563 629 4676 partium
645 4581 1030 4642 excremennnarum
1048 4581 1165 4666 atque
1180 4563 1409 4644 nocentium
1430 4559 1598 4675 seratur,
1731 4624 1735 4632 -

169 4699 303 4760 tamen
323 4672 371 4760 ab
391 4670 467 4757 haic
487 4671 576 4759 labe
594 4674 785 4756 immunia
796 4668 946 4755 viscera
962 4671 1162 4768 intimiora
1180 4700 1264 4755 non
1282 4673 1433 4788 semper
1447 4705 1600 4793 reperta

171 4787 286 4896 sunt,
312 4811 358 4873 ut
379 4784 474 4870 alibi
493 4786 650 4876 dicendi
668 4785 749 4871 sese
771 4783 872 4871 feret
890 4785 1061 4878 occasio.
1087 4786 1143 4868 At
1161 4787 1222 4868 his
1244 4790 1437 4900 premissis
1460 4788 1598 4875 licebit

169 4900 288 4988 nobis
323 4899 460 4987 duram
498 4907 542 4986 dt
579 4899 753 5018 asperam
773 4902 986 4994 ,horumce
1020 4896 1255 4985 morborum
1290 4900 1597 4988 elucidationem
