4250 5898
190 637 300 732 'dono
313 631 433 729 daret.
447 631 741 730 Miramhercle
757 649 952 732 astionem
965 671 1165 731 venenata
1179 643 1254 732 luis
1272 672 1356 759 qua
1369 647 1455 762 post
1469 645 1625 760 levem,
1692 703 1695 709 ,

191 779 268 836 nec
290 780 426 839 tamen
452 786 534 839 non
555 758 806 842 metuendam
827 764 1059 872 incorpore
1084 764 1368 865 mutationem,
1387 763 1441 844 ita
1462 763 1624 847 vincula

189 866 443 978 epidermidis
463 867 618 952 solvitis
638 865 809 976 subjecto
825 895 908 954 rete
926 869 1219 984 malpighiano,
1238 897 1283 955 ut
1303 898 1483 955 neutrum
1499 903 1623 958 rema-

190 1001 303 1062 neret
330 981 411 1064 inte
440 1009 540 1064 rum.
568 979 701 1092 Usqus
724 982 824 1067 adeo
853 985 1157 1068 acrimoniarum
1183 986 1340 1068 historia
1368 1011 1544 1069 remanet
1573 988 1623 1072 ad

188 1089 299 1173 hunc
322 1012 443 1202 obab
465 1093 571 1177 diem
594 1095 840 1207 imperfesta!
1606 1087 1613 1096 ¹

248 1202 354 1287 Ciam
374 1208 471 1288 verb
492 1207 651 1289 effeetus
673 1223 811 1290 eorum
832 1207 1012 1290 omnium
1031 1229 1277 1293 venenorum
1293 1235 1376 1318 quae
1396 1211 1498 1292 intus
1515 1210 1624 1294 insu-

193 1342 353 1398 muntur
371 1327 413 1402 ὅ(
437 1316 598 1401 illorum
625 1323 725 1403 adio
751 1348 833 1401 non
858 1322 926 1401 nisr
951 1347 1020 1432 per
1050 1317 1296 1401 fortillimam
1324 1318 1623 1434 depurationem

192 1427 309 1539 possit
326 1431 367 1510 in
383 1456 516 1514 cutem
536 1459 672 1542 agere,
689 1429 739 1514 de
755 1434 801 1514 iis
816 1430 932 1515 nobis
949 1431 1192 1514 tractandum
1210 1459 1292 1512 non
1312 1429 1517 1515 incumbit.
1542 1433 1625 1517 Sed

191 1565 278 1647 quae
294 1543 416 1624 cutim
430 1569 574 1627 vexant
587 1548 810 1658 vegetantia
827 1551 868 1627 bt
890 1543 1072 1627 animalia
1084 1567 1130 1626 ea
1150 1567 1218 1624 aut
1236 1542 1392 1649 morsu,
1415 1568 1481 1626 aut
1501 1539 1626 1628 halitu
1736 1567 1745 1581 ·

121 1739 127 1754 ‚
192 1677 371 1760 nocent,
396 1653 465 1738 vel
485 1658 526 1739 in
550 1654 596 1738 el
618 1656 815 1740 adhaerent
827 1719 842 1762 ‚
866 1658 908 1738 in
937 1683 1026 1739 eam
1050 1652 1218 1790 posuere
1245 1651 1417 1760 cubilia,
1450 1664 1493 1738 ἃ
1521 1658 1627 1765 quali

193 1763 380 1877 indigena
399 1770 499 1850 cutis
519 1767 620 1849 sada
632 1768 732 1851 sunt.
750 1767 850 1851 Haec
867 1768 1088 1852 differentra
1101 1765 1201 1850 duos
1214 1762 1374 1871 hujusce
1386 1770 1626 1850 nodationis

191 1875 382 1960 articulos
402 1879 597 1992 principes
617 1879 929 1992 comprehendit.
953 1875 1062 1962 Tirm
1076 1880 1174 1962 verb
1191 1877 1232 1959 id
1245 1878 1462 1960 notandum
1478 1881 1627 1964 incum-
1666 1889 1673 1895 '

192 1985 253 2072 bit
279 2017 418 2073 eorum
448 1993 568 2074 etiam
594 2019 678 2101 quae
699 2018 895 2075 venenato
924 1991 1057 2105 spiritu
1082 2015 1207 2104 agunt
1232 1987 1306 2071 alia
1334 2017 1482 2073 nocere
1505 1994 1624 2096 viva,
1721 2061 1723 2070 .

192 2099 270 2185 alia
293 2106 411 2186 etiarn
433 2129 589 2186 mortua
610 2107 651 2187 vi
680 2101 924 2187 mechanicis·
940 2106 1064 2186 cutim
1119 2100 1310 2184 erfodere.
1347 2101 1499 2183 Eorum
1528 2106 1625 2186 verb

193 2243 280 2324 quae
305 2241 438 2298 cutem
461 2243 534 2330 pro
558 2215 649 2299 sede
671 2205 817 2321 natali,
844 2239 911 2297 aut
932 2207 1117 2323 acquisrta
1143 2210 1301 2324 eleg'dre
1329 2210 1405 2295 alia
1427 2217 1469 2295 in
1491 2211 1627 2327 super-

193 2328 327 2410 ficiem
360 2325 567 2432 habitant,
601 2353 646 2409 ut
679 2357 754 2409 nos
787 2352 930 2408 terram
968 2322 1207 2429 incolimus,
1243 2321 1320 2406 alia
1354 2321 1423 2405 sub
1455 2321 1523 2405 illa
1556 2323 1627 2410 fibi

190 2435 303 2520 sedes
326 2437 523 2540 struxere,
550 2445 592 2519 dt
618 2436 667 2518 ad
693 2437 819 2549 ipsum
845 2435 966 2545 usque
989 2432 1203 2543 aliquando
1227 2434 1381 2548 adipem
1410 2459 1626 2550 penetrant.

191 2549 297 2658 Quae
324 2547 532 2631 divisiones
559 2573 604 2629 ut
632 2546 879 2631 admittenda
905 2548 1021 2649 sunt,
1054 2549 1108 2628 ita
1135 2547 1333 2656 necessum
1359 2551 1433 2630 erit
1455 2547 1505 2631 de
1529 2547 1629 2633 unri-
1673 2549 1675 2554 ’

192 2660 351 2770 quiaque
381 2658 554 2742 nocendi
588 2658 719 2772 specie
753 2657 927 2742 articulis
951 2657 1121 2744 totidem
1148 2683 1295 2769 agere,
1332 2660 1453 2742 itaut
1478 2663 1628 2772 primus

193 2771 508 2886 comprehendat
524 2799 571 2855 ea
581 2800 664 2882 quae
676 2771 926 2884 impressione
937 2767 1183 2873 mechanicas,
1201 2768 1267 2876 seu
1279 2795 1349 2882 per
1361 2768 1547 2879 halitum,
1559 2773 1628 2856 seu

194 2913 266 2999 per
287 2887 583 2998 ¹appositionem
613 2907 747 2967 cutem
778 2881 951 2984 laedunt3
972 2881 1070 2966 alter
1094 2881 1268 2965 morsum
1289 2880 1539 2988 animalium,
1558 2883 1632 2968 seu

193 3025 353 3082 ueneno
370 2995 591 3100 imbutum,
607 2995 675 3078 seu
690 2994 1106 3109 simplici'contusrone
1124 2993 1510 3106 agentemtraelabit.
1531 2994 1627 3078 Ter·

195 3113 256 3193 tib
282 3136 522 3219 exequemur
551 3105 723 3218 laesrones
752 3107 801 3191 ab
824 3110 871 3218 iis
898 3107 1112 3222 pendentes
1139 3100 1369 3189 animalibus
1396 3136 1479 3216 quae
1503 3110 1628 3192 cutim

192 3220 392 3305 incolunt.
418 3221 576 3331 Quarto
591 3220 750 3304 dembrn
768 3249 816 3305 ea
834 3221 1115 3334 prosequemur
1133 3247 1217 3328 quae
1233 3213 1303 3300 sub
1320 3243 1433 3328 cute,
1453 3243 1499 3304 ut
1516 3217 1628 3336 talpa

194 3332 268 3420 sub
288 3335 411 3418 humo
420 3395 436 3440 ‚
456 3332 526 3418 srbi
549 3335 696 3416 struunt
718 3331 953 3418 habitacula.
1608 3347 1614 3358 '

461 3558 937 3646 anamotus
994 3555 1360 3672 narnus,

263 3879 266 3888 .
383 3767 451 3854 De
474 3767 619 3852 aeione
642 3768 682 3851 in
708 3765 825 3850 cutim
853 3763 1118 3880 venenipuod
1139 3761 1210 3881 ipst
1234 3764 1448 3880 apparitura

1594 3932 1601 3968 l
1672 3965 1676 3974 .

254 3995 311 4079 Ut
335 3991 385 4077 de
407 3990 590 4077 remediis
611 4021 695 4102 qua
717 4019 767 4076 ex
786 3989 1013 4076 animalium
1035 3982 1206 4106 partibus
1224 3987 1476 4073 desumuntur
1497 3983 1628 4071 multae

198 4105 534 4192 circumferuntur
549 4099 716 4209 fabulae,
736 4108 790 4187 ita
811 4107 928 4188 etiarn
944 4105 995 4188 de
1018 4131 1158 4188 eorum
1180 4099 1341 4204 habitu,
1368 4123 1435 4181 aut
1453 4097 1632 4214 applica·¹

194 4225 312 4304 tione
327 4215 517 4302 venenatal
528 4215 696 4330 plurima
710 4216 802 4300 falsa
819 4215 1090 4302 obtruduntur.
1109 4213 1278 4318 Verbrn,
1293 4239 1336 4292 ur
1347 4207 1368 4290 *a
1380 4208 1627 4322 generalibus

200 4332 252 4415 ad
276 4327 457 4443 specialia
486 4329 626 4413 ordine
651 4329 825 4439 quodam
854 4333 965 4413 cerro
989 4327 1232 4429 deferamur,
1258 4321 1417 4406 evidens
1442 4324 1495 4403 est
1522 4351 1629 4432 qua-

198 4467 376 4552 cumque
397 4469 488 4525 acre
513 4441 656 4556 spirant
682 4435 847 4524 volatile
871 4437 1110 4522 halituosum
1132 4433 1338 4537 animalia,
1365 4433 1479 4546 pollb
1498 4431 1628 4540 oculis

199 4579 321 4662 atque
345 4556 426 4634 cuti
450 4557 603 4638 inurere
625 4554 849 4636 acrimonia
867 4577 1029 4654 notam,
1055 4551 1272 4661 pruritum,
1300 4571 1418 4654 atque
1443 4543 1649 4659 papulass

200 4665 288 4750 imi>
310 4672 351 4746 δι
371 4663 594 4778 erysrpelara
614 4664 920 4781 phlybloenodea
940 4663 1125 4746 excitare.
1151 4661 1212 4744 Ita
1229 4659 1483 4744 formicarum
1503 4657 1630 4740 offici·

198 4804 297 4862 nam
319 4774 495 4860 olentem
514 4781 556 4858 δι
573 4777 723 4862 summe
741 4774 945 4862 volatilem
966 4772 1148 4892 speElanti
1159 4833 1173 4878 ‚
1190 4767 1285 4885 sape
1298 4773 1436 4872 etiam,
1458 4769 1537 4852 sure
1550 4765 1630 4851 ulla

150 4883 152 4889 ’
203 4885 436 4974 mtirnalium
446 4887 666 4997 invasione,
681 4891 801 4977 facies
811 4887 987 4977 universa
1001 4883 1147 4972 rubore
1161 4885 1296 4970 affeda
1311 4883 1386 5078 ppt,
1409 4880 1632 4996 &pruritu

454 5046 457 5055 ·
965 5015 968 5022 ’
1368 5019 1457 5082 aaa
