4188 5916
577 333 1138 486 ”cusxusrs
1530 386 1617 504 ,q

179 547 255 640 illo
276 542 443 639 decursu
465 550 533 638 vix
547 555 807 640 variationem
824 549 996 663 aliquam
1016 552 1219 664 accipiunt
1236 553 1530 666 phoenomena,
1559 560 1615 644 ita

179 693 227 750 ut
244 693 313 781 per
336 664 501 779 longam
516 696 710 750 annorum
729 667 867 752 seriern
884 668 927 748 in
940 662 1085 750 eodem
1100 665 1195 746 statu
1213 692 1459 776 remaneant,
1481 671 1616 756 donec

184 775 448 892 multiplicati
474 779 636 864 materiai
660 778 904 863 obstruantur
928 775 1177 890 lymphatica
1202 775 1393 887 glandula
1406 845 1420 889 ,
1452 785 1620 868 cachec-
1675 846 1691 856 .-

184 893 338 1000 ticique
363 893 522 976 tandem
545 919 664 1004 atque
684 891 811 1003 hydro
840 893 893 974 ici
916 892 1161 991 moriantur,
1186 915 1254 972 aut
1278 889 1368 974 tabe
1395 894 1618 1007 pulmonali

180 999 433 1088 absumantur
462 1031 706 1117 agrotantes.
744 921 838 1088 Sed
855 1001 1031 1117 pluribus
1058 1003 1137 1084 sure
1164 999 1244 1096 alio
1275 1004 1537 1094 incommodo
1567 1007 1616 1092 ad

180 1113 421 1200 senectutem
436 1116 559 1226 usque
573 1143 808 1232 prorogatur
825 1114 1011 1221 morbus,
1033 1111 1168 1198 saltem
1182 1117 1224 1196 in
1240 1123 1465 1228 'pauperiori
1484 1125 1617 1204 nonna

182 1257 280 1310 num
300 1255 446 1342 genere
463 1229 604 1338 quibus
624 1230 705 1344 ipsa
721 1229 817 1314 facit
834 1231 969 1342 inopia
985 1252 1028 1310 ut
1046 1221 1191 1310 auxilia
1209 1226 1438 1342 negligant,
1461 1230 1618 1318 'diaetam

181 1340 455 1454 aspernentur,
473 1347 515 1424 ὃ(
528 1342 677 1426 nullam
690 1339 806 1426 bonis
821 1341 966 1426 artibus
980 1339 1188 1445 fiduciam,
1205 1365 1250 1420 ut
1263 1342 1360 1455 pote
1375 1341 1489 1427 rebus
1503 1348 1617 1459 igno-

183 1453 235 1538 tis
257 1461 299 1536 ἃ
322 1454 496 1567 ipsorum
520 1481 681 1569 captum
701 1452 1013 1559 excedentibus,
1033 1449 1259 1535 adhibeant.

241 1565 367 1650 Utin
401 1570 483 1650 hoc
514 1564 658 1651 morbo
696 1567 890 1678 diagnosrs
918 1565 1007 1676 ipsrs
1039 1564 1345 1678 deprehenditur
1374 1567 1501 1654 oculis
1514 1633 1529 1676 ,
1562 1573 1617 1655 ira
1735 1629 1737 1636 γ

183 1678 1617 1792 prognosrmexperientiademonstrat3curationemnonadebdifficiletn
1731 1690 1733 1695 ’

184 1789 440 1874 autumabant
454 1819 605 1878 veteres
621 1794 751 1875 Graeci
773 1823 785 1890 3
807 1797 849 1872 &
863 1788 914 1874 de
933 1787 978 1874 ei
993 1788 1226 1872 sumendum
1243 1793 1295 1875 est
1314 1794 1422 1900 quod
1441 1795 1617 1881 Galenus

182 1907 250 2004 (α)
271 1905 327 1986 air
352 1903 391 1988 se
417 1903 457 1988 le
485 1935 566 1988 ram
590 1904 733 1990 sanasse
761 1900 925 2016 copiosi
946 1929 1053 1985 venae
1077 1901 1250 1992 seslione
1261 1964 1276 2007 ,
1301 1901 1448 1988 balneis
1475 1910 1617 2022 tepidis

183 2019 229 2097 bt
252 2013 322 2097 usu
344 1934 553 2102 hellebori.
585 2019 723 2128 Quem
748 2015 907 2127 quidem
930 2011 1126 2098 hellebori
1145 2013 1345 2124 utriusque
1364 2017 1476 2100 usum
1496 2023 1616 2105 etiam

183 2125 348 2210 externe
372 2127 629 2214 commendat
654 2129 796 2222 Paulus
817 2128 910 2234 (b),
942 2126 1083 2238 quibua
1101 2125 1276 2212 successu
1294 2128 1514 2214 carentibus
1532 2137 1617 2246 post

184 2265 252 2322 eas
280 2245 534 2354 purgationes
560 2258 643 2352 qua
661 2269 783 2325 atram
802 2238 924 2322 bilem
945 2264 1187 2362 expurgant,
1207 2243 1464 2324 commendat
1481 2249 1618 2358 topica

188 2351 441 2438 catliaeretica
456 2361 499 2438 dc
513 2358 767 2460 exsrccantia,
785 2349 966 2456 calcem,
977 2351 1042 2434 seu
1062 2376 1142 2454 eJus
1161 2379 1327 2459 aquam,
1346 2380 1523 2462 narrum,
1540 2357 1617 2440 sul·

189 2465 313 2578 phur,
337 2467 433 2575 myst
452 2473 495 2548 dt
514 2465 764 2576 calcitidem;
784 2465 923 2547 eadem
945 2470 986 2544 dt
1006 2459 1206 2545 Oribasrus
1219 2470 1279 2565 (c)
1307 2472 1348 2547 &
1361 2483 1514 2549 veteres
1533 2469 1616 2553 sere

188 2603 331 2660 omnes
346 2577 476 2659 Graeci
491 2581 558 2688 qui
572 2576 652 2662 sese
667 2577 806 2660 mutui>
818 2573 1124 2686 exscripserunt,
1142 2579 1319 2685 exceptis
1333 2602 1464 2668 tamen
1479 2583 1618 2665 Archi·

70 2683 73 2686 ’
186 2713 292 2802 gene
316 2695 357 2770 dt
380 2689 500 2772 Aetio
526 2694 593 2799 qui
619 2688 670 2772 de
695 2689 858 2789 internis
881 2683 1177 2772 medicamentis
1199 2690 1442 2770 mentionem
1469 2690 1619 2777 nullam

187 2799 254 2886 vel
268 2802 471 2900 minimam
485 2798 690 2910 injiciunt,
708 2800 776 2884 sed
793 2797 959 2882 fortiora
973 2800 1108 2992 topica
1122 2800 1404 2882 commendant
1420 2807 1460 2885 dr
1478 2831 1618 2918 poten-

180 2914 265 3004 tiiss
288 2912 399 2997 deret
427 2917 558 3026 entia,
584 2919 686 2998 inter
711 2941 795 3021 quae
822 2908 992 2994 maxime
1012 2914 1025 2992 i
1043 2908 1112 2994 lud
1126 2911 1320 2995 famosum
1344 2939 1427 2996 erat
1441 2918 1549 3025 quod
1574 2922 1617 3003 in

190 3025 366 3156 quinque
391 2942 543 3110 derum
563 3022 772 3110 intervallo
788 3023 938 3136 lepram
953 3026 1006 3106 ait
1019 3021 1162 3134 tollere
1170 3027 1432 3150 Archigenen
1460 3033 1617 3114 uAEru-

192 3170 217 3216 u
226 3140 330 3332 ginta
344 3137 519 3222 drachm.
532 3135 589 3334 Ἦ,
602 3142 656 3244 ἰν,
669 3137 799 3222 refinae
811 3137 894 3250 pini
904 3132 1059 3244 liquida
1071 3137 1247 3224 drachm.
1258 3167 1291 3242 ι,
1309 3141 1434 3221 thuris
1449 3147 1618 3227 recentis

189 3281 218 3339 s
253 3253 403 3334 rachm.
423 3248 472 3357 ij,
487 3254 544 3334 ari
572 3277 703 3334 acum
715 3275 831 3334 aceto
848 3251 988 3353 terito,
1006 3255 1047 3330 &
1062 3245 1207 3352 adjesii
1222 3247 1342 3331 resins
1360 3247 1506 3362 liquati
1528 3285 1620 3370 prae·

190 3353 349 3446 irrisis
382 3366 609 3478 imponito,
646 3371 689 3448 δι
721 3361 877 3447 alternis
900 3357 1077 3467 solvit0,
1103 3362 1278 3444 invenies
1298 3357 1446 3473 lepram
1465 3365 1617 3479 splenio

191 3507 215 3552 >r
232 3473 493 3559 adhaerentem
504 3511 527 3554 a
552 3509 564 3560 z
594 3475 703 3586 quod
718 3475 825 3559 certe
841 3473 1229 3556 medicamentum&
1245 3471 1318 3554 rite
1334 3475 1560 3560 confeslum
1577 3487 1619 3563 dt

192 3584 359 3700 periculi
387 3615 525 3702 expers
550 3587 606 3670 nil
632 3588 753 3672 video
775 3585 886 3697 quod
911 3583 1099 3696 impediat
1123 3584 1218 3692 quin
1248 3583 1488 3672 adhibeatur.
1515 3589 1621 3676 Illud

192 3700 403 3782 artificium
432 3702 536 3785 cutis
558 3704 833 3814 purgationem
856 3694 1077 3801 vocabant,
1107 3699 1296 3804 quatenias
1318 3699 1462 3782 irritata
1486 3708 1620 3787 omnia

189 3809 446 3896 excernicula
457 3811 655 3922 liquorem
671 3835 904 3893 contentum
919 3809 1142 3921 exprimunt
1157 3814 1198 3890 δι
1210 3805 1421 3913 exsudant,
1441 3813 1623 3906 mutatur-

194 3949 275 4032 que
291 3920 493 4036 liquorum
516 3928 557 4007 in
579 3950 672 4010 cute
691 3947 973 4006 contentorum
991 3946 1146 4025 natura,
1168 3918 1358 4030 dotesque
1378 3945 1517 4004 eorum
1535 3953 1621 4010 om·

195 4035 292 4118 ninb
319 4063 568 4122 renovantur.
581 4121 586 4130 ,
600 4035 648 4120 Id
670 4062 837 4150 purgare
859 4057 993 4116 cutem
1009 4030 1234 4138 vocabant,
1256 4031 1622 4148 medicamentaque

194 4147 245 4230 ad
271 4149 379 4232 hunc
400 4147 518 4232 usuns
530 4148 705 4234 adhibita
722 4146 952 4230 dicebantur
971 4148 1071 4228 cutis
1096 4143 1310 4258 purgantis.
1339 4141 1549 4233 Crudelius
1570 4153 1621 4234 est

194 4257 305 4344 aliud
323 4269 337 4365 (
352 4260 403 4364 d)
433 4262 544 4372 quod
570 4286 693 4346 vocat
717 4257 867 4374 lepram
895 4259 1130 4352 excorians,
1161 4255 1201 4336 id
1228 4255 1280 4337 est
1304 4253 1622 4368 suppurationem

194 4371 247 4456 ad
260 4369 381 4456 basrna
396 4374 585 4460 excitans.
602 4409 625 4449 n
638 4369 743 4454 Rad
761 4367 1055 4454 chameleontis
1072 4369 1172 4478 nigri
1186 4392 1335 4480 partem
1354 4397 1472 4452 unam
1480 4433 1496 4478 ,
1512 4371 1621 4461 succi

236 4635 299 4707 (a)
320 4631 383 4691 Art,
402 4651 462 4694 carr.
484 4630 520 4690 ad
539 4627 681 4690 Glaucon.
703 4624 751 4688 lib.
773 4647 798 4683 a.
828 4687 831 4694 ,

225 4712 294 4786 ab)
313 4711 378 4775 Lib.
399 4733 429 4790 3.
449 4733 510 4792 cap.
531 4731 560 4771 2.

238 4791 294 4872 (c)
313 4791 441 4874 synope,
463 4791 509 4850 lib.
523 4810 557 4861 7,
575 4809 642 4872 cap,
656 4794 705 4860 48.

240 4869 297 4950 (d)
318 4871 417 4934 Aetius
431 4872 547 4935 Tetrab.
564 4891 583 4942 4
592 4913 601 4942 ,
617 4871 704 4932 Serm.
720 4887 750 4943 r,
764 4887 825 4952 erp.
844 4884 911 4946 ¹34·
