4292 5904
683 441 1168 532 cursuras
1568 373 1650 561 aa

219 629 305 719 qus
333 633 416 691 non
447 605 649 721 tangenda
674 607 775 716 srnt,
802 613 844 694 in
875 639 956 724 quo
990 610 1152 723 quidem
1186 635 1279 712 cum
1306 599 1461 697 summo
1493 615 1666 697 austore·

220 747 361 805 omnes
386 720 645 806 consentient.
1088 807 1093 822 ,
1517 713 1535 748 '

276 831 487 918 Ulceribus
522 830 630 938 illis,
662 835 691 915 sr
722 833 928 947 prasertim
960 835 1182 920 acrimonia
1208 836 1258 920 de
1292 833 1367 944 qul
1398 834 1491 918 alibi
1524 835 1654 923 locuti

217 939 350 1028 sumus
371 948 436 1028 hle
457 973 688 1052 concurrat,
706 945 917 1058 aliquando
936 946 1145 1032 vermiculi
1163 949 1413 1033 innascuntur
1440 949 1489 1031 de
1512 947 1653 1058 quibus

221 1057 359 1140 Aetius
378 1065 420 1142 ὃ(
435 1057 659 1142 Avicennas
681 1057 809 1143 locuti
829 1057 939 1165 sunt,
964 1059 1032 1144 sed
1056 1059 1295 1170 frequentius
1322 1058 1519 1174 pediculi,
1549 1062 1654 1170 unde

220 1170 328 1280 apud
351 1167 505 1280 aliquos
525 1174 727 1277 auctores,
749 1173 808 1256 uti
826 1168 904 1275 jam
926 1169 1074 1256 dietum
1091 1176 1165 1279 est,
1188 1174 1404 1289 phthiriasis
1427 1201 1499 1284 pro
1522 1171 1653 1285 palpe-

219 1277 378 1366 brarum
390 1279 535 1366 morbo
548 1280 822 1406 habita3quod
837 1285 943 1370 certe
957 1288 1110 1391 vitium,
1121 1315 1255 1400 praerer
1267 1282 1557 1372 intolerabilem
1571 1307 1654 1396 pria

220 1394 339 1476 ritum
349 1396 753 1508 ‚vifioninonparirm
767 1397 1159 1503 officit,&remediis
1173 1396 1477 1511 alibidescriptis
1488 1395 1654 1480 sanatur.
1757 1427 1760 1440 ·

275 1505 426 1590 Verum
450 1509 534 1590 haec
558 1511 599 1589 in
623 1509 791 1621 pellimis
812 1507 1010 1610 ulceribus
1034 1512 1248 1618 accidunt,
1273 1508 1429 1595 feliciis
1451 1513 1667 1593 remanens

153 1638 154 1641 ‘
220 1619 307 1731 post
321 1616 482 1703 illorum
503 1619 771 1729 sanationem,
798 1626 882 1706 imo
903 1623 948 1704 sae
976 1623 1000 1706 ὲ
1048 1627 1104 1706 ost
1122 1628 1281 1710 unicam
1305 1620 1494 1736 pustulam
1520 1645 1655 1704 extan-

220 1734 277 1812 tia
295 1728 529 1838 tubercula,
558 1761 641 1842 quac
667 1727 836 1845 antiquis
863 1653 1131 1841 hordeoium,
1152 1736 1219 1821 seu
1268 1734 1514 1850 raeputiolum
1539 1733 1653 1818 dice-

217 1839 375 1928 bantur.
394 1843 494 1926 Haec
507 1845 667 1955 quidem
682 1846 897 1932 forinsecus
906 1907 920 1953 ,
943 1846 1050 1954 juxta
1067 1849 1170 1962 pilos
1188 1765 1424 1952 nascuntur,
1444 1845 1652 1957 longoque

129 2043 132 2051 ,
218 1977 403 2070 tempore
414 1983 587 2065 manent,
601 1987 683 2042 non
696 1963 856 2043 innoxia
866 1959 1010 2066 solum,
1027 1960 1094 2044 sed
1106 1966 1224 2044 etiam
1231 1964 1299 2043 vix
1309 1958 1555 2041 advertenda.
1572 1956 1653 2039 Ubi

217 2065 384 2179 'aliquod
404 2067 595 2154 volumen
615 2073 725 2154 nasia
743 2072 921 2177 fuerunt,
943 2098 1039 2154 runc
1059 2072 1349 2188 compressione
1369 2077 1411 2153 ὅ(
1435 2071 1653 2152 irritatione
1750 2149 1754 2156 ,

217 2183 446 2264 vicinorum
470 2183 515 2264 fit
534 2179 644 2285 b'revl
668 2183 920 2298 suppuratio,
945 2213 1028 2293 quae
1051 2184 1144 2267 ditm
1171 2179 1367 2266 tuberculi
1391 2180 1538 2264 limbos
1560 2207 1655 2264 ero-

219 2291 305 2399 dit,
337 2295 419 2377 exit
447 2295 530 2376 cito
555 2323 649 2378 cum
676 2324 772 2407 pure
799 2299 977 2377 materies
1004 2321 1208 2399 cretacea,
1236 2292 1355 2396 dura,
1385 2289 1569 2396 friabilis,
1601 2313 1653 2374 ex

218 2404 327 2488 merri
349 2403 509 2516 lympha
530 2403 718 2486 concreti
741 2407 931 2488 constans.
956 2403 1112 2487 Malum
1135 2405 1233 2490 illud
1257 2406 1325 2486 vix
1346 2399 1460 2486 aliam
1477 2407 1653 2486 curatio-

216 2544 315 2601 nem
344 2513 536 2628 postulat,
559 2513 676 2628 quim
694 2545 776 2625 qua
800 2543 851 2600 ex
872 2519 1081 2630 unguentis
1105 2518 1332 2602 tenuillimis
1355 2514 1652 2630 suppurantibus

218 2631 383 2712 constat.
413 2630 493 2733 At,
515 2625 612 2712 licet
634 2627 857 2740 promiscui
883 2629 928 2710 sae
956 2628 979 2712 ὲ
1001 2628 1229 2736 sumantur,
1249 2628 1428 2740 distingui
1449 2627 1580 2711 voluit
1600 2625 1650 2711 ab

218 2739 420 2826 bordeolo
437 2738 667 2853 grandinem
683 2743 831 2824 A'e'tius.
851 2659 1016 2827 Sciiicet
1033 2742 1222 2854 grandine
1235 2741 1341 2824 affici
1358 2743 1412 2822 ait
1424 2734 1648 2855 palpebras,

218 2860 313 2938 cum
323 2917 337 2960 ,
358 2852 496 2938 eversis
510 2854 598 2967 ipsrs
606 2915 621 2960 ‚
636 2854 810 2937 rotunda:
823 2854 998 2963 quadarn
1011 2857 1230 2939 eminentis
1244 2852 1449 2969 pellucidae
1498 2852 1651 2937 randini

219 2965 365 3050 slmiles
380 2991 564 3080 apparent
578 2997 591 3065 3
606 2963 746 3076 quibus
762 2968 925 3050 differtis
938 2992 1126 3051 vacuatur
1140 2973 1285 3051 humor
1299 2965 1430 3050 smrilis
1445 2883 1650 3052 abomini.
1701 2975 1703 2978 ’

218 3079 395 3164 Curatur
417 3077 569 3192 grando
576 3139 591 3185 ,
612 3080 756 3162 'everfis
778 3077 1001 3193 palpebris,
1019 3079 1196 3193 aperturi
1217 3108 1286 3195 per
1312 3077 1505 3191 scalprum
1524 3075 1651 3177 faor,
1676 3091 1679 3096 '

220 3191 307 3276 exit
330 3195 357 3274 fa·
371 3187 504 3282 tunicis
527 3193 695 3296 humor,
715 3191 915 3298 flaccescit
936 3216 1097 3298 tumor,
1124 3199 1164 3274 dr
1188 3194 1321 3306 paucis
1345 3188 1650 3304 abstergentibus

219 3304 349 3388 linteo
384 3303 563 3415 appositis
600 3298 709 3387 brevi
741 3307 892 3388 curatio
930 3305 1142 3417 perficitur.
1183 3306 1379 3389 Caeterirm
1415 3309 1507 3386 cium
1547 3305 1649 3387 cutis

219 3412 494 3532 'palpebrarum
515 3442 585 3529 per
608 3413 648 3498 se
668 3412 756 3499 laxa
782 3418 828 3500 srt
853 3425 895 3501 ὅ(
920 3416 1167 3530 excipiendis
1190 3443 1279 3530 apra
1301 3412 1562 3520 humoribus,
1592 3411 1650 3496 nil

218 3531 367 3614 mirum
391 3528 445 3630 sr,
474 3557 620 3640 magno
647 3555 903 3642 aegrotantum
933 3521 1224 3633 incommodo,
1255 3529 1297 3609 in
1326 3527 1414 3638 ipsrs
1443 3525 1665 3608 nascanturx

218 3637 488 3742 atheromata,
507 3641 753 3744 steatomata,
773 3639 1048 3742 melicerides,
1071 3645 1113 3722 dt
1138 3665 1259 3722 omne
1278 3663 1478 3722 tumorum
1502 3664 1649 3751 genus,

123 3838 130 3848 ,
218 3749 366 3862 quibus
393 3751 494 3831 cutis
519 3775 651 3860 patet,
673 3748 743 3833 sed
761 3778 844 3860 quae
865 3747 974 3832 nullis
994 3753 1145 3832 ratione
1168 3748 1406 3867 peculiarem
1430 3747 1499 3832 srbi
1520 3753 1650 3862 trasla-

218 3869 378 3952 tionem
402 3886 600 3945 merentur
614 3919 627 3963 ‚
657 3866 750 3944 cirm
778 3860 827 3945 ad
855 3865 1017 3975 cognita
1041 3859 1267 3968 jamdudum
1296 3861 1510 3944 referantur
1524 3925 1537 3967 ,
1573 3889 1650 3944 neo

218 3975 317 4062 alias
341 3971 411 4057 srbi
433 3972 647 4089 exposcant
665 3971 859 4081 cautelas,
876 4001 1011 4088 prater
1031 4001 1094 4058 eas
1114 4005 1207 4086 quas
1224 3970 1384 4082 subjecti
1399 3971 1514 4060 ¹oculi
1535 3970 1649 4081 usus,

215 4090 417 4203 dignitas,
440 4095 481 4172 dt
501 4083 708 4171 delicatior
726 4087 907 4170 strustura
928 4085 1132 4203 postulant.
1646 4077 1650 4088 ’

594 4291 1269 4428 anticanusv.

378 4475 446 4564 De
470 4476 695 4563 Tumorr'bus
716 4475 863 4591 cyssicis
882 4476 922 4560 in
944 4503 1030 4560 cute
1050 4474 1233 4592 capillatis
1250 4475 1494 4590 nascentibus.

218 4684 226 4698 '
282 4673 327 4756 Si
351 4667 483 4758 causas
508 4670 743 4756 universales
769 4672 811 4753 in
840 4696 973 4754 cutem
1003 4698 1161 4866 agentes
1192 4669 1406 4785 speslemus
1420 4730 1436 4777 ,
1464 4665 1571 4752 nulla
1598 4669 1651 4751 est

1042 4785 1064 4868 ὲ
1085 4785 1253 4896 accipiat
1272 4811 1388 4892 atque
1407 4785 1507 4866 cutis
1532 4779 1652 4894 capil-

389 4895 465 4982 nds
500 4920 563 4981 tot
591 4897 634 4981 in
665 4895 775 4984 illam
804 4896 1042 5014 impendent
1065 4895 1197 4983 morbi
1228 4897 1484 5094 propgipkqffi
1495 4898 1599 5010 ,cunr
1630 4887 1654 4978 b

217 4783 335 4982 'inerti
350 4787 487 4982 ῧοηὶο
510 4787 608 4867 cutis
625 4815 717 4902 ,quae
743 4783 829 4868 illas
849 4810 928 4867 tam
949 4784 1024 4868 saci

242 4923 317 4984 ata·
