4136 5892
458 443 518 549 aa
701 437 797 524 nn
856 430 1169 556 nonnas
1227 428 1631 522 ournnars.

516 603 603 694 Jam
627 601 676 686 ad
695 601 828 688 ulcera
849 631 933 713 quc
951 597 998 683 ab
1024 599 1235 685 erethismo
1255 603 1297 711 in
1316 603 1418 686 cutis
1435 603 1533 685 vasis
1547 593 1769 714 sanguineis
1789 623 1893 683 con-⁶

464 722 586 804 citato
644 716 790 800 endent
825 714 926 800 ordo
951 741 1025 796 nos
1048 714 1218 798 devehit.
1241 714 1360 798 Circa
1379 743 1462 824 quae
1485 743 1609 828 pauca
1637 712 1803 796 omnino
1831 713 1895 796 di-

462 829 588 916 cenda
611 747 830 936 babemus,
854 832 946 930 ciam
968 853 1037 938 per
1063 826 1103 911 se
1125 852 1281 1020 pateant
1300 824 1368 910 illa
1402 833 1444 910 δι
1463 822 1731 940 phlegmoneal
1757 823 1894 1020 dispo-

460 947 601 1028 sitione
622 942 910 1057 precedamus,
927 939 1034 1048 saque
1055 937 1124 1022 nul
1141 969 1163 1022 a
1186 939 1280 1022 adfrt
1301 942 1387 1024 vitii
1412 941 1668 1052 heterogenei
1695 937 1816 1021 misce
1833 967 1855 1020 a
1873 987 1893 1044 5

459 1055 570 1141 brevi
589 1055 629 1140 su
658 1058 864 1171 putatione
888 1053 1168 1158 terminentur,
1188 1050 1268 1135 lata
1294 1053 1392 1136 verb
1411 1048 1634 1158 hujusmodi
1652 1048 1787 1135 ulcera
1807 1079 1891 1135 non

459 1170 605 1283 possint
618 1087 741 1252 illaesrs
759 1163 937 1276 subjeslis
959 1162 1131 1277 partibus
1156 1163 1327 1272 innasci,
1354 1163 1535 1275 adebque
1554 1163 1604 1250 ad
1622 1161 1721 1248 alios
1750 1167 1891 1250 trasia-

457 1309 520 1367 tus
564 1304 766 1367 errrneant.

510 1313 794 1511 EPrysrpelarum
821 1393 919 1476 verb
942 1391 1054 1476 varia
1078 1388 1213 1474 format
1235 1419 1318 1504 quae
1343 1392 1384 1472 in
1405 1415 1498 1474 cute
1523 1389 1734 1475 nascuntur
1754 1387 1804 1474 ad
1826 1392 1889 1474 in·

456 1508 746 1615 slammationes
768 1507 991 1620 pertinent,
1006 1504 1076 1585 nisr
1094 1529 1248 1609 tamen,
1263 1501 1373 1613 quod
1384 1500 1518 1617 saepiits
1533 1502 1700 1608 accidit,
1715 1500 1785 1585 illa
1798 1499 1888 1588 latia

454 1618 719 1731 ulcerosrsque
730 1616 887 1732 pustulis
900 1615 987 1702 sero
999 1618 1103 1723 acri,
1118 1621 1160 1700 st
1174 1640 1220 1699 ut
1234 1613 1389 1700 aiebant
1402 1641 1582 1720 veteres,
1598 1612 1745 1699 bilioso
1757 1612 1887 1728 plenis

453 1735 662 1849 stipentur,
674 1732 786 1842 quod
807 1731 1047 1844 quidemst,
1063 1725 1131 1812 ubi
1146 1726 1373 1842 perspiratio
1390 1731 1577 1818 acerrima
1590 1725 1719 1811 subito
1732 1732 1886 1841 impetu

454 1847 716 1963 supprimitur.
742 1844 887 1929 Ulcera
921 1842 1035 1928 illast
1057 1842 1201 1926 diutiirs
1226 1840 1392 1947 durent,
1420 1844 1540 1925 etiam
1564 1839 1605 1921 su
1635 1841 1884 1956 putationem

454 1960 641 2070 aquosam
662 1961 921 2073 concipiunt,
944 1955 1153 2072 prasertim
1176 1953 1421 2039 increscente
1451 1869 1678 2067 erysipelalte
1697 2015 1715 2048 ,
1750 1981 1885 2064 eoque

453 2072 710 2185 decrescente
730 2073 975 2156 exsiccantur
988 2129 1002 2176 ,
1016 2068 1066 2152 ad
1080 2096 1262 2152 normam
1282 2066 1520 2177 aquosorum
1541 2063 1721 2150 ulcerum
1734 2065 1786 2151 de
1825 2072 1884 2152 ui-

453 2181 526 2269 bus
559 2185 684 2300 supra‘
707 2188 889 2298 egimus,
924 2190 966 2267 δι
999 2180 1137 2266 eadem
1165 2178 1235 2263 fibi
1260 2179 1418 2264 sumunt
1442 2181 1616 2263 nomina.
1651 2097 1883 2293 Erysrpdlad

452 2301 596 2404 etiam,
617 2293 862 2412 pracsertimit
881 2293 996 2380 causti
1009 2290 1184 2379 violenti
1197 2294 1387 2399 indutio,
1404 2291 1679 2406 superveniunt
1691 2289 1881 2402 i’eyisu,

451 2407 518 2494 seu
553 2412 685 2516 fissura
714 2439 827 2517 ano,
867 2407 994 2494 vulvae
1008 2472 1023 2514 ‚
1049 2415 1090 2492 br
1112 2405 1283 2520 partibus
1314 2437 1397 2516 quae
1430 2432 1480 2489 ex
1508 2405 1733 2489 necessitate
1762 2405 1885 2489 func-³

450 2526 571 2608 tionis
592 2522 761 2635 aliquam
781 2524 979 2638 patiuntur
993 2517 1269 2628 ¹dilatationem
1285 2516 1539 2632 vulgatiores.
1561 2515 1627 2600 Ad
1651 2516 1880 2629 sanguineas

449 2636 655 2722 etiamsed
676 2633 897 2738 φλωγὸὣιᾰς
922 2634 1086 2719 refertur
1121 2636 1241 2717 etiam
1266 2631 1440 2730 supatru
1463 2631 1613 2744 pruritu
1642 2633 1797 2714 enormi
1821 2635 1880 2714 in-

449 2751 558 2862 srgn'e
581 2758 622 2835 bt
637 2749 686 2834 ad
703 2746 869 2864 pustulas
895 2753 1047 2831 tantirm
1065 2744 1517 2854 referendum'quantirm
1533 2741 1583 2826 ad
1605 2739 1751 2826 ulcera.
1766 2741 1881 2830 Hinc

450 2867 570 2946 etiam
593 2864 658 2946 hic
681 2863 875 2947 numerari
899 2861 1056 2973 possunt
1073 2871 1238 2965 Πομφιι,
1259 2856 1318 2940 Hi
1373 2858 1499 2940 ocrati
1526 2855 1635 2938 disis
1660 2859 1881 2942 eminentie

449 3003 521 3085 pus
536 2973 744 3057 fundentes
765 2983 807 3058 ὃ(
827 2975 909 3056 cito
933 2971 1130 3056 srccandae.
1146 2971 1267 3075 At,sr
1287 2996 1328 3051 nr
1372 2971 1404 3052 is
1429 2969 1513 3052 citb
1540 2965 1756 3053 avellantur
1783 2999 1878 3054 cum

449 3075 685 3169 dolor‘eacri
699 3085 972 3190 renascentes,
994 3087 1039 3167 sit
1059 3083 1256 3190 κιμφοιιυξ
1277 3081 1412 3165 idaam
1427 3084 1650 3195 exprimens
1670 3083 1876 3196 fugacium

448 3195 655 3306 ulcerum,
680 3228 763 3309 qua
781 3224 937 3304 tamen,
953 3197 980 3278 sr
996 3199 1121 3282 acriirs
1136 3197 1347 3282 trassentur
1358 3257 1372 3302 ‚
1401 3217 1468 3278 aut
1489 3191 1512 3276 tl
1535 3190 1652 3279 causi
1670 3197 1787 3280 nimis
1810 3221 1876 3282 ac-

446 3309 562 3396 tuossr
583 3312 807 3427 pendeant,
830 3315 872 3394 in
898 3343 1000 3410 ιιμιις
1021 3313 1121 3394 verti
1144 3307 1328 3425 possunt,
1345 3333 1390 3390 ut
1408 3303 1706 3422 iscrophuloso
1720 3334 1787 3394 aut
1807 3337 1877 3395 ve-

446 3453 568 3510 nereo
592 3428 679 3509 viru
702 3424 899 3509 nascentia
915 3425 1132 3508 ve'rrucosrs
1150 3426 1295 3506 hiantia
1316 3417 1433 3505 labris
1458 3419 1592 3506 ulcera
1617 3450 1700 3531 quae
1727 3421 1874 3514 sassa„

446 3536 513 3624 vel
531 3539 695 3626 sabasta
721 3527 917 3622 dicuntur.
940 3537 1060 3622 Adest
1081 3538 1189 3622 enim
1216 3561 1314 3620 tturc
1333 3531 1594 3648 complicatio
1618 3531 1761 3622 ulceris
1784 3536 1873 3619 san-

439 3654 580 3766 guinei
606 3681 698 3735 cum
726 3650 892 3735 mucoso
905 3712 919 3756 ‚
939 3675 986 3734 ut
1007 3653 1049 3732 in
1066 3646 1291 3764 phlysiaenis
1315 3643 1584 3761 erysipelaceis
1607 3646 1874 3764 complicatur

441 3795 537 3850 cum
553 3766 766 3880 sanguineo
793 3761 906 3848 ulcus
921 3765 1123 3873 aquosum.

501 3879 641 3963 Praeter
666 3876 734 3961 illa
751 3873 908 3982 ulcera,
931 3880 1022 3960 cirm
1042 3875 1221 3988 proxim&
1245 3899 1378 3960 cutem
1400 3877 1564 3985 attingat
1584 3871 1716 3984 liquor
1730 3874 1872 3989 adipe-

446 3989 536 4098 sus,
563 3991 658 4107 saepb
677 3989 886 4074 nascuntur
899 3992 939 4072 in
957 3985 1111 4073 cellulis
1132 3991 1232 4072 cutis
1250 3985 1383 4074 ulcera
1399 4017 1481 4096 quae
1496 3983 1544 4068 ab
1564 3988 1741 4071 humoris
1754 3985 1871 4096 hujus

444 4105 544 4186 vitio
570 4103 780 4219 repetenda
804 4101 904 4186 sunt
930 4100 1096 4186 Scilicet
1114 4103 1254 4184 vitium
1279 4101 1382 4212 adipi
1410 4098 1621 4184 innascitur
1653 4129 1738 4212 quo
1766 4130 1869 4186 con·-

445 4215 587 4299 crescit
618 4217 766 4330 adeps,
795 4224 1094 4300 &concretum
1117 4217 1245 4297 minus
1270 4239 1443 4327 occupat
1463 4211 1683 4320 volumen,
1717 4216 1801 4296 irnb
1821 4221 1867 4300 dt

445 4329 550 4438 quast
564 4331 604 4410 in
624 4329 785 4411 resrnam
798 4331 973 4413 vertitur.
995 4327 1170 4412 Grumos
1190 4325 1286 4410 tales
1304 4327 1345 4408 in
1368 4325 1483 4440 adipe
1501 4323 1646 4432 suillo,
1670 4333 1713 4409 dr
1733 4323 1867 4412 suibus

491 4438 730 4554 apinguibus
755 4445 929 4524 massaris
958 4471 1000 4526 re
1028 4444 1125 4527 erire
1152 4459 1235 4524 non
1274 4439 1375 4524 adeo
1402 4469 1543 4524 rarum.
1569 4439 1614 4522 Si
1646 4437 1865 4526 universale

459 4557 560 4638 uerit
584 4555 666 4636 hoc
688 4555 828 4639 vitium
841 4613 857 4658 ,
885 4580 968 4634 non
989 4473 1169 4644 dissimile
1189 4551 1251 4637 illi
1279 4583 1360 4664 quo
1388 4551 1604 4666 inspissatur
1627 4548 1758 4662 liquor
1776 4583 1865 4638 mu·

442 4665 583 4770 cesus,
610 4691 708 4750 tuno
733 4668 833 4750 cutis
867 4663 1060 4772 durescit,
1093 4675 1136 4751 dr
1161 4667 1355 4771 crassior,
1385 4667 1562 4778 tangenti
1588 4664 1744 4778 aspera,
1778 4665 1864 4752 sca·

438 4777 510 4864 bra
528 4777 683 4880 evadit3
698 4804 738 4862 at
752 4807 844 4862 cum
863 4777 1036 4890 liquores
1056 4780 1148 4865 inde
1165 4783 1336 4894 stagnare
1350 4779 1503 4862 necesse
1516 4779 1583 4886 stt,
1603 4777 1711 4862 brevi
1726 4776 1859 4864 ulcera

438 4894 648 4982 nascuntur
659 4953 674 5010 ,
703 4922 786 5007 quae
812 4897 908 4980 ciam
925 4895 1151 4986 exoriantur
1178 4923 1221 4980 ιιι
1250 4891 1416 5010 pessimo
1442 4890 1595 5006 fundo,
1624 4890 1860 5008 adipemque
