4246 5900
383 418 488 517 ”32
705 400 801 488 us
845 395 1155 488 uonsrs
1202 393 1609 495 curnusrs.

483 568 533 653 In
564 565 674 651 hisce
701 567 863 678 quidem
896 563 1046 653 casibus
1075 567 1103 648 sr
1132 563 1290 652 libertas
1316 567 1608 686 perspirationis
1626 539 1764 654 'subito
1789 564 1868 654 ins-

429 687 572 772 taurari
593 680 736 796 poffit,
753 677 856 766 bene
873 682 947 785 est,
968 680 1052 762 imb
1074 687 1116 764 dt
1134 680 1215 765 uita
1233 681 1419 766 sanorum
1437 684 1647 767 hominum
1666 685 1707 766 in
1726 711 1776 796 pe
1822 709 1870 768 e·

428 824 502 884 tuo
525 799 636 880 fluxu
657 819 777 906 atque
795 790 950 903 repulsu
971 791 1260 909 perspirationis
1280 797 1481 897 consistit;
1503 821 1543 880 at
1562 794 1633 881 ubi
1649 714 1869 881 semelriise

430 913 633 996 constituit
654 908 885 994 eretirismus
897 965 912 1012 ‚
936 931 1033 992 tunc
1056 905 1106 992 de
1132 934 1184 994 eo
1209 906 1394 994 tollendo
1421 905 1556 993 frustrir
1581 938 1726 1021 quaras
1738 969 1754 1016 ‚
1778 912 1872 994 artis

429 1027 516 1129 est,
543 1020 680 1108 saltem
707 1025 749 1106 in
775 1017 927 1105 boreali
950 1031 1040 1104 aere
1052 1079 1065 1126 ,
1094 1023 1333 1106 haefitantem
1357 1024 1569 1110 humorem
1594 1021 1868 1132 detrudere&

431 1139 535 1222 serre
555 1161 624 1222 aut
645 1133 696 1220 ad
712 1133 848 1220 alvum
865 1132 1019 1220 solutari
1035 1132 1230 1221 diarrhoei
1238 1197 1253 1242 ,
1269 1159 1337 1220 aut
1351 1133 1402 1220 ad
1416 1137 1571 1234 urinas3
1586 1133 1699 1221 secus
1711 1134 1869 1220 decum-

429 1251 500 1338 bet
509 1254 551 1336 in
562 1248 772 1367 pulmones
784 1274 853 1334 aut
866 1273 987 1364 caput
993 1251 1153 1368 ,potius
1162 1247 1281 1360 quim
1295 1245 1476 1335 occlusas
1491 1249 1593 1334 cutis
1607 1251 1689 1336 vias
1704 1247 1871 1364 superet.

489 1363 619 1451 Causa
647 1359 808 1474 quidem
840 1365 925 1446 lraec
945 1362 1197 1448 ‘acutissimos
1226 1361 1393 1448 morbos
1424 1361 1570 1449 inferre
1601 1385 1691 1447 nata
1719 1362 1802 1469 est,
1832 1385 1872 1447 at

428 1478 550 1593 quim
584 1477 689 1562 savis
722 1474 981 1561 articulorum
1015 1475 1266 1586 tumoribus,
1303 1475 1423 1588 quim
1458 1475 1592 1592 longis
1630 1474 1872 1562 cruciatibus

428 1585 561 1680 ansam
590 1589 758 1706 prebeat
789 1618 874 1675 non
904 1592 1078 1674 nostrum
1107 1594 1161 1676 est
1193 1591 1445 1707 expendere,
1471 1589 1513 1678 id
1547 1589 1665 1678 dous
1698 1587 1870 1674 effecere

428 1731 493 1792 tot
517 1704 586 1790 alii
612 1701 755 1815 quibus
782 1704 824 1789 id
849 1701 1104 1820 impendebat
1130 1733 1182 1790 ne
1212 1708 1299 1791 otii.

485 1814 611 1903 Calor
624 1821 724 1904 aeris
740 1818 790 1902 ad
807 1821 932 1902 cutim
951 1735 1222 1908 rarefaciendis
1242 1845 1382 1908 omnes
1397 1818 1465 1904 vel
1483 1815 1721 1902 tenuissimas
1737 1812 1874 1929 liquo-

429 1963 522 2018 rum
555 1933 778 2017 nodrorum
816 1958 944 2048 partes
978 1929 1172 2045 simulque
1200 1931 1326 2020 solida
1350 1930 1522 2018 laxando
1558 1933 1676 2045 agit3
1708 1930 1776 2014 hic
1804 1927 1873 2014 vel

430 2047 589 2151 siccus,
611 2041 679 2130 vel
704 2045 890 2132 humidus
920 2049 986 2132 est.
1015 2044 1142 2131 Calor
1166 2071 1304 2162 prater
1330 2045 1498 2130 modum
1519 2045 1645 2129 siccus
1673 2045 1716 2125 in
1738 2040 1873 2127 insulis

428 2155 739 2246 Barbadensrbus
752 2219 768 2266 ‚
794 2181 959 2246 notante
985 2159 1208 2246 dosiffimo
1231 2158 1491 2272 Hillary(o)‚
1520 2153 1630 2242 nulls
1654 2153 1729 2240 alis
1756 2151 1874 2242 causi

429 2298 720 2380 concurrentes
742 2271 986 2387 punfflculas
1007 2271 1117 2360 leves
1139 2271 1313 2359 elicit&
1334 2271 1502 2390 pustulas
1519 2266 1762 2387 praerubras‚
1783 2272 1874 2380 qui-

427 2383 529 2490 bus,
550 2385 580 2469 st
598 2414 682 2471 non
699 2413 931 2474 occurratur
952 2387 1190 2501 frigidorum
1207 2385 1497 2502 applicaturum
1513 2385 1614 2490 usu,
1635 2380 1756 2468 febris
1776 2410 1874 2466 con·

425 2499 600 2606 citauit,
624 2500 894 2586 intumescunt
911 2497 1068 2614 pusiulae
1079 2561 1095 2608 ‚
1120 2502 1240 2586 sudor
1261 2499 1389 2585 effluit
1408 2501 1529 2588 urinae
1548 2497 1719 2584 odorem
1740 2497 1874 2608 expri-

422 2636 565 2718 mens,
592 2611 699 2698 und&
720 2612 874 2725 hydroa
893 2611 1103 2699 naseuntur
1129 2642 1214 2697 non
1235 2609 1431 2725 sempera
1452 2638 1666 2726 gangrena
1689 2604 1871 2723 periculo

426 2725 640 2832 immunia,
661 2726 691 2809 sr
709 2724 918 2841 presertim
938 2725 1042 2810 male
1059 2724 1217 2812 sedulus
1239 2727 1281 2809 vi
1303 2728 1392 2810 virs
1413 2748 1551 2839 preter
1570 2721 1737 2806 modum
1753 2722 1872 2805 auetae

426 2835 576 2924 addens
596 2836 895 2952 spirituosorum
905 2900 921 2946 ,
946 2864 1014 2924 aut
1034 2843 1186 2923 acrium
1207 2834 1454 2924 stimulorum
1475 2837 1720 2940 efficaciam,
1738 2833 1872 2918 feruo-

424 2975 513 3034 rem
528 2949 745 3033 adauxeris.
764 2951 873 3034 Inter
887 2973 1015 3064 partes
1026 2977 1206 3034 externas
1221 2978 1305 3058 qua
1317 2947 1534 3063 plurimum
1546 2947 1595 3031 ab
1612 2948 1722 3032 arido
1735 2944 1874 3034 calore

424 3085 619 3146 vexantur
639 3069 681 3144 dt
754 3063 904 3146 tiuntur
925 3058 1010 3168 jure
1033 3060 1177 3147 oculos
1199 3066 1489 3169 numeraveris,
1507 3059 1735 3146 notantibus
1749 3059 1828 3143 Pro
1858 3119 1871 3144 .

425 3171 606 3288 Alpino,
629 3167 705 3265 Hil
722 3201 814 3284 ary,
836 3173 1079 3280 charmes,
1108 3173 1271 3285 aliisque
1295 3174 1439 3291 Anglis
1464 3177 1534 3286 qui
1556 3173 1798 3293 potillimirm
1821 3089 1872 3259 de

246 3337 251 3344 ·
425 3281 626 3372 medicina
650 3287 854 3372 Indorum.
874 3285 1187 3372 occidentalium
1211 3287 1414 3405 scripsere.

482 3397 719 3490 Humidiori
744 3429 839 3486 cum
862 3399 999 3486 calore
1022 3413 1086 3492 asr
1107 3401 1278 3518 pessimis
1302 3403 1463 3514 quidem
1485 3400 1637 3489 morbis
1658 3399 1872 3489 inserendis

425 3513 600 3598 maxime
622 3540 736 3630 aptus
748 3575 764 3622 ‚
789 3515 1036 3629 pestiferique
1058 3518 1100 3598 in
1126 3514 1365 3604 calidissimis
1388 3514 1618 3631 regionibus
1638 3514 1747 3602 ferax
1772 3545 1875 3602 con·

424 3629 550 3744 tagii,
574 3629 663 3714 rarb
688 3651 822 3712 tamen
846 3631 890 3711 in
914 3653 1049 3714 eutem
1079 3627 1248 3718 desevit.
1279 3630 1388 3713 Nam
1411 3635 1506 3715 cirrn
1530 3633 1694 3716 criticos
1720 3628 1872 3748 pessimi

428 3745 552 3825 moris
578 3765 757 3828 tumores
784 3740 903 3827 insert
915 3805 932 3851 ,
960 3745 1189 3831 anthracem
1218 3740 1374 3829 scilicet
1398 3751 1440 3830 dt
1473 3747 1702 3860 peteehias,
1735 3741 1871 3828 feralia

426 3855 510 3939 haee
533 3855 630 3940 vitia
651 3854 703 3941 ad
724 3877 916 3940 cutaneos
940 3853 1105 3941 morbos
1132 3857 1276 3942 referre
1298 3855 1501 3973 piaculum
1526 3859 1633 3942 foret
1645 3919 1659 3964 ,
1685 3859 1778 3939 cum
1798 3857 1874 3939 lint

426 3965 522 4052 mali
542 3964 673 4054 morbi
694 3969 834 4052 intima
853 3968 1049 4056 viscerum
1076 3967 1319 4086 deposcentis
1344 3968 1449 4054 mala
1474 3971 1593 4054 crisis.
1624 3969 1717 4058 Nec
1744 3969 1872 4082 magis

426 4078 479 4165 ad
504 4079 669 4168 morbos
699 4083 801 4168 cutis
827 4082 1023 4170 referendi
1049 4081 1139 4168 sunt
1151 4145 1165 4190 ,
1197 4083 1315 4197 quim
1343 4110 1520 4170 tumores
1550 4079 1799 4166 maxillarum
1827 4087 1872 4165 dt

426 4197 560 4284 ceteri
583 4194 716 4280 morbi
744 4198 980 4308 catharrost,
1009 4227 1092 4310 quo
1113 4196 1225 4284 sensu
1256 4195 1387 4283 nullus
1415 4200 1467 4282 est
1492 4193 1656 4280 morbus
1685 4197 1754 4307 qui
1786 4221 1872 4278 non

424 4304 559 4418 aliqus
576 4311 728 4392 ratione
744 4311 793 4394 ad
808 4339 943 4398 cutem
961 4313 1163 4400 referatur.
1179 4310 1346 4396 Meliori
1365 4309 1451 4420 jure
1465 4313 1567 4404 inter
1583 4311 1685 4396 cutis
1704 4305 1872 4392 morbos

428 4447 685 4510 numerantur
717 4425 881 4534 apbtae‚
912 4455 997 4535 quae
1032 4455 1139 4512 nunc
1168 4423 1301 4535 alba,
1340 4455 1447 4511 nune
1480 4427 1619 4534 flava,
1654 4420 1870 4533 aliquandb

428 4535 548 4616 etiam
582 4536 700 4647 nigre
735 4538 778 4620 in
810 4561 905 4621 cute
937 4533 1220 4647 observantur,
1247 4538 1457 4655 presertim
1487 4537 1593 4654 apud
1621 4535 1868 4644 Africanos,

428 4643 610 4762 maligna
633 4673 704 4772 per
730 4645 800 4758 se,
828 4645 1083 4770 maligniores
1103 4655 1132 4745 st
1154 4656 1196 4752 in
1219 4652 1323 4740 mals
1351 4653 1486 4754 sanum
1508 4680 1654 4770 corpus
1678 4651 1869 4746 incidant·

467 4897 529 4984 (a)
553 4895 669 4986 Hillary
686 4895 721 4966 ds
741 4897 831 4963 norb.
849 4895 932 4976 sas,

1733 4979 1872 5075 Pueris
