4246 5900
590 393 1400 488 INTRODUCTIO.'
1599 415 1654 492 *61

226 559 340 668 sitas,
375 559 481 646 deest
503 556 811 672 fortis'partium
836 561 938 644 inter
967 559 1007 644 se
1038 566 1339 676 approximatio:
1366 565 1538 674 Quoties
1562 595 1659 680 ergo

230 672 426 758 elementa
448 670 570 756 lattea
587 701 662 784 prae
690 699 828 756 eorum
845 669 962 784 copis
984 679 1024 756 ὅ(
1041 676 1182 760 virium
1206 676 1479 763 imbecillitate
1504 683 1542 760 in
1565 709 1656 766 veta

230 785 426 898 sanguinis
454 782 650 867 elementa
675 787 856 868 converti
885 813 968 866 non
997 786 1184 899 poliunt,
1217 819 1299 872 non
1327 795 1479 874 tantbm
1509 789 1656 876 exube-

230 923 317 982 rant
326 961 341 1003 ,
359 909 573 1007 ueramque
590 896 785 983 inducunt
809 898 1038 986 cachexiam
1047 961 1061 1004 ,
1080 899 1146 982 sed
1168 904 1376 1013 stagnantia
1394 903 1587 1016 precipue
1606 903 1655 988 ad

231 1006 503 1123 glandularum
527 1007 747 1113 anfraetus,
773 1009 1030 1115 indurantur,
1049 1017 1089 1092 ὅ(
1110 1043 1202 1096 cum
1225 1013 1451 1102 molliffimo
1472 1016 1655 1102 vasorum
1711 1027 1728 1057 ·'

229 1147 341 1208 textu
362 1121 653 1225 concrescunt,
674 1123 757 1204 imb
777 1125 896 1212 etiam
915 1125 956 1204 in
981 1120 1158 1208 cellulari
1182 1151 1291 1210 textu
1319 1127 1537 1218 coadunata
1562 1159 1655 1214 con-

229 1263 492 1348 rumpuntur,
526 1237 572 1316 in
604 1231 795 1320 folliculis
823 1233 1035 1342 acescunt,
1060 1267 1338 1347 mucumque,
1380 1269 1425 1332 ae
1461 1269 1653 1328 renovato

228 1374 426 1461 proventu
457 1346 712 1432 accedentem
740 1344 902 1458 chylum
933 1351 974 1431 in
1003 1375 1152 1461 partem
1172 1348 1294 1456 labis,
1315 1353 1497 1438 fermenti
1516 1383 1652 1462 more,

229 1461 444 1557 affumunt3
465 1459 570 1562 unde
590 1462 779 1573 pruritus,
804 1457 985 1573 pustula,
1011 1458 1218 1545 ulcuscula
1247 1466 1438 1569 mucosa,
1473 1496 1567 1579 pure
1592 1472 1651 1551 in-

228 1570 382 1658 divulso
402 1570 545 1684 plena,
569 1575 636 1656 vix
658 1573 924 1677 inflammata,
945 1572 1123 1684 adeoque
1143 1571 1290 1666 'viribus
1310 1579 1402 1682 ¹vitae
1423 1579 1472 1666 ad
1497 1583 1653 1663 cicatri-

230 1713 318 1770 cem
332 1685 585 1770 efficiendam
603 1683 827 1769 necessariis
838 1682 1012 1771 rebellia.
1030 1686 1249 1801 Corsuptio
1265 1711 1408 1782 ,autem
1428 1689 1539 1776 laetis·
1553 1697 1653 1782 intra
1737 1777 1741 1784 ,

232 1827 372 1910 corpus
391 1797 606 1910 spontanea
641 1813 710 1910 per
742 1795 783 1880 se
813 1823 977 1890 mucutn
1000 1798 1180 1906 destruit,
1212 1808 1254 1884 bt
1276 1801 1358 1896 ossa
1384 1801 1450 1888 vel
1482 1804 1654 1893 eburnea

228 1908 413 2015 emollit,
442 1914 534 1993 clam
552 1937 698 1994 novam
724 1909 906 1997 saevitiem
930 1939 977 1996 ac
1006 1911 1201 2007 feritatem
1235 1916 1403 2030 accipiat
1429 1924 1470 1997 bt
1498 1945 1653 2002 tuutue-

96 2106 99 2115 ,
228 2019 331 2106 tura
355 2020 491 2107 calore
515 2025 694 2134 corporis
717 2029 758 2104 ὃ(
785 2024 870 2106 avi
895 2025 1079 2108 circuitds
1104 2031 1362 2138 perennantis.
1395 2027 1504 2112 Hinc
1529 2030 1653 2116 foetot
1687 2061 1688 2064 ‘

230 2133 297 2219 ille
311 2135 446 2218 acidus
465 2136 532 2245 qui
552 2134 683 2218 evadit
699 2130 980 2241 intolerabilis,
1003 2140 1158 2246 quoties
1177 2137 1310 2225 ulcera
1334 2139 1543 2248 indenata,
1557 2172 1653 2255 prae-

228 2245 395 2332 sertimit
419 2245 547 2360 longo
564 2260 746 2362 tempore
771 2251 893 2355 tesia,
922 2273 1057 2444 aperto
1084 2256 1162 2336 a'eri
1191 2256 1522 2361 committuntur,
1540 2282 1652 2339 nares

232 2359 370 2444 seriens
403 2367 445 2444 ὃ(
466 2359 513 2442 sae
541 2359 570 2442 e*
581 2363 700 2448 animi
724 2360 916 2445 inducens
965 2361 1121 2474 eliquia.
1145 2365 1247 2448 ¹Non
1271 2364 1385 2459 aliam
1410 2364 1471 2448 ob
1497 2367 1653 2452 causam
1689 2425 1696 2442 ·
1782 2420 1810 2438 ··

235 2498 297 2555 tot
320 2474 461 2556 sormae'
482 2390 663 2558 ulberum
697 2477 877 2566 oriuntur·
896 2473 1045 2560 Graecis
1066 2474 1369 2588 A'rabibusque,
1398 2499 1467 2591 p'et
1490 2485 1652 2566 nimiam

235 2584 475 2670 sedulitatem
501 2609 664 2726 quaque
693 2587 770 2668 suis
802 2583 1026 2670 nominibus
1061 2591 1273 2700 insignita,
1299 2619 1382 2700 qua
1394 2641 1407 2696 ,
1434 2595 1501 2674 etsr
1532 2597 1653 2678 raritas

230 2725 437 2811 puerperas
462 2727 579 2808 quam
601 2697 768 2782 infantes
801 2695 889 2781 solo
916 2725 1056 2782 eorum
1079 2698 1179 2786 laete
1200 2704 1378 2785 viventes
1405 2703 1651 2810 adoriantur,

230 2833 362 2896 tamen
379 2814 426 2894 iis
443 2839 605 2922 quoque
624 2837 858 2914 communes
880 2809 968 2896 sunt
979 2872 994 2915 ,
1017 2811 1222 2922 prasertim
1238 2812 1288 2896 ad
1307 2841 1426 2926 caput
1442 2813 1518 2924 qui
1543 2814 1653 2903 calor

235 2922 467 3036 capillorum
483 2919 629 3030 maj'or,
651 2926 889 3008 ornamentis
907 2925 1079 3006 &variis
1100 2929 1406 3013 aromaticorum
1422 2958 1480 3022 ⁴un
1537 2955 1655 3014 ento-

230 3063 317 3118 rum
335 3032 519 3120 formulis
543 3037 734 3120 maximus
756 3035 929 3123 redditus
946 3039 1139 3140 ,emicas
1165 3037 1352 3124 Praterei
1374 3038 1431 3122 ad
1450 3071 1476 3152 g
1493 3037 1653 3128 andulas

229 3146 487 3264 lymphaticas
509 3146 650 3258 quibus
672 3174 830 3242 ornatur
859 3145 1016 3246 collum,
1034 3152 1216 3237 haerentia
1245 3149 1399 3257 major,
1421 3153 1543 3248 ,unde
1556 3183 1654 3264 praef

228 3259 438 3376 guantibus
455 3257 533 3367 jam
554 3260 654 3346 labie
672 3261 862 3374 turgidis,
880 3249 920 3344 bt
939 3266 1160 3394 puerperis,
1182 3281 1311 3346 rarum
1333 3267 1384 3350 est
1402 3264 1578 3351 dentium
1596 3271 1654 3349 ni-

198 3379 361 3569 fflrem
390 3403 477 3458 non
509 3371 760 3479 hebescere,
797 3372 997 3487 ipsamque
1024 3405 1109 3459 non
1140 3373 1305 3460 alterari.
1330 3377 1493 3462 Acredo
1521 3403 1654 3462 autem

274 3517 297 3570 a
325 3485 449 3574 lactea
470 3486 570 3572 adeb
601 3485 794 3584 icaeteris
822 3487 974 3593 differt,
1007 3513 1052 3572 ut
1079 3541 1083 3546 -
1110 3485 1207 3571 robe
1238 3493 1485 3582 meminerim
1516 3517 1654 3574 recens

229 3625 460 3714 puerperam
477 3596 609 3694 scabie
632 3621 839 3705 tentatam,
857 3598 911 3682 ab
934 3599 982 3684 ea
1004 3519 1383 3706 reebconvaluine,
1408 3607 1499 3684 sitm
1521 3628 1654 3687 tamen

228 3737 433 3797 manerent
459 3710 602 3812 ulcera¹
617 3707 740 3794 lactea
763 3737 846 3820 qua
868 3715 962 3796 uim
987 3712 1256 3810 remediorum
1278 3714 1422 3800 scabiei
1441 3713 1654 3800 inservien-

227 3827 327 3908 tium
347 3823 564 3930 eluserant,
589 3849 654 3906 me
679 3829 1043 3910 tamen0contraria-
1056 3818 1214 3940 pro'rsirs
1237 3826 1438 3940 sperante,
1456 3826 1565 3910 unde
1585 3827 1654 3910 du-

227 3933 324 4052 plici
338 3966 441 4053 opus
461 3934 520 4021 illi
539 3936 614 4018 fuit
631 3935 909 4022 medicatione.
1574 3999 1576 4004 ,

298 4049 422 4133 Licet
442 4075 539 4161 ergo
561 4050 626 4132 llic
649 4045 672 4131 a
691 4049 821 4131 nostro
841 4049 1044 4162 proposito
1067 4049 1238 4135 alienum
1268 4051 1314 4132 stt
1337 4053 1378 4130 in
1398 4046 1507 4134 lastis
1531 4053 1653 4138 medi·
1711 4073 1713 4077 ’

227 4162 359 4246 cinam
376 4163 543 4247 insistere
555 4221 569 4267 ‚
594 4186 701 4273 patet
720 4157 837 4271 quim
849 4160 969 4261 facile
994 4158 1330 4256 malaimatribus
1351 4186 1467 4272 atque
1482 4169 1652 4254 nutrici·
1684 4200 1690 4214 ·

227 4271 300 4359 bus
321 4277 363 4355 in
378 4271 529 4378 ,liberos
552 4276 920 4378 communicentur,
941 4281 984 4358 bt
1015 4270 1132 4382 quam
1162 4271 1354 4370 malesani
1382 4301 1505 4378 matre
1531 4274 1653 4364 bene-

227 4385 317 4470 sana
343 4388 474 4470 nutrix
491 4385 688 4484 suadenda
707 4386 772 4489 stt,
795 4391 875 4475 dte,
898 4386 1007 4466 Nam
1023 4382 1043 4466 ὲ
1058 4379 1172 4478 nullo
1193 4384 1404 4490 aliotfonte
1418 4392 1544 4474 fluunt
1559 4389 1652 4476 ube·

230 4500 306 4580 riirs
317 4497 584 4630 impendentia
597 4500 673 4588 toti
687 4492 818 4578 soboli
833 4491 949 4602 mala,
966 4494 1259 4605 obstrudliones,
1271 4498 1421 4606 scirrhi,
1432 4503 1651 4588 mesenterii

230 4612 580 4724 ingurgitationes,
603 4639 689 4719 quae
703 4604 833 4722 postei
853 4609 971 4691 nimis
994 4605 1076 4697 sert
1090 4611 1355 4696 medicatione
1368 4642 1505 4698 curare
1518 4615 1653 4700 frustrai

229 4726 466 4829 tentaveris,
482 4747 722 4836 repugnante
739 4719 896 4826 natura,
913 4724 1020 4806 autsr
1046 4709 1217 4833 aliquem
1228 4723 1301 4808 tibi
1319 4726 1535 4812 successum
1552 4725 1650 4811 felix

225 4833 419 4948 spondeat
442 4839 628 4922 inchoata
648 4835 891 4947 medicatio,
917 4833 994 4948 quai
1014 4839 1274 4950 proportione
1288 4838 1491 4952 glandulas
1506 4834 1669 4950 turges-¹
