4186 5908
629 385 1120 514 casanata
1515 446 1594 528 sn

159 567 353 656 acredinis
374 591 511 654 natura
528 597 605 654 nec
627 571 713 688 ipsa
734 572 857 656 causa
880 575 1096 658 excitantes
1116 569 1303 658 indicant.
1331 573 1446 658 Rarb
1466 579 1599 666 morbi

160 684 221 768 illi
237 682 394 800 cutanei
408 683 589 766 acerrimi
603 685 646 768 in
664 713 734 770 eos
757 684 970 800 grassantur
1015 689 1056 770 ui
1075 688 1201 770 cutim
1218 689 1410 772 nitentem
1428 687 1597 799 habent,

162 807 203 882 ὅ(
228 795 464 880 munditiem
492 794 703 908 affeciant,
736 823 803 882 aut
829 801 935 883 villu
966 715 1128 882 guntur
1153 799 1361 884 moderato
1378 808 1432 885 ·&
1460 798 1599 905 lauto;

163 936 326 1015 nautas,
355 911 556 1104 gregarios
579 909 733 996 milites
777 911 988 996 otiffrmbm
1013 914 1208 1026 impetunt
1227 920 1269 997 bt
1288 941 1358 998 eos
1378 943 1479 1024 quos
1501 945 1598 1029 pau-

161 1023 288 1138 pertas
308 1025 351 1104 in
381 1026 468 1106 ocis
489 1020 671 1136 deprelfrs
694 1033 734 1110 bt
749 943 924 1110 lundis
948 1021 1093 1110 cubare
1117 1028 1253 1138 cogit,
1275 1025 1303 1107 li
1326 1025 1602 1114 frmulintered·

163 1135 301 1222 salinas
318 1136 564 1241 muriaticas,
588 1135 702 1222 fumo
721 1135 879 1250 saleque
894 1137 1090 1222 induratas
1106 1165 1244 1222 carnes
1286 1141 1394 1222 aucis
1417 1140 1599 1228 conditas

161 1245 448 1362 vegetabilibus
469 1273 640 1334 'ament
658 1251 883 1336 comedere.
928 1249 973 1334 Si
1013 1247 1198 1338 divitibus
1234 1167 1343 1334 idem
1378 1249 1601 1367 symptoma
1640 1305 1649 1326 ο
1708 1257 1709 1265 '

156 1359 330 1472 accidit,
347 1363 394 1444 iis
411 1358 620 1476 prasertim
633 1391 695 1451 tes
709 1367 842 1451 evenit
856 1366 922 1475 qui
937 1361 1018 1450 sese
1031 1359 1359 1448 embammatibus
1377 1363 1597 1468 delectant3

163 1474 284 1586 quis
303 1476 414 1558 iritus
440 1503 550 1560 acres
580 1503 784 1593 propotu
813 1479 1043 1588 requirunt,
1073 1475 1199 1560 modo
1225 1501 1358 1560 tamen
1388 1476 1502 1563 causa
1530 1477 1599 1562 illa

163 1617 246 1672 non
262 1505 426 1702 simplex
450 1586 589 1695 fuerit,
612 1588 680 1673 sed
700 1590 722 1674 ὲ
746 1588 856 1674 coelo
877 1589 1053 1702 aquoso,
1079 1586 1287 1694 nimboso,
1311 1589 1478 1674 coenoso
1494 1589 1601 1698 adju·

162 1727 295 1785 menta
309 1699 539 1815 sumpserit3
557 1730 649 1784 nam
665 1704 820 1811 quaestio
838 1705 906 1786 hic
923 1702 1075 1787 nonest
1093 1701 1143 1788 de
1160 1703 1338 1786 venereis
1351 1699 1429 1786 illis
1446 1703 1601 1818 papulis

164 1812 305 1924 quibus
329 1813 417 1896 diro
441 1818 631 1928 contagio
656 1814 899 1898 subveneris
924 1811 1020 1927 jugo
1044 1818 1217 1898 connexi
1235 1818 1502 1928 impetuntur,
1521 1846 1600 1903 nec

164 1927 213 2011 de
238 1923 472 2010 scorbuticis
495 1926 563 2009 srbi
590 1925 832 2041 peculiarem
849 1953 1056 2037 atrumque
1077 1925 1259 2012 colorem
1283 1927 1596 2037 vindicantibus,

163 2041 340 2154 quamvis
364 2038 493 2123 forsan
523 2037 571 2124 ab
599 2039 738 2124 iisdem
761 2041 883 2126 causis
907 2039 988 2155 ipse
1011 2037 1218 2124 scorbutus
1241 2040 1439 2154 originem
1457 2043 1600 2128 trahat.⁴

215 2151 310 2237 Nec
346 2151 560 2236 diffitemur
597 2175 730 2238 tamen
767 2177 903 2267 practer
940 2151 1066 2236 modo
1104 2149 1309 2238 recensitas
1348 2151 1481 2238 causas
1515 2152 1598 2238 dari

164 2266 318 2350 causam
342 2261 615 2350 obscuriorem
634 2295 717 2350 non
742 2270 858 2350 unius
878 2268 1034 2380 generis
1049 2263 1279 2380 papularum
1300 2293 1385 2375 quae
1405 2271 1599 2382 contagio

165 2380 345 2464 videntur
365 2381 597 2494 propagari,
629 2383 836 2462 contrasiae
863 2381 1069 2462 attactu&
1094 2376 1360 2463 contubernio
1383 2384 1594 2491 proximo,

164 2497 202 2575 dt
233 2522 339 2576 nunc
369 2520 463 2576 cum
489 2489 742 2603 erysipelate,
772 2493 800 2573 fr
831 2493 960 2610 minbs
989 2491 1205 2604 prurientes
1234 2493 1333 2598 sint,
1366 2521 1474 2575 nunc
1502 2520 1598 2577 cum

166 2602 277 2720 psori
303 2612 345 2688 δε
369 2599 500 2688 scabie
523 2603 833 2687 conmnduntur.

216 2719 274 2802 At
296 2714 394 2801 licet
425 2719 491 2800 hic
521 2716 704 2801 confusro
733 2716 873 2830 ingens
903 2739 986 2797 non
1015 2741 1173 2822 rerum,
1200 2712 1269 2798 sed
1293 2741 1445 2797 vocum
1476 2718 1598 2824 aqui-

164 2832 419 2922 vocationem
433 2831 550 2936 frnat,
571 2859 654 2912 non
667 2826 907 2942 magnopere
919 2827 1172 2913 metuendam
1192 2829 1235 2910 in
1251 2823 1472 2911 adhibenda
1486 2857 1603 2934 curas

164 2946 278 3028 tione
292 3005 305 3049 ,
338 2967 480 3028 tamen
501 2941 664 3052 aliquod
692 2945 792 3026 inter
822 2939 919 3050 erysr
970 2938 1056 3058 las,
1087 2939 1277 3055 malignas
1312 2937 1398 3024 illas
1462 2937 1603 3070 apulas·

163 3056 375 3142 confertim
401 3079 614 3160 exeuntes,
643 3063 686 3139 bt
709 3051 881 3138 scabiem
901 2967 1054 3165 ddequd
1074 3082 1171 3138 mox
1197 3080 1358 3167 agemus
1385 2971 1595 3138 difdrrmen

163 3167 584 3260 vidctutintercedcre.
594 3163 1097 3254 Primbiscabiedifferunt
1107 3165 1216 3276 qubd
1226 3163 1374 3281 papula
1385 3161 1460 3254 illa
1470 3163 1596 3278 vulgo

162 3285 287 3398 magis
315 3281 502 3382 conferta
529 3281 602 3364 srnt
628 3286 670 3363 ὅ(
696 3277 908 3380 elatiores3
934 3278 993 3364 2⁰.
1014 3278 1125 3391 quod
1149 3275 1372 3363 rubicunda
1400 3273 1540 3390 magls
1552 3285 1602 3362 &⁴

164 3401 290 3484 ntinits
315 3394 429 3478 aridae
453 3395 564 3494 frnt;
594 3391 659 3498 3⁰.-
678 3391 788 3504 qubd
807 3389 904 3506 saepd
926 3392 1066 3477 sanatis
1090 3390 1261 3477 febribus
1287 3391 1560 3506 superveniant
1580 3423 1593 3491 ;

166 3510 224 3616 4⁰.
248 3507 362 3620 quod
384 3506 544 3592 latiores
563 3507 636 3590 srnt
662 3514 704 3592 &
725 3505 858 3620 saepiits
877 3505 1092 3591 recidivam
1121 3508 1336 3619 patiantur,
1354 3502 1483 3698 1poam
1501 3529 1596 3586 vera

167 3649 284 3738 atque
300 3619 477 3760 legitima
490 3617 664 3732 scabies3
686 3617 746 3728 5⁰.
759 3616 869 3729 qubd
883 3619 924 3701 in
937 3617 1063 3702 furfur
1077 3614 1217 3702 abeant
1231 3613 1364 3700 notab'
1384 3641 1435 3716 e;
1457 3614 1515 3699 6⁰.
1534 3615 1597 3700 de-

157 3742 272 3820 'mirm
295 3732 405 3846 quod
419 3730 603 3818 remediis
620 3730 801 3818 sanentur
815 3729 837 3814 ”a
852 3726 998 3814 scabiei
1015 3733 1221 3816 curatione
1236 3728 1386 3814 alienis.
1407 3729 1598 3812 Secundo

165 3849 211 3934 ab
226 3846 454 3964 erysipelate
465 3843 588 3932 facile
605 3873 669 3932 eas
689 3846 901 3932 distinxeris
920 3843 1029 3956 qubd
1044 3839 1221 3950 sejunctae
1239 3845 1311 3925 frnt
1330 3841 1477 3957 papula
1497 3839 1595 3949 illae,

167 3988 380 4072 cutemque
402 3987 472 4075 per
493 3958 696 4044 intervalla
720 3957 905 4066 nitidam,
932 3956 997 4043 vel
1023 3961 1064 4044 in
1085 3955 1188 4064 loco
1205 3985 1308 4070 agro
1318 4015 1336 4061 ,
1355 3951 1570 4036 exhibeant
1577 4013 1596 4060 ,
1667 3977 1669 3982 ·

166 4073 276 4188 quod
307 4074 359 4158 dc
381 4067 617 4186 erysipelate
645 4070 725 4157 dici
755 4099 838 4158 non
872 4075 997 4184 potest
1022 4103 1036 4173 3
1070 4066 1201 4156 morbi
1229 4067 1379 4152 tametsi
1408 4061 1469 4146 illi
1496 4064 1595 4180 sape

165 4184 231 4297 jun
260 4213 374 4286 antur
395 4211 513 4296 atque
535 4189 762 4272 maritentur
784 4188 886 4270 intel
907 4184 971 4291 se,
998 4215 1081 4294 quo
1095 4189 1136 4268 in
1152 4179 1241 4266 casu
1257 4207 1306 4260 an
1328 4175 1489 4261 morbus
1509 4203 1597 4292 ery-

165 4221 300 4418 sipelas
321 4297 511 4384 dicendus
530 4298 601 4403 srt',
629 4327 678 4381 an
698 4296 926 4415 papularum
952 4323 1100 4380 nomen
1124 4291 1194 4376 frbi
1222 4291 1417 4398 vindicet,
1443 4289 1593 4375 indicio

164 4439 280 4501 erunt
298 4411 430 4498 morbi
448 4414 573 4525 princi
601 4413 684 4494 ium
704 4419 748 4496 bt
771 4407 1003 4525 progressus.
1033 4409 1120 4518 Qui
1138 4408 1245 4490 enim
1267 4405 1360 4491 vete
1384 4401 1596 4518 populosus

163 4528 246 4614 'dici
262 4524 383 4612 debet
393 4587 409 4633 ,
429 4439 615 4640 dpapuds
633 4526 773 4640 incipit
788 4521 992 4625 distinsiis',
1019 4545 1095 4606 nec
1111 4519 1180 4604 nifr
1200 4517 1432 4603 decurrente
1447 4517 1593 4602 morbo

161 4638 368 4756 erysipelas
400 4636 471 4722 srbi
502 4635 706 4747 adsciscit,
735 4634 846 4749 quod
877 4635 998 4720 etiam
1030 4632 1120 4720 ante
1152 4629 1340 4718 morbum
1372 4627 1602 4716 absoluntm

160 4754 298 4849 cessat.

215 4867 485 4986 Quantumvis
504 4867 608 4975 ¹verb
634 4864 813 4982 malignae
838 4862 920 4953 dici
948 4863 1092 4980 possint
1116 4861 1219 4952 istids
1241 4859 1395 4980 generis
1415 4855 1564 4974 papula
1576 4909 1594 4966 2
