4226 5916
371 423 376 436 v
505 303 590 486 'aare
954 369 1471 481 DE'MORBIS

489 521 494 538 ’
511 541 663 654 indiget
679 569 691 642 ;
715 536 783 626 sed
802 537 1005 626 fatendum
1027 543 1079 625 est
1097 541 1224 646 multia
1242 539 1397 654 feliciis
1419 537 1558 622 mutari
1578 533 1772 622 nutricem
1795 535 1918 652 ipsam
1924 581 1941 644 9

512 653 701 764 siquidem
721 656 820 738 acris
839 657 1054 738 humorum
1075 656 1254 740 conditio
1277 684 1360 738 nou
1378 683 1460 738 uno
1482 653 1671 762 temporis
1691 653 1840 765 punsto
1859 682 1940 734 mu·

510 791 627 851 tatur.

568 877 783 964 Ablaetatis
807 879 917 964 diaeta
932 879 1197 994 praescribatur
1216 879 1455 983 tenuissima,
1472 903 1522 960 ex
1542 876 1718 970 farinosts
1739 873 1844 960 bene
1865 876 1939 962 ser-

512 996 693 1078 mentatis
723 1018 841 1103 atque
869 991 1081 1099 biscoffls,
1111 990 1218 1076 nulls
1242 992 1413 1079 evidenti
1439 991 1592 1074 donatis
1619 988 1829 1096 acredine,
1860 991 1938 1076 inab

512 1134 588 1190 nee
609 1103 838 1190 acescentis.
863 1105 1110 1221 Superfluam
1132 1136 1213 1189 non
1231 1133 1417 1218 generare
1435 1107 1638 1187 materiem
1654 1133 1738 1212 quae
1759 1101 1938 1186 exhalare
1987 1141 1990 1151 i

512 1248 589 1332 prae
612 1216 729 1334 copiti
749 1248 832 1302 non
853 1219 968 1333 poffit
985 1223 1029 1302 in
1045 1217 1120 1301 hac
1141 1222 1345 1303 curatione
1387 1203 1598 1302 erficiendd
1619 1213 1851 1330 palmarium
1871 1217 1937 1314 est3

506 1330 643 1444 -poste‘a
664 1335 761 1416 verb
785 1336 877 1422 eiam
901 1331 1011 1416 alteri
1032 1334 1256 1415 vacuationi
1280 1328 1382 1414 ultra
1408 1329 1573 1413 modum
1594 1328 1716 1412 fidere
1739 1327 1849 1412 nefas
1876 1331 1937 1434 stt,

510 1442 594 1528 fere
623 1442 806 1528 omnibus
829 1441 1143 1550 hebdomadibus
1163 1441 1451 1528 recurrentibus
1473 1445 1667 1558 optimum
1689 1443 1763 1524 erit
1786 1449 1828 1524 bt
1845 1447 1938 1526 ven-

511 1556 645 1641 triculi
672 1561 712 1640 in
736 1555 920 1640 omuibus
945 1556 1052 1641 hisce
1074 1582 1117 1641 ut
1145 1554 1356 1670 plurimum
1383 1559 1583 1671 peccantis
1610 1557 1712 1639 vires
1735 1551 1937 1640 sustentare

512 1667 794 1754 rhabarbarinis
818 1670 1019 1776 decoths,
1043 1677 1083 1753 bt
1109 1667 1220 1752 simul
1241 1666 1373 1752 alvum
1393 1668 1535 1752 leuiter
1555 1670 1613 1752 his
1633 1694 1815 1752 vacuare.
1844 1667 1938 1752 Hae

510 1781 635 1896 vulgb
661 1788 702 1866 in
732 1783 840 1867 hisce
865 1781 976 1868 malis
1002 1780 1175 1866 levandis
1200 1781 1410 1866 sufficiunt.
1441 1779 1615 1864 Brumali
1641 1805 1824 1894 tempure
1853 1785 1937 1864 ciam

509 1885 614 2008 riget
639 1899 868 2008 tempestas,
890 1923 965 1980 nec
987 1893 1209 2008 improvida
1233 1921 1320 1979 aetas
1342 1897 1467 2009 potest
1490 1919 1556 1978 aut
1580 1890 1772 2014 bfrigore
1796 1897 1934 2000 arceri,

509 2034 578 2090 aut
599 2007 620 2090 ὲ
644 2034 756 2090 motu
783 2011 1004 2112 contineri,
1035 2011 1101 2090 vix
1132 2005 1279 2116 aliquid
1308 2006 1414 2091 aliud
1444 2021 1594 2091 tentare
1622 2007 1740 2090 ausam
1754 2067 1770 2111 ‚
1806 2007 1875 2088 nist
1898 2011 1934 2090 in

507 2118 853 2204 constitutionibus
874 2119 1081 2207 infantium
1103 2121 1336 2212 rusticorum
1360 2117 1582 2206 durioribus
1590 2181 1608 2230 2
1631 2115 1773 2228 quibus
1799 2121 1934 2238 prestat

509 2227 660 2347 jalappa
679 2230 928 2318 rhabarbaro.

566 2349 622 2430 At
643 2344 710 2429 ubi
728 2343 804 2454 jam
829 2345 939 2430 calor
964 2373 1114 2452 certus,
1140 2355 1181 2431 ὅ(
1207 2349 1437 2432 conticuere
1459 2344 1740 2460 utplurimum
1766 2344 1935 2462 sympto-

509 2485 636 2563 mata,
652 2486 748 2542 tunc
765 2489 855 2542 eum
873 2460 1014 2544 affeetu
1034 2460 1205 2544 maxime
1224 2458 1380 2545 salutari
1396 2460 1445 2545 ad
1461 2460 1650 2545 recidivas
1671 2461 1937 2573 praecavendas

510 2570 601 2654 usur
629 2574 690 2655 avi
718 2568 989 2656 antimonialia
1012 2569 1246 2685 sulphurea,
1276 2577 1377 2657 inter
1402 2570 1511 2679 cujus
1539 2598 1746 2688 preparata
1771 2573 1934 2660 mulne

509 2601 625 2768 illudJ
638 2687 785 2768 eminet
808 2686 918 2796 quod
942 2682 964 2768 ὲ
990 2683 1125 2769 natural
1150 2689 1191 2769 in
1215 2687 1435 2778 antimonio
1462 2686 1665 2799 purissimo
1683 2701 1734 2769 'ex
1755 2683 1935 2799 sulphure

511 2801 553 2878 bt
579 2794 757 2908 regulind
782 2824 890 2912 parte
918 2799 1094 2882 conflato
1125 2802 1344 2911 reperitur,
1365 2795 1474 2906 cujus
1504 2827 1623 2911 grana
1653 2795 1804 2909 aliquot
1860 2830 1934 2883 uo-

509 2907 606 2991 tidie
628 2911 771 3022 ingesta
793 2913 899 2994 hunc
918 2907 1064 2993 habent
1082 2912 1264 2994 effessum
1287 2937 1330 2995 ut
1349 2910 1500 3026 pleniias
1521 2919 1562 2993 dt
1583 2908 1722 2996 melius
1743 2914 1819 2994 exh
1878 2915 1934 3000 tio

509 3021 589 3104 siat.
612 3020 726 3104 Unde
747 3023 772 3102 fi
792 3051 860 3136 per
879 3019 1031 3132 aliquot
1049 3023 1199 3106 menses
1217 3024 1436 3108 remedium
1455 3021 1556 3108 illud
1571 3024 1689 3108 suerit
1707 3030 1933 3138 repetitum,

508 3130 664 3216 nullum
689 3129 794 3215 aliud
819 3138 1017 3249 potentius
1040 3140 1228 3250 reperitur
1246 3136 1297 3221 ad
1314 3137 1504 3222 recidivas
1526 3139 1626 3249 ignis
1647 3135 1840 3248 sylvestris
1855 3169 1937 3254 pra·

509 3244 704 3329 cavendas
732 3275 744 3346 ;
779 3245 905 3330 modo
931 3271 1063 3332 tamen
1099 3256 1142 3331 ἃ
1178 3253 1284 3332 ardo
1318 3253 1405 3335 vitae
1442 3253 1634 3364 regimine
1665 3253 1934 3336 contineantur

508 3355 677 3442 infantes
689 3418 704 3464 ,
729 3385 804 3443 nec
829 3360 997 3444 sinantur
1017 3359 1152 3445 sordes
1175 3391 1340 3471 quarum
1355 3365 1548 3447 maximus
1570 3366 1611 3446 in
1633 3389 1732 3446 cute,
1747 3365 1934 3448 infantum

509 3497 723 3584 proventus
744 3474 797 3556 est
820 3473 868 3556 ad
882 3499 1015 3557 eutem
1033 3477 1087 3572 ira
1107 3473 1327 3581 adhaerere,
1351 3501 1397 3560 ut
1419 3475 1540 3590 ipsam
1563 3472 1771 3560 sublevent
1792 3477 1931 3592 epider·

509 3583 687 3691 fidelem,
711 3610 868 3672 meatus
882 3581 1092 3693 obturent,
1115 3585 1294 3699 adebque
1315 3586 1586 3704 perspirationi
1606 3586 1777 3680 obstent

867 3781 1579 3908 aar1cunus1v

816 4017 882 4102 De
906 4019 1042 4104 Prund
1064 4025 1101 4106 e
1123 4025 1209 4139 igne
1229 4023 1379 4134 Perstco
1401 4025 1634 4139 Avitennae„

562 4245 671 4331 Inter
700 4275 876 4334 tumores
911 4247 1205 4364 erysipelatosos
1237 4252 1418 4366 peffimus
1449 4251 1521 4338 ille
1551 4257 1699 4364 estqui
1733 4259 1938 4371 proriam

507 4354 577 4440 sibi
594 4387 742 4446 nomeu
759 4362 807 4446 ab
829 4361 1035 4447 Avicennd
1054 4369 1114 4470 (a)
1140 4367 1300 4448 meritus
1320 4368 1395 4450 est:
1415 4364 1638 4478 quanquhm
1660 4371 1769 4452 euim
1793 4289 1842 4454 ab
1863 4369 1936 4454 illo

505 4473 665 4556 audiere
676 4469 760 4582 jure
775 4476 1000 4586 merithque
1017 4478 1118 4562 inter
1138 4475 1364 4592 erysipelate
1384 4505 1609 4564 numeretur
1624 4483 1726 4595 ignis
1741 4486 1937 4598 persicus,

504 4607 637 4666 tamen
661 4587 911 4702 malignitatis
936 4583 1021 4689 jure
1045 4593 1246 4710 propriam·
1266 4591 1339 4675 sabi
1359 4595 1629 4676 tractationem
1648 4597 1883 4682 vindicavit.

559 4693 673 4780 Duas
695 4695 777 4804 ejus
800 4701 968 4787 distinxit
987 4701 1158 4817 species,
1178 4734 1342 4819 quatum
1361 4708 1486 4820 prima
1504 4733 1626 4821 pruna
1650 4708 1820 4824 dieitur,
1846 4713 1941 4828 igne

539 4847 1113 4941 (a)10ib·4‚sen.3,tr.t‚etp·9·,
