4186 5908
635 382 1134 534 ‚cur-nuere.
1412 395 1420 404 ’
1523 478 1598 536 au

531 626 1227 716 PARAGRAPHUSIL

160 803 163 814 ’
244 823 314 914 De
343 815 569 910 Tunroribus
582 819 770 937 sejundis
795 825 861 941 qui
884 824 938 911 acl
958 816 1088 910 curenr’
1102 820 1336 939 depuratoril
1361 849 1515 910 exeunt.

705 1033 760 1122 1⁰.
787 1034 854 1122 De
882 1035 1061 1152 Papulis.

160 1251 164 1264 '
208 1245 394 1363 Papulae,
414 1270 589 1329 tumores
608 1240 765 1351 sejunlii
783 1245 897 1364 supra
914 1271 1048 1332 cutem
1061 1245 1306 1356 eminentes,
1333 1277 1425 1334 eum
1442 1246 1601 1364 pustulis

162 1357 574 1474 quaegraecedicuntur
585 1357 841 1468 Εξαιθημειτα,
857 1355 1129 1473 oiualevulgb
1137 1359 1444 1446 confunduntur.
1453 1361 1604 1444 Verirm

160 1470 325 1602 pustula
350 1497 395 1555 ut
410 1479 454 1555 ὅ(
471 1467 620 1566 pinula
640 1475 682 1555 in
702 1472 1022 1591 suppurationem
1040 1467 1206 1579 abeunt,
1226 1499 1294 1557 aut
1310 1472 1418 1558 certe
1434 1502 1600 1585 quoquo

162 1585 290 1670 modo
322 1609 535 1670 mutantur.
571 1583 726 1700 Papulae
757 1616 841 1696 quae
871 1584 1031 1705 proprie
1066 1585 1216 1670 Graecis
1251 1579 1520 1694 exseruisse,
1558 1592 1601 1670 ὃ(

162 1697 326 1784 latiores
358 1697 472 1804 sunt,
506 1725 582 1781 nec
616 1698 717 1782 adeo
742 1699 1067 1814 circumscripta,
1096 1703 1139 1781 ὅ(
1160 1695 1409 1785 resolvuntur
1432 1695 1601 1783 insensrli

162 1812 475 1926 perspirari'one,
503 1809 609 1894 unde
630 1810 775 1895 fastum
803 1811 907 1928 apud
930 1812 1099 1896 Latinos
1121 1807 1288 1897 verbum
1310 1809 1411 1897 illud
1425 1811 1609 1925 populo,

157 1923 358 2038 pepulere.
382 1923 451 2006 Sic
475 1919 631 2006 Coelius
656 1921 887 2010 Aurelianus
905 1931 968 2031 (o)
998 1923 1047 2010 de
1068 1918 1400 2018 rubefacientibus
1423 1921 1602 2008 medica-

163 2041 306 2120 mentis
324 2039 378 2118 ait
403 2033 720 2138 admovendailla
744 2036 938 2152 emplastra
957 2068 1043 2153 quae
1066 2065 1202 2152 corpus
1223 2037 1380 2122 valeant
1397 2035 1600 2152 populare.

164 2147 322 2232 Eodem
338 2147 449 2230 sensu
460 2145 650 2260 Virgilius
667 2149 733 2255 (b)
750 2149 1115 2266 ardentespopulus,
1133 2150 1236 2250 'dixit
1250 2184 1258 2233 :
1274 2147 1414 2236 Celsus
1426 2155 1486 2255 (c)
1500 2152 1599 2236 vero

165 2263 243 2345 duo
270 2257 502 2377 papularum
525 2288 668 2372 genera
689 2261 912 2377 distinguit,
943 2262 1012 2349 sed
1037 2292 1120 2347 non
1146 2261 1247 2348 adeo
1269 2262 1320 2350 ad
1341 2289 1483 2348 natura
1508 2292 1600 2346 nor·

133 2447 137 2468 ,
165 2404 268 2458 mam
293 2406 306 2474 3
332 2404 424 2480 nam
450 2370 660 2488 descriptio
684 2371 835 2482 eiusad
861 2377 1041 2492 herpetes
1065 2374 1252 2482 refertur,
1278 2402 1324 2460 ut
1348 2372 1444 2460 alibi
1462 2370 1599 2462 obser·

165 2487 279 2574 vandi
305 2483 462 2570 dabitur
480 2487 652 2573 occasio,
683 2486 906 2572 «Alterum
929 2489 981 2577 est
1034 2515 1153 2594 enus,
1173 2489 1251 2593 ait,
1277 2489 1320 2576 in
1339 2517 1426 2599 quo
1437 2489 1538 2574 cutis
1556 2491 1599 2575 in

165 2603 389 2684 »minimas
415 2598 580 2713 pustulas
608 2599 853 2714 exasperatur
882 2610 925 2685 ὅ(
954 2520 1070 2686 ruser
1082 2661 1097 2706 ,
1129 2600 1305 2683 medium
1334 2597 1453 2686 habet
1477 2598 1600 2715 paulo

165 2712 335 2799 »levius
347 2773 362 2819 ,
385 2709 494 2794 tarde
521 2711 662 2826 serpit,
688 2711 810 2824 idque
834 2715 976 2798 virium
1000 2709 1171 2796 maxime
1196 2711 1413 2798 rotundum
1437 2715 1599 2828 incipit,

165 2821 186 2906 i
204 2823 426 2935 eidemque
450 2827 603 2911 rarione
623 2829 665 2909 in
686 2822 825 2910 orbem
844 2824 1056 2940 procedit:
1081 2819 1248 2910 alterum
1264 2827 1317 2908 est
1338 2822 1449 2936 quod
1468 2823 1600 2928 Greci

167 2937 350 3042 »elysseu
375 2933 509 3021 dixere
535 2942 577 3023 in
598 2935 676 3050 quai
699 2941 823 3053 magis
848 2941 949 3023 cutis
975 2936 1222 3052 exasperatur
1247 2935 1601 3048 exulceraturque,

167 3085 191 3131 2>
212 3080 258 3134 ac
277 3053 546 3135 vehementiirs
571 3057 613 3134 &
637 3050 814 3160 roditur,
838 3057 881 3137 δι
903 3049 1039 3156 rubet,
1068 3057 1111 3134 ὃ(
1135 3048 1330 3134 interdum
1353 3052 1472 3136 etiam
1520 3048 1599 3136 ilos
1678 3117 1684 3132 ,

167 3197 189 3242 x
209 3165 385 3249 remittit.
408 3162 510 3271 Qua
523 3167 649 3248 minus
665 3165 834 3250 rotunda
850 3168 925 3272 est,
943 3159 1143 3248 difficilius
1156 3160 1347 3266 sanescit,
1364 3163 1435 3248 nist
1447 3079 1597 3248 sullata'

168 3281 290 3384 sest,
313 3280 356 3360 in
374 3278 647 3392 impetiginem
667 3281 849 3364 transrr».
1481 3276 1486 3282 ’
1589 3268 1596 3284 ’

218 3391 373 3477 Verum
392 3387 489 3488 licet
511 3391 576 3474 hic
598 3390 748 3476 summa
766 3419 918 3477 vocum
936 3387 1117 3476 confufio
1134 3385 1310 3500 ‚aliquam
1334 3389 1499 3484 retineat
1518 3415 1599 3471 am·

169 3501 423 3619 biguirarem,
446 3501 625 3588 videmus
642 3502 890 3590 Trallianum
908 3503 973 3607 (d)
989 3506 1082 3588 cirm
1098 3501 1149 3586 de
1162 3499 1376 3589 ulcusculis
1392 3502 1516 3589 densis
1532 3503 1602 3586 vix

170 3613 507 3732 deprehendendis
527 3621 597 3730 p’er
616 3616 782 3703 oculum
801 3614 1003 3728 loquitur,
1029 3643 1076 3699 ea
1099 3613 1251 3731 papulis
1272 3614 1414 3701 similia
1426 3642 1601 3728 pronun-

170 3734 277 3814 riare.
306 3727 422 3813 Unde
469 3725 591 3844 apula
608 3724 895 3816 ulcerationem
913 3757 996 3814 non
1009 3729 1226 3844 important
1245 3725 1402 3834 secum,
1421 3724 1603 3838 adeoque¹

168 3840 309 3928 inde‘a
356 3759 487 3926 ustulis
512 3841 806 3956 distinguuntur.
938 3844 942 3850 ’
1050 3849 1052 3852 ’
1355 3847 1360 3852 ’
1488 3843 1492 3850 ’
1556 3869 1559 3874 ’
1593 3869 1596 3875 ¹

223 3871 460 4070 Papularum
480 3956 600 4062 vero,
625 3981 709 4038 rem
724 3952 906 4040 accurate
926 3951 1162 4062 scrutantes,
1187 3950 1334 4068 duplex
1354 3979 1481 4066 genus
1504 3976 1603 4065 pro·

171 4067 390 4180 sequemur.
426 4067 609 4178 Quarum
629 4063 723 4152 alias
738 4064 896 4176 difies,
916 4068 984 4154 seu
1009 4067 1199 4182 malignas
1220 4060 1483 4168 vocabimus,
1508 4091 1602 4146 auc·

173 4207 261 4278 tore
290 4179 441 4287 Celso,
479 4178 572 4264 alias
600 4179 826 4297 simplices,
859 4180 995 4288 leves,
1032 4207 1151 4291 atque
1181 4176 1370 4292 benignas
1406 4171 1432 4258 ὲ
1467 4171 1602 4298 uibus

173 4293 437 4380 exordiemur.
466 4291 628 4408 Quippe
648 4293 886 4410 simpliciora
904 4295 953 4378 ad
974 4293 1287 4404 compositorum
1311 4318 1385 4373 nos
1406 4204 1604 4379 deducent

172 4436 225 4492 co
255 4409 460 4490 nitionem.
1528 4480 1534 4491 .
1567 4487 1570 4500 ,

226 4438 463 4638 lapularum
480 4515 700 4628 leviorum,
723 4520 790 4607 seu
812 4517 1105 4634 simpliciorum.
1115 4547 1199 4604 non
1218 4515 1360 4606 fldem
1379 4505 1431 4602 esl
1447 4515 1605 4624 sonna,

212 4699 273 4778 (a)
294 4696 382 4759 Tatd.
406 4717 442 4766 ι,
467 4715 492 4758 1.

213 4777 275 4852 (b)
295 4777 361 4840 Lib·
382 4797 417 4856 3,
441 4773 550 4864 Gfflfge

215 4864 274 4933 (c)
297 4859 358 4919 Lib.
381 4875 456 4930 5,c.
477 4865 600 4932 27,·18.

205 4938 273 5020 .(d)
294 4937 357 5002 Lib.
380 4957 414 5018 r,
434 4959 493 5030 cap.
515 4957 548 5018 7,

1242 5015 1327 5114 Dd
1353 5015 1380 5126 ij
