4292 5904
693 359 1204 529 cursusrs(
1278 393 1363 535 J
1571 378 1659 554 aa,

117 603 121 612 '
221 593 294 708 qui
306 596 436 687 vultds
451 597 633 688 colorent
650 604 930 692 adulterabant.
947 603 1061 690 Idem
1076 631 1155 719 ego
1171 599 1254 688 vidi
1272 595 1517 697 hirudinibus
1537 601 1660 694 semel

220 710 273 795 ad
295 743 406 800 nares
428 743 476 830 ap
503 715 631 803 licatis
658 724 769 804 conti
798 721 875 803 ille.
903 722 996 804 Nec
1020 721 1163 802 mirum
1186 718 1379 822 omninb,
1403 715 1499 800 licbt
1523 721 1659 804 rar'illi·

222 851 362 934 mum,
385 747 502 938 quoti
515 830 677 943 Bayrius
703 753 947 938 obliturum,
970 836 1063 916 ciam
1082 828 1198 913 multi
1222 830 1363 914 dentur
1386 831 1567 916 homines
1588 837 1658 945 qui

224 933 294 1019 ubi
321 966 388 1024 aut
416 937 472 1026 iri
501 946 716 1054 exardent,
745 971 811 1030 aut
841 945 1072 1062 profundiirs
1100 941 1370 1027 meditabundi
1393 944 1516 1041 stant,
1542 944 1657 1030 illicb

223 1075 365 1133 venam
394 1051 502 1138 illam
527 1059 699 1142 inflatam
724 1087 890 1173 gerunt,
914 1057 1207 1142 detumescente
1237 1053 1305 1139 illa
1318 1116 1333 1162 ,
1363 1051 1433 1137 ubi
1462 1055 1657 1143 deferbuit

223 1165 343 1244 animi
370 1167 552 1280 impetus.
586 1171 677 1254 Imb
704 1201 788 1256 non
814 1201 943 1274 rarum
970 1173 1024 1258 est
1051 1170 1187 1256 videre
1211 1178 1233 1252 ai
1259 1166 1413 1253 venulis
1436 1166 1513 1250 illis
1538 1195 1655 1281 gutte

223 1274 342 1356 roseae
365 1281 695 1390 tumescentibus,
720 1289 801 1370 acri
821 1285 1028 1400 prasertim
1047 1284 1186 1396 frigori
1206 1285 1234 1365 st
1254 1283 1374 1365 facies
1395 1280 1513 1363 fuerit
1532 1310 1656 1395 expo·

222 1385 318 1491 srta,
341 1392 513 1500 guttulas
537 1395 731 1509 sanguinis
757 1401 889 1504 exire,
917 1400 1000 1480 cito
1023 1395 1343 1510 compescendas.
1373 1395 1466 1477 Nec
1490 1393 1656 1482 difficile

222 1499 276 1580 est
290 1505 431 1611 pariter
450 1505 670 1621 intelligere
684 1537 803 1620 quare
817 1509 1022 1595 tubercula
1038 1508 1092 1593 ab·
1102 1509 1176 1593 haic
1192 1506 1307 1592 causi
1321 1506 1531 1622 pendentia
1544 1535 1656 1602 tanto

224 1634 407 1734 ternpore
427 1621 664 1730 perdurent?
686 1624 791 1707 Ciam
813 1623 966 1706 scilicet
977 1681 992 1730 ,
1019 1620 1213 1708 destruslis
1234 1623 1330 1704 vasis
1348 1623 1565 1727 varicosrs,
1581 1620 1655 1706 alia

221 1724 396 1827 erusdem
422 1737 574 1843 generis
601 1733 777 1820 subnasci
803 1735 958 1820 necesse
981 1738 1053 1842 srt‘,
1083 1763 1161 1819 nec
1182 1762 1355 1845 unquam
1381 1737 1446 1816 hic
1476 1733 1684 1847 prodesse·

221 1838 340 1950 poffit
364 1842 589 1958 suppuratio
603 1908 618 1955 ,
648 1850 717 1931 nisr
742 1854 784 1932 in
808 1850 1026 1935 universam
1053 1875 1186 1932 cutem
1211 1845 1362 1932 roseam
1387 1847 1545 1930 extensa
1567 1851 1657 1929 uni·

221 1951 412 2038 versalem
445 1960 608 2047 inducat
638 1965 889 2071 cicatricem,
926 1962 1036 2073 quod
1068 1960 1215 2044 malum
1250 1959 1501 2044 deformitate
1531 1961 1654 2075 priori

221 2057 359 2174 pejus,
381 2076 422 2152 br
441 2067 483 2154 su
513 2073 672 2158 iendum
695 2079 819 2189 magis
838 2077 949 2179 fore,
972 2073 1132 2158 evidens
1146 2074 1217 2156 est.

277 2179 435 2266 Malum
452 2104 552 2269 iliud
571 2190 655 2298 post
669 2191 818 2302 primos
837 2183 1109 2270 adolescentia
1129 2214 1252 2267 annos
1270 2174 1348 2286 jam
1363 2187 1521 2267 exados
1540 2207 1657 2296 atque

220 2293 486 2428 praeterlapsos
507 2300 729 2408 incipiens,
760 2329 843 2406 quo
864 2325 1045 2408 tempore
1078 2295 1357 2377 haemorroides
1379 2297 1656 2404 efflorescunt,

221 2429 246 2480 a
270 2400 484 2488 levioribus
514 2411 633 2489 initiis
661 2411 827 2522 incipit,
854 2406 1025 2517 indeque
1050 2405 1187 2488 senfim
1213 2405 1465 2511 increscens,
1497 2407 1657 2491 tandem

221 2509 280 2598 sui
292 2518 527 2601 incrementi
545 2517 737 2631 fastigium
758 2521 990 2630 assequitur,
1005 2546 1182 2628 tuncque
1196 2519 1277 2602 stne
1291 2519 1464 2633 pruritu,
1481 2545 1520 2602 at
1536 2520 1657 2636 sape,
1749 2603 1751 2612 ,

222 2626 252 2708 st
275 2626 324 2713 ad
343 2627 489 2737 solem,
511 2657 578 2714 aut
597 2633 721 2745 frigus
738 2633 1021 2741 imprudentibs
1035 2628 1167 2716 vultus
1187 2658 1406 2745 exponatur
1425 2661 1516 2714 cum
1532 2630 1658 2718 levio·

221 2737 329 2825 ribus
356 2750 397 2826 dr
423 2745 507 2828 cito
534 2744 767 2830 cessantibus
791 2749 1016 2860 punduris,
1066 2741 1185 2828 erliat.
1201 2746 1439 2860 immotum,
1461 2744 1585 2856 usque
1607 2746 1658 2831 ad

221 2856 373 2967 primos
392 2856 599 2970 decrepita
616 2857 822 2942 senecintis
842 2858 1001 2942 limites.
1022 2775 1145 2942 iuno
1162 2860 1260 2940 verb
1282 2858 1403 2942 facies
1425 2884 1549 2942 terrea
1569 2887 1659 2944 eva-

222 2965 282 3058 dit
297 2976 339 3052 &
355 2971 520 3082 rugosa,
541 2969 801 3085 plethorique
816 2970 1024 3087 prasertim
1043 2968 1251 3084 sanguinei
1267 2969 1477 3056 deficiente
1488 2970 1660 3080 ,delicit

219 3082 340 3164 etiam
365 3107 475 3195 gutta
498 3084 618 3170 rosea.
1353 3121 1356 3128 ’
1518 3141 1523 3152 ·

280 3195 476 3304 Quamvis
488 3223 621 3282 tamen
634 3193 791 3306 nullum
810 3195 903 3280 inde
920 3193 1075 3281 accidat
1093 3191 1421 3308 incommodum,
1445 3191 1659 3286 sollicitant

217 3327 353 3394 tamen
367 3313 613 3395 curationem
632 3307 805 3425 plurimae
818 3307 1016 3417 mulieres,
1029 3335 1074 3393 ut
1088 3307 1256 3395 sormam
1271 3308 1442 3392 amissam
1459 3336 1658 3425 reparent;

218 3413 306 3510 imb
336 3420 443 3505 idem
473 3423 570 3507 sae
603 3423 797 3539 postulant
827 3427 967 3506 acriter
999 3425 1074 3508 viri
1087 3484 1104 3528 ,
1133 3420 1340 3536 prasertim
1374 3421 1397 3502 ὲ
1424 3420 1656 3508 sacerdotali

222 3531 391 3637 ordine,
419 3561 471 3617 ne
497 3455 744 3622 ebriosorum
773 3537 917 3620 famam
943 3561 1099 3646 turpem
1120 3532 1317 3639 habeant,
1341 3532 1446 3616 unde
1473 3535 1656 3620 remediis

221 3643 275 3728 ad
294 3671 454 3840 (puttam
487 3650 639 3729 roseam
662 3649 870 3771 'specificis
901 3645 1050 3729 scatent
1081 3648 1284 3727 sudorum
1316 3641 1418 3727 libri.
1454 3645 1656 3734 Omnibus

217 3761 291 3866 qui
322 3785 384 3840 ern
411 3757 744 3864 ausloribus·1ure
766 3759 986 3870 meritoque
1009 3757 1050 3841 id
1071 3783 1286 3841 commune
1312 3781 1550 3872 praeceptum
1577 3763 1656 3870 est,

219 3896 269 3955 ut
286 3874 415 3954 omnis
434 3898 551 3984 gutte
573 3871 690 3956 roseae
714 3874 867 3956 curatio
892 3869 914 3954 a
935 3869 1172 3956 diluentibus
1197 3897 1314 3980 atque
1338 3869 1656 3983 refrigerantibus

143 4071 148 4080 ,
219 3979 461 4090 inchoetur,
494 3985 694 4094 vidlrsque
719 3989 844 4091 ratio,
871 3982 980 4090 cujus
1010 3987 1227 4068 maximum
1255 3985 1308 4066 est
1340 4009 1587 4067 momentum
1611 3987 1654 4070 in

219 4096 363 4182 habitu
376 4103 506 4212 potibs
522 4102 625 4209 turpi
638 4096 844 4203 tollendo,
858 4095 974 4210 quim
990 4099 1031 4180 in
1048 4097 1191 4180 morbo
1209 4091 1408 4203 eruendo,
1428 4097 1656 4184 humeelana

221 4212 272 4294 stt
289 4239 405 4319 atque
420 4212 662 4324 refrigerans.
685 4211 794 4295 Hinc
808 4215 927 4295 etiam
941 4214 982 4295 in
999 4209 1229 4327 plethoricis
1249 4211 1331 4293 hoc
1347 4205 1490 4290 morbo
1506 4209 1655 4296 affectis,

221 4325 524 4408 venasediones
539 4326 726 4439 prosunt,
744 4355 827 4434 quae
845 4323 978 4408 saltent
989 4387 1002 4430 ,
1023 4353 1096 4438 pro
1112 4321 1184 4406 illo
1203 4350 1283 4432 quo
1296 4323 1540 4408 instituuntur
1554 4348 1653 4406 tem-

221 4461 347 4551 pore,
370 4465 520 4546 guttam
540 4437 691 4521 roseam
707 4441 761 4520 ita
776 4436 947 4542 tollunt,
965 4463 1009 4519 ut
1028 4463 1113 4519 tota
1127 4435 1247 4520 facies
1262 4437 1302 4516 in
1350 4432 1510 4517 allidam
1530 4461 1651 4521 mute·

224 4575 303 4632 tur.
317 4550 712 4636 Postvenaesesliones
725 4549 971 4633 institutasad
984 4551 1142 4663 propius
1155 4465 1409 4633 derivandum
1420 4545 1653 4634 conducunt

222 4662 425 4746 hirudines
448 4693 531 4772 quae
547 4664 774 4780 sartguinem
797 4661 863 4747 ubi
887 4691 969 4744 non
991 4688 1107 4802 urget
1129 4661 1151 4747 a
1171 4690 1286 4774 tergo
1306 4663 1474 4776 impetus
1496 4659 1653 4776 pletho·

224 4776 331 4857 ricus
359 4775 381 4856 a
403 4777 501 4858 -vasrs
526 4781 714 4888 proximis
739 4775 897 4862 tollunt.
921 4773 1059 4858 Postea
1079 4781 1176 4860 verb
1198 4776 1324 4858 serum
1345 4773 1482 4883 laetis,
1504 4771 1652 4880 juscula

222 4883 383 5000 ecarne
399 4887 586 5001 vitulini,
605 4918 676 4976 aut
695 4890 807 5005 pullo
828 4887 982 5000 juniore
1002 4889 1182 4986 confessa
1196 4947 1210 4996 ,
1219 4889 1422 5086 nimmia
1437 4886 1624 5018 sobrietas
1633 4926 1663 5000 ,-

1284 5031 1483 5105 mmmu

459 5261 495 5337 h
