4186 5908
452 431 539 532 un
869 342 1007 504 'on
1073 344 1439 506 nonnis

463 597 507 674 δε
537 585 640 694 quast
671 611 894 687 concreto,
927 569 1046 688 quem
1074 573 1163 667 dati
1196 578 1405 662 otcasrone
1432 571 1594 660 solvent
1629 580 1671 659 dt
1700 571 1899 663 solvendo

464 697 688 811 turgescere
708 697 856 780 facient
880 689 1056 777 calorem
1079 717 1266 804 augentes
1285 716 1404 802 arque
1429 689 1641 774 humorem
1669 687 1902 804 perspiraro·

463 815 568 896 rium
592 810 640 893 ad
666 813 789 893 cutim
812 803 1128 918 agglomeranres
1149 801 1285 888 causae.
1440 897 1444 911 ,

524 923 587 1010 Ex
606 925 665 1004 his
679 919 887 1004 deducitur
903 913 1021 1000 facile
1039 913 1271 1000 morborum
1286 913 1482 1000 horumce
1497 913 1713 1026 diagnosrs,
1733 944 1818 1024 quae
1827 979 1841 1022 ‚
1857 943 1902 1002 ut

469 1039 600 1122 careri
616 1063 755 1116 omnes
770 1033 925 1116 cutanei
940 1026 1091 1136 morbi,
1112 1054 1197 1112 tota
1211 1027 1295 1114 visu
1310 1030 1460 1114 constat
1478 1036 1522 1112 dt
1540 1025 1669 1110 oculis
1688 1025 1902 1142 deprehen·

471 1149 587 1234 ditur.
610 1147 702 1230 Nec
718 1145 800 1260 ipsa
816 1144 931 1229 causa
946 1143 1166 1227 incertaest
1174 1202 1190 1252 ,
1207 1167 1338 1256 partus
1352 1139 1507 1229 scilicet
1521 1139 1642 1245 adesi,
1661 1143 1758 1224 &in
1801 1145 1904 1227 riore

469 1259 607 1346 saltem
630 1262 825 1342 horumce
846 1255 1080 1340 morborum
1103 1281 1248 1367 genere
1271 1254 1459 1368 praecessit
1479 1250 1620 1338 sebriie
1643 1172 1883 1339 incendium.

524 1372 737 1484 Prognosrs
760 1373 857 1454 verb
878 1368 1176 1454 communisest
1199 1396 1293 1450 cum
1312 1365 1437 1456 altero
1456 1363 1691 1451 morborum
1712 1369 1904 1451 horumce

467 1483 686 1574 laneorum
706 1511 871 1596 genere,
899 1486 964 1598 qui
985 1510 1054 1596 per
1075 1480 1114 1564 se
1139 1479 1220 1563 fine
1244 1477 1330 1565 ullo
1355 1478 1500 1566 morbo
1523 1482 1667 1593 praevio
1692 1479 1903 1585 invadunt,

468 1594 678 1708 lenteque,
696 1605 737 1680 dt
751 1597 854 1706 quast
869 1596 1007 1678 sensim
1028 1589 1215 1706 corrupti·
1229 1588 1344 1681 lattei
1361 1595 1539 1678 humoris
1557 1593 1659 1675 intirs
1680 1590 1906 1676 circulantis

470 1707 594 1794 massi
611 1709 843 1812 nascuntur,
864 1709 1002 1792 sensim
1017 1703 1282 1810 invalescunt,
1303 1708 1388 1794 imb
1403 1713 1444 1790 dt
1460 1705 1616 1820 serpunt
1630 1767 1645 1810 ,
1666 1730 1794 1818 partes
1814 1701 1905 1788 alias

470 1849 590 1931 atque
610 1819 702 1906 alias
724 1820 974 1928 invadentes,
993 1818 1061 1903 sed
1084 1817 1223 1903 eidem
1244 1817 1401 1925 forme,
1429 1817 1647 1930 iisdemque
1666 1816 1906 1932 symptoma-

471 1933 591 2018 tibus·

529 2047 583 2129 Iis
610 2043 764 2132 nullum
792 2044 897 2133 aliud
928 2046 1150 2158 symproma
1177 2047 1364 2157 praevium
1390 2047 1466 2150 est,
1498 2069 1635 2156 prater
1668 2040 1769 2126 illud
1799 2043 1905 2152 quod

473 2156 658 2242 omnibus
669 2158 752 2266 sere
768 2159 917 2247 morbis
934 2161 1108 2245 cutanei's
1125 2185 1341 2240 commune
1356 2159 1409 2240 est
1418 2221 1431 2262 ,
1449 2183 1493 2240 ut
1503 2154 1746 2240 ventriculus
1759 2184 1830 2269 ape
1858 2154 1906 2240 srb

472 2270 604 2385 plures
619 2299 688 2386 per
703 2272 785 2355 dies
797 2270 978 2378 laboret,
991 2273 1075 2356 imo
1086 2297 1250 2355 vexetur
1261 2266 1412 2360 nauseti.
1425 2268 1581 2376 Postea,
1597 2295 1663 2352 aut
1679 2271 1783 2352 fluor
1798 2187 1905 2352 albus

472 2411 630 2468 uterum
652 2385 827 2492 infestat,
849 2413 916 2488 aut
936 2385 1087 2500 pessimi
1107 2386 1287 2469 oriuntur
1308 2380 1469 2473 dolores
1487 2381 1537 2466 ad
1551 2379 1744 2466 articulos
1756 2445 1771 2490 ,
1794 2385 1847 2466 ita
1865 2407 1907 2464 ut

472 2497 600 2610 frangi
630 2506 673 2581 bt
700 2497 886 2614 disrumpi
913 2499 993 2584 ossa
1017 2497 1223 2585 videantur
1237 2559 1252 2604 ,
1277 2497 1517 2608 credantque
1541 2493 1726 2580 mulieres
1752 2495 1792 2578 se
1815 2495 1906 2578 ideo

504 2608 581 2692 oda
610 2607 650 2692 rai
663 2606 843 2696 laborare
850 2675 864 2718 ,
878 2613 987 2722 quod
999 2609 1095 2725 saepb
1107 2635 1240 2694 tumor
1255 2607 1365 2694 albus
1380 2610 1429 2698 ad
1443 2607 1633 2696 articulos
1646 2608 1725 2692 sese
1739 2605 1905 2692 attollat.

472 2640 635 2806 lustulae
647 2723 738 2808 inde
751 2725 888 2840 sensim
902 2729 1101 2828 oriuntur,
1125 2731 1167 2806 dt
1184 2725 1210 2804 sr
1230 2720 1439 2835 spedaculi
1454 2721 1676 2806 soeditatem
1692 2718 1904 2826 sustuleris,

376 2884 381 2894 ·
472 2835 612 2920 sanitas
638 2837 740 2920 redit
764 2836 925 2921 illibata.
954 2836 1146 2922 Mulieres
1163 2835 1220 2919 ad
1243 2839 1311 2920 has
1338 2835 1499 2919 redadiae
1525 2837 1742 2948 augustias,
1775 2837 1905 2916 omnia

473 2944 577 3030 mala
596 2946 735 3030 contri
755 2975 973 3056 mutarent,
991 2951 1058 3034 sed
1074 2951 1160 3032 rari)
1177 2947 1287 3032 febre
1301 2974 1522 3053 tentantur,
1540 2951 1627 3032 raro
1643 2947 1745 3031 rede
1762 2949 1906 3030 fluente

475 3057 600 3142 hicce
627 3060 788 3144 materiai
814 3066 998 3145 catharris
1021 3061 1241 3175 plesiuntur
1263 3065 1330 3171 qui
1352 3067 1503 3144 tantum
1532 3061 1717 3170 redeunt,
1742 3061 1767 3141 st
1792 3063 1907 3142 cobi-

476 3169 579 3255 bitus
592 3172 709 3256 suerit
724 3175 773 3258 ad
790 3179 914 3256 cutim
928 3177 1069 3257 fluxus.
1097 3172 1195 3256 Sola
1209 3177 1329 3256 animi
1345 3177 1514 3286 angustia
1530 3179 1667 3286 ingens
1682 3235 1696 3278 ‚
1717 3181 1760 3256 dt
1775 3172 1907 3254 sormae

474 3285 632 3398 perditae
654 3285 774 3369 dolor
797 3313 1006 3402 perpetuus
1033 3289 1238 3371 coctiones
1258 3317 1418 3395 currum
1446 3290 1489 3370 it.
1514 3288 1664 3370 Verum
1684 3284 1907 3398 corruptela

475 3396 544 3480 illa
556 3395 742 3482 morbum
756 3427 873 3512 auget
892 3427 1124 3502 curaneum,
1141 3398 1390 3484 coslionibus
1403 3319 1499 3482 illuc
1517 3398 1675 3504 delatis,
1700 3406 1741 3482 dt
1760 3396 1809 3480 ab
1826 3397 1907 3482 aliis

474 3509 589 3596 malis
609 3510 730 3596 salvas
754 3513 849 3598 facit
873 3511 1066 3597 infelices.
1098 3512 1213 3602 Unde
1236 3539 1280 3596 ut
1304 3517 1345 3596 in
1369 3511 1645 3626 posterioribus
1666 3509 1774 3594 hisce
1793 3511 1907 3596 affec·

474 3623 607 3729 tibus,
633 3625 685 3706 src
709 3627 828 3708 etiam
856 3630 896 3711 in
921 3623 1117 3740 prioribus
1140 3628 1344 3740 prognosse
1369 3629 1422 3713 est
1450 3624 1580 3708 morbi
1610 3625 1810 3729 diuturni,
1842 3628 1906 3734 qui

473 3735 545 3820 lon
576 3735 830 3821 ediumrnior
841 3741 982 3824 evadet
989 3803 1004 3846 ,
1019 3739 1128 3824 stritb
1141 3743 1319 3824 restitutis
1333 3766 1452 3849 atque
1465 3735 1674 3824 fluentibus
1688 3740 1903 3844 menstruis,

475 3769 625 3936 mallim
643 3854 859 3965 perstiterit.
881 3853 949 3936 Sic
969 3851 1439 3940 immedicabilem-etiam
1453 3851 1581 3938 labem
1600 3855 1711 3966 primi
1741 3878 1904 3964 uerperae

476 3965 661 4048 inslisiam
678 3967 880 4078 ingemui,
905 3971 997 4048 cnm
1026 3964 1290 4078 pulcherrima
1316 3963 1428 4050 anteit
1449 3965 1590 4048 mulier
1616 3973 1657 4048 dt
1677 3883 1739 4048 ad
1747 3963 1905 4046 delicias

475 4075 641 4161 sociales
661 4105 750 4162 nata
767 4079 1011 4162 consortium
1029 4082 1238 4163 hominum
1254 4081 1391 4192 sugere
1411 4083 1548 4164 coam
1566 4079 1684 4162 suerit
1704 4085 1745 4160 dt
1762 4076 1903 4160 faeiem

478 4187 682 4276 occultare
703 4195 745 4274 in
768 4192 997 4277 Eunreuidis
1020 4191 1190 4278 formam
1211 4192 1320 4276 versa
1346 4202 1386 4277 bt
1405 4195 1622 4276 immutata.
1651 4187 1818 4275 Scilicet
1836 4187 1906 4272 illa

475 4299 673 4383 immensa
699 4330 815 4414 atque
841 4307 1083 4393 ornatisfimae
1107 4304 1282 4390 coesariei
1295 4367 1307 4409 ,
1334 4305 1429 4408 ditm
1455 4333 1585 4419 parms
1611 4307 1834 4388 immineret
1858 4329 1907 4386 ne

400 4435 402 4440 ·
477 4409 680 4497 decideret
693 4443 894 4524 metuens,
914 4449 963 4503 ex
982 4417 1074 4504 anili
1089 4416 1255 4502 consilio
1270 4417 1371 4504 salei
1401 4419 1480 4504 sam
1498 4417 1694 4532 respersit,
1718 4423 1760 4501 ἃ
1779 4413 1908 4531 poste'a

476 4547 522 4604 ut
534 4529 742 4610 nostratum
753 4529 1005 4616 foeminarum
1020 4563 1108 4616 mos
1123 4535 1195 4638 est,
1213 4559 1338 4618 totam
1375 4531 1486 4618 alinis
1502 4529 1661 4646 spiculis
1677 4533 1907 4614 horrentem

476 4631 612 4718 multis
627 4648 847 4753 ‘cooperuit
868 4643 997 4728 linteis
1026 4646 1335 4760 agglomeratis,
1361 4645 1489 4760 plures
1515 4674 1584 4758 per
1610 4645 1693 4728 dies
1718 4674 1802 4728 non
1827 4673 1909 4726 mu·

474 4748 625 4854 randis,
648 4777 692 4833 ut
705 4783 978 4868 puerperarum
997 4789 1083 4842 mos
1099 4763 1162 4843 est.
1185 4763 1241 4844 At
1255 4757 1447 4868 aliquibus
1467 4763 1551 4871 post
1568 4783 1721 4873 partum
1740 4757 1907 4862 diebus,

470 4858 807 4979 palpebmssrons,
819 4870 1198 4986 genaepapulis,dein
1207 4871 1363 4986 pustulis
1374 4869 1721 4984 ulcerandisatque
1733 4871 1911 4958 crusiofis
