4186 5908
931 385 1038 486 sss
1093 369 1447 472 tronars

718 635 732 651 ,
752 581 942 658 ,mm
953 551 1041 644 illm
1054 547 1199 636 mim
1214 537 1294 622 dici
1312 533 1422 650 polle
1436 529 1595 730 papulas
1609 557 1692 646 φιτ
1706 531 1921 650 hlymphae'

678 641 692 662 ⁵
732 703 816 766 ιφ
835 648 956 774 aqam
975 663 1074 750 atris
1089 653 1285 770 pendent,
1314 648 1458 759 easque
1500 646 1585 732 olas
1610 650 1699 731 rarb
1720 651 1881 736 existere
1891 689 1925 758 ,-

662 858 671 871 ,
710 784 855 886 ..Ma
872 775 1017 866 morbis
1031 766 1154 852 modb
1172 761 1377 848 tractandis
1393 761 1637 845 coincidere.
1662 762 1755 844 Nec
1774 787 1910 850 tamen

622 874 633 988 ζ
743 913 956 987 ocissume
967 877 1124 998 papulas
1141 873 1309 964 rebelles
1326 873 1436 988 polle
1451 871 1663 983 aliquando
1682 878 1908 983 concitare,

541 983 577 1032 ⁶·
614 1071 627 1098 „
670 1033 830 1103 “attam-
846 999 921 1086 ute
939 1023 1021 1104 φιιι
1042 988 1112 1074 sub
1131 993 1295 1074 nomine
1315 985 1424 1099 effere
1441 984 1490 1070 ab
1513 984 1719 1072 Avicennd
1735 993 1798 1092 (a)
1825 989 1911 1074 des·

562 1169 590 1206 q
626 1182 715 1212 m,
754 1115 818 1206 thul
850 1135 944 1196 mne
974 1133 1068 1188 cum
1097 1099 1212 1220 psoral
1238 1127 1356 1213 atque
1386 1097 1517 1190 scabie
1543 1099 1839 1188 confunduntur
1865 1110 1940 1192 &a

529 1287 536 1298 .
560 1300 585 1343 γ
598 1229 809 1328 ,tutoribus
829 1229 870 1306 dt
896 1219 1115 1302 curatione.

879 1441 937 1526 2⁰.
963 1441 1031 1528 De
1050 1441 1223 1527 Masulis
1243 1441 1502 1557 depuratoriis.

544 1683 650 1767 ntro
663 1698 746 1782 quc
759 1665 1547 1785 corpushumanumdeturpantmaculae,
1570 1675 1613 1751 ὃς
1626 1669 1668 1752 in
1683 1669 1906 1755 universam

483 1823 565 1896 qus
592 1783 834 1902 superficiem
861 1781 1038 1868 feruntur
1053 1844 1068 1888 ,
1103 1811 1238 1868 verum
1275 1811 1392 1894 atque
1425 1767 1658 1895 singularem
1701 1785 1908 1868 concitant

485 1897 666 1990 nimbum
689 1919 860 2005 eumque
887 1893 1195 2009 depuratorium.
1224 1895 1374 1980 Mutari
1402 1922 1536 1978 cutem
1565 1895 1607 1976 in
1632 1897 1755 1978 idero
1788 1921 1908 2005 atque

482 2008 709 2113 ,paviditate
728 2035 812 2089 non
832 2036 984 2094 novum
1002 2010 1055 2092 est
1078 2040 1091 2108 3
1114 2007 1182 2092 sed
1199 2010 1282 2092 haec
1301 2006 1544 2092 macularum
1570 2009 1725 2122 eruptio
1746 2036 1831 2090 non
1858 2007 1906 2097 ad

479 2103 638 2226 hujusce
665 2120 799 2201 nostra
825 2118 949 2204 claffis
978 2118 1143 2205 morbos
1170 2123 1351 2234 pertinet.
1390 2121 1483 2204 Nec
1516 2146 1647 2203 tamen
1680 2119 1907 2233 negandum

477 2234 530 2318 est
551 2230 632 2314 dari
654 2229 818 2314 morbos
844 2237 911 2343 qui
933 2261 1002 2346 per
1025 2232 1227 2339 maculas,
1257 2260 1324 2317 aut
1348 2235 1585 2337 chronicas,
1611 2258 1678 2315 aut
1698 2232 1909 2318 redeuntes

477 2341 545 2428 libi
574 2343 872 2456 depurationem
895 2345 1106 2456 aliquandb
1131 2369 1324 2457 quaerant,
1363 2374 1585 2455 quanquam
1612 2345 1709 2428 istud
1738 2345 1906 2459 depura-

474 2457 633 2540 tionum
660 2485 783 2568 genus
814 2454 862 2540 ab
888 2455 1110 2544 auetoribus
1136 2458 1218 2544 fere
1272 2457 1506 2544 raetervisum
1527 2457 1671 2563 fuerit,
1698 2485 1766 2542 aut
1789 2461 1858 2542 vix
1884 2457 1907 2544 ‘a

475 2565 627 2682 papulis
662 2569 889 2652 distinelum.
924 2571 972 2654 In
1001 2489 1286 2687 perpendendis
1315 2599 1447 2658 autem
1473 2570 1582 2654 hisce
1607 2567 1802 2676 maculis,
1838 2597 1910 2656 aut

476 2681 701 2787 chronicis,
723 2681 1054 2776 autredeuntibus
1064 2747 1077 2790 ,
1091 2686 1169 2768 srve
1182 2686 1368 2792 erratice,
1384 2686 1462 2768 five
1475 2681 1701 2798 periodice,
1715 2684 1907 2792 antiquos

475 2794 654 2878 auctores
669 2793 896 2906 sequemur,
921 2799 1013 2880 cbrn
1032 2800 1227 2881 theoriam
1245 2822 1424 2882 tenerent
1439 2794 1487 2879 ab
1511 2796 1679 2992 inspectu
1699 2792 1788 2878 solo
1809 2825 1904 2880 mu-

474 2930 622 2990 tuatam
632 2967 646 3012 ,
669 2910 723 2990 ita
738 2934 783 2991 ut
800 2906 881 2992 aliae
898 2907 1113 3024 sanguinea
1132 2915 1409 3016 nominentur,
1430 2907 1511 2992 aliae
1526 2908 1564 2993 bi
1582 2908 1690 3014 'osae,
1713 2906 1906 3016 quasdam

474 3013 497 3100 ὲ
524 3017 662 3130 pituita
688 3019 935 3110 deducerent¹
954 3024 1169 3130 craffiore;
1197 3024 1361 3138 pelhmae
1386 3024 1482 3106 verb
1508 3049 1595 3106 atrae
1621 3022 1673 3104 stc
1699 3021 1809 3105 dieta
1832 3021 1906 3106 bili

471 3127 750 3217 adscribantur.
784 3131 876 3217 Halo
909 3135 1068 3244 quidem
1098 3138 1138 3218 in
1167 3134 1397 3232 recensione
1422 3139 1514 3219 clun
1550 3132 1701 3218 nullum
1733 3131 1905 3217 habeam

473 3241 641 3349 ducem,
658 3275 740 3356 quae
753 3246 920 3330 viderim
936 3244 1088 3332 brevius
1103 3275 1313 3362 exponam.
1334 3250 1411 3332 San
1442 3252 1574 3332 uineas
1594 3244 1767 3330 maculas
1783 3249 1906 3332 etiam

471 3355 554 3440 stne
574 3354 703 3464 febre,
723 3357 789 3444 vel
813 3388 906 3442 cum
927 3357 1038 3444 febre
1063 3360 1144 3446 levi
1165 3365 1435 3477 &ephemera
1459 3386 1528 3471 per
1549 3357 1679 3474 plures
1702 3358 1786 3444 dies
1810 3387 1906 3473 per-

472 3467 639 3575 durare,
672 3500 746 3556 nec
773 3472 841 3556 nist
873 3502 965 3559 cum
996 3478 1145 3588 pruritu
1177 3473 1370 3560 decedere
1396 3472 1546 3557 vidille·
1560 3500 1625 3555 me
1653 3473 1679 3554 st
1709 3471 1901 3580 dixerim,

470 3581 569 3667 tales
588 3583 628 3668 se
646 3583 781 3669 vidisse
800 3612 938 3671 omnes
951 3617 1041 3670 uno
1061 3615 1131 3672 ore
1147 3585 1370 3672 fatebuntur
1384 3584 1560 3669 Medici.
1576 3583 1650 3667 Hae
1670 3582 1767 3699 saepe
1784 3613 1904 3696 quot-

469 3697 580 3780 annis
603 3695 774 3803 rediere,
796 3699 1097 3810 universumque
1116 3700 1372 3815 deturpavere
1387 3729 1438 3785 eo
1487 3729 1530 3782 us
1549 3725 1618 3810 pet
1634 3695 1789 3807 aliquot
1802 3699 1903 3784 dies.

468 3809 535 3896 nd
558 3809 789 3926 papularum
817 3837 992 3894 naturam
1016 3813 1213 3898 accedunt
1224 3875 1239 3921 ,
1270 3815 1340 3898 nist
1359 3729 1657 3925 quodlwiorm
1680 3811 1785 3912 smt3
1807 3817 1901 3895 clim

469 3921 616 4010 abeunt
633 3921 730 4031 illae,
758 3920 838 4008 levi
855 3921 1004 4008 furfure
1024 3925 1152 4010 soluta
1173 3954 1384 4012 renovatur
1401 3923 1622 4039 epidermis.
1656 3925 1749 4007 Nec
1777 3951 1903 4036 quot-

468 4039 579 4120 annis
604 4041 787 4144 tantitm,
821 4035 889 4122 sed
920 4039 1040 4120 etiam
1068 4037 1165 4152 saepb
1196 4068 1270 4152 pro
1307 4067 1348 4124 re
1380 4035 1498 4141 nattl,
1531 4035 1712 4122 violento
1744 4035 1902 4122 scilicet

468 4151 690 4255 exercitio,
710 4148 929 4262 liquoribus
950 4147 1103 4235 acribus
1125 4151 1407 4266 imprudentihs
1426 4149 1621 4261 allumptis
1645 4176 1901 4237 renovantur.

466 4255 575 4346 lllud
602 4263 763 4372 quidem
791 4263 940 4348 malum
967 4261 1057 4350 leve
1083 4265 1162 4370 est,
1190 4272 1231 4347 δι
1256 4264 1304 4347 ad
1331 4261 1503 4370 juniores
1528 4267 1677 4346 tantiam
1697 4267 1897 4375 pertinet,

465 4369 537 4456 sed
565 4371 616 4460 de
670 4379 858 4462 ratorium
894 4376 1105 4489 aliquando
1137 4377 1215 4463 elle
1249 4379 1400 4493 potest,
1428 4380 1518 4460 clun
1551 4374 1640 4460 ante
1669 4379 1900 4490 eruptiones

466 4481 586 4570 hasce
631 4493 751 4576 anim
779 4493 907 4574 minias
940 4489 1104 4576 habetur
1130 4489 1303 4596 illibata,
1330 4490 1397 4574 sed
1421 4491 1571 4572 tantbm
1594 4485 1783 4574 vacillans
1812 4519 1901 4602 quae

464 4601 528 4684 hir
557 4603 718 4711 petallis
750 4605 901 4688 firmior
933 4607 1099 4716 exurgit.
1122 4605 1224 4715 Qua
1252 4632 1321 4717 per
1346 4629 1477 4686 totum
1506 4629 1650 4715 corpus
1678 4603 1799 4688 rarius
1828 4633 1900 4689 oc·

468 4737 633 4799 currunt
659 4713 822 4800 maculae
843 4713 917 4802 illae
936 4713 1153 4830 sanguinea
1181 4745 1292 4800 crura
1320 4714 1449 4828 sapius
1475 4741 1702 4828 occupant,
1730 4745 1899 4832 quarum

505 4853 564 4930 (a)
587 4845 656 4920 rau
677 4869 711 4934 ς,
731 4869 794 4937 cap.
813 4863 841 4920 a.
952 4905 957 4916 .
