4246 5900
546 417 1245 514 rnrnonncrro.
1366 465 1373 474 ·
1556 459 1612 543 47

28 579 30 596 ’
179 586 358 708 pelatosrs
368 647 383 693 ‚
403 583 491 672 imo
502 580 554 668 ab
571 581 798 704 erysipelate
811 581 921 671 brevi
932 589 1209 700 gangraenosrs,
1223 582 1383 700 quales,
1399 583 1509 675 uerbi
1521 623 1614 706 gra-

28 731 29 736 ‘
180 701 259 812 til,
282 716 366 788 con
395 695 520 784 elatio
539 697 676 784 efficit.
1258 735 1263 746 ·

28 801 30 818 '
229 816 333 900 Atsr
364 731 510 897 ientiirs
532 810 651 928 serpit
672 807 854 918 malurn,
882 807 1023 896 sensim
1043 812 1154 897 tarda
1172 815 1241 908 fiet
1270 814 1499 899 imminutio
1527 847 1611 932 quae

179 925 327 1048 per-fidi
342 925 510 1012 lenitate
529 927 710 1040 corporis
733 927 836 1013 vires
866 925 1078 1039 opprimit,
1101 955 1297 1041 augetque
1318 925 1489 1034 malum3
1515 958 1613 1024 tunc

180 1041 279 1158 sape
300 1042 495 1156 precipua
516 1035 626 1124 labes
649 1037 805 1129 desaevit
824 1040 866 1122 in
893 1063 1040 1126 cutem.
1062 1037 1174 1124 Hinc
1195 1038 1263 1124 ubi
1289 1039 1480 1127 decrescit
1509 1047 1614 1158 pers-

208 1158 324 1240 iratio
341 1216 355 1260 ,
374 1145 557 1238 acrisilla
578 1159 622 1236 dt
643 1153 766 1236 <estiva
780 1147 990 1264 presertim
1001 1212 1016 1256 ,
1030 1148 1127 1266 sepe
1175 1149 1296 1268 apulie
1312 1157 1489 1241 oriuntur
1502 1155 1614 1272 albe,

182 1189 271 1365 iitae
282 1329 297 1374 ‚
323 1267 462 1350 format
481 1261 737 1380 irregularia,
800 1264 1016 1372 rurientes,
1040 1265 1122 1348 circ
1168 1296 1194 1349 0
1223 1266 1471 1355 circumdatae
1488 1269 1614 1376 alb03

182 1379 350 1468 dolores
366 1379 570 1464 nascuntur
582 1293 811 1464 mutiensis
825 1379 867 1466 in
879 1374 1012 1462 ulcera
1022 1375 1307 1492 superficiaria,
1326 1378 1475 1472 aiminus
1495 1393 1613 1500 graeci

184 1519 365 1600 vocant,
386 1491 602 1584 desinentes
621 1526 630 1574 ε
655 1489 765 1602 quod
781 1493 828 1574 iis
868 1489 1049 1580 refertim
1068 1489 1215 1580 accidit
1234 1496 1277 1574 in
1293 1490 1433 1604 qui-bus
1450 1521 1536 1582 atas
1551 1503 1613 1585 in-

184 1607 333 1714 clinat,
347 1613 392 1689 ἃ
412 1603 510 1719 s'rtpe
528 1603 648 1690 dolor
665 1607 733 1714 qui
759 1601 827 1688 vid
878 1629 964 1691 atur
983 1605 1247 1715 rheumaticus
1274 1607 1316 1688 in
1369 1605 1616 1698 landularum

185 1745 361 1812 mmores
378 1725 428 1808 ὃς
447 1714 613 1832 pustulas
639 1719 868 1802 terminatur
886 1715 968 1828 lym
998 1719 1146 1805 baneas
1171 1717 1314 1803 tardius
1335 1638 1588 1836 supputantes
1599 1789 1615 1836 ‚

187 1835 393 1926 autetiam
420 1827 707 1945 in‘ptosundos
734 1827 938 1916 abscessus.
965 1747 1010 1912 ii
1034 1833 1131 1915 veri)
1152 1860 1236 1914 non
1253 1833 1297 1916 in
1321 1833 1504 1918 universo
1529 1869 1618 1924 cor·

188 1973 287 2061 pore
304 1947 476 2033 retentio
500 1943 657 2033 accidat
669 2005 683 2050 ,
712 1942 840 2028 sedin
866 1939 995 2056 aliqui
1020 1947 1328 2060 partetantirm,
1356 1945 1414 2030 ibi
1431 1953 1534 2036 cutis
1558 1957 1617 2038 in-

189 2057 386 2166 durescit,
413 2066 456 2142 dt
475 2059 520 2148 in
546 2083 745 2148 utmorem
765 2053 958 2142 attollitur
983 2053 1125 2144 durum
1147 2087 1193 2144 ac
1209 2057 1310 2174 saepe
1333 2057 1615 2175 melicerides,

189 2175 439 2277 steatomata,
468 2172 712 2259 atheromata
731 2167 753 2254 i
769 2168 952 2262 vasorum
968 2171 1258 2285 compressione
1279 2199 1326 2254 ac
1344 2177 1473 2259 texuit
1493 2177 1616 2266 cellu-

190 2283 276 2371 laris
295 2283 546 2370 induratione
566 2283 787 2370 nascuntur.

246 2395 358 2512 Saepe
380 2399 422 2480 in
452 2393 578 2503 subiti
598 2403 639 2484 dt
661 2399 766 2507 quast
793 2395 1073 2484 momentanei
1088 2393 1312 2482 universalis
1329 2400 1618 2516 perspirationis

196 2509 479 2626 suppressione,
502 2513 639 2616 horret
669 2537 786 2621 atque
816 2513 918 2624 riget
942 2513 1077 2619 cutis,
1104 2507 1352 2623 tabescitque
1372 2543 1418 2596 ac
1451 2522 1618 2630 pruritus

199 2626 390 2737 experitur
422 2651 635 2728 enormes,
661 2627 849 2733 urinaque
872 2619 980 2736 largit
999 2625 1089 2708 crist
1111 2627 1288 2714 humoris
1314 2624 1620 2738 suppreffionerr'r

196 2733 453 2852 compen-sans
472 2733 577 2821 mala
598 2733 667 2818 illa
690 2733 821 2839 tollit3
844 2763 930 2838 non
954 2736 1034 2818 stne
1054 2763 1188 2820 tamen
1211 2734 1262 2817 ali
1292 2737 1404 2820 uibus
1429 2743 1620 2856 exemplis

193 2853 233 2942 in
256 2847 400 2983 quibus
421 2875 507 2944 rota
534 2852 636 2938 cutis
656 2849 886 2933 intumuerit
910 2853 952 2930 ἀ
979 2849 1082 2958 quast
1096 2847 1214 2932 fuerit
1233 2767 1421 2981 silidam,-
1435 2879 1518 2961 qux
1532 2857 1622 2967 pos.

193 2961 255 3047 tei
291 2993 333 3070 tn
360 2989 459 3054 cute
486 2957 675 3046 imorbo
696 2987 788 3046 nata
819 2957 995 3050 soliditas
1037 2957 1164 3074 longo
1197 2964 1386 3074 temporis
1410 2966 1620 3054 interuallo

36 3101 38 3106 ·
192 3073 412 3182 rnollescit,
428 3083 470 3163 δι
484 3073 683 3166 flaccescit
692 3135 708 3182 ,
727 3071 820 3161 dnm
837 3071 949 3188 plura
964 3070 1167 3161 ulcuscula
1181 3076 1223 3156 in
1240 3073 1499 3188 ipstsolidatt
1513 3109 1622 3193 parte

191 3189 455 3297 enascuntur,
478 3217 563 3298 quac
585 3188 681 3274 dum
700 3185 899 3298 liquorem
932 3185 1088 3300 aspectu
1122 3215 1306 3300 tenuem,
1337 3188 1466 3274 sedin
1494 3193 1621 3284 fundo

191 3303 287 3389 vere
308 3303 590 3415 mucagineum
616 3309 659 3384 dt
685 3299 804 3384 facile
827 3299 1061 3387 escharodes
1084 3300 1280 3407 fundunt,
1301 3330 1396 3386 tunc
1422 3302 1625 3394 maiorne»

189 3415 325 3508 delam
345 3414 524 3503 assentur.
549 3415 597 3508 Id
621 3414 701 3498 stne
719 3411 809 3508 'ullo
827 3417 915 3500 virae
936 3411 1117 3528 periculo
1128 3412 1360 3528 plerumque
1382 3420 1537 3524 euenit,
1553 3423 1623 3505 nisi
1766 3469 1776 3482 ·

192 3529 261 3616 illa
285 3525 490 3617 ulcuscula
510 3535 532 3614 i
551 3523 658 3614 malo
682 3553 795 3612 enata
819 3525 978 3638 fundo,
1011 3525 1236 3614 acredinem
1259 3527 1374 3620 simul
1393 3528 1532 3618 secum
1546 3536 1624 3624 im.

124 3653 126 3658 ’
188 3645 450 3758 portaverint.
476 3639 557 3732 sed
577 3641 626 3734 de
648 3643 709 3724 his
729 3637 838 3726 alibi.
907 3678 910 3690 v
1459 3746 1464 3754 ι

244 3757 403 3842 Verirm
434 3759 527 3841 ciam
550 3755 794 3846 imminuitur
814 3755 952 3840 sensim
977 3748 1205 3865 perspiratio
1217 3816 1233 3860 ,
1256 3754 1285 3835 sr
1307 3781 1392 3837 non
1417 3757 1515 3846 acris
1540 3761 1624 3857 est,

187 3873 275 3964 cuti
291 3873 363 3957 vix
380 3895 528 3976 nocet,
541 3893 580 3951 at
593 3868 714 3958 resina
725 3865 871 3976 fertur,
890 3865 1062 3959 docente
1073 3865 1302 3975 Studiorim
1315 3870 1358 3949 in
1369 3865 1625 3958 validioribus

184 3985 238 4076 ad
259 3987 422 4089 urinae,
440 3985 483 4066 in
504 3975 784 4066 infirmioribus
807 3981 857 4066 ad
885 3977 1031 4064 aluum.
1061 3977 1105 4061 si
1122 3978 1275 4065 acribus
1296 3980 1394 4072 foeta
1412 3980 1623 4092 inprinci-

187 4105 264 4215 piis
278 4089 1072 4209 quaeinouterctinmtur‚roditilla&e
1099 4090 1473 4180 idermidemacure
1486 4091 1623 4194 sensim

189 4201 369 4326 seiungit
384 4235 451 4294 aut
471 4211 513 4312 in
528 4207 716 4317 furfures,
733 4212 851 4295 autin
865 4203 1042 4292 lamellas
1055 4271 1056 4274 a
1071 4205 1343 4314 quammosar:
1363 4207 1472 4314 quod
1485 4210 1625 4297 vitium

186 4329 242 4414 he
293 4351 408 4412 etum
430 4325 472 4409 in
491 4349 645 4408 morem
664 4319 848 4408 enascens
873 4315 1091 4425 iunioribus
1122 4315 1330 4428 presertim
1351 4318 1514 4432 simplex
1540 4325 1624 4430 est,

181 4450 235 4532 dt
267 4465 411 4530 anatur
422 4433 639 4541 nilnoribus
655 4462 721 4523 aut
739 4432 949 4539 majoribus
963 4432 1055 4522 ‚artis
1072 4452 1188 4538 atque
1207 4458 1349 4526 narurae
1363 4433 1536 4542 nixibus,
1548 4463 1623 4550 pro

179 4550 339 4642 naturai
356 4549 552 4640 ,acredinis
573 4547 678 4640 illim
698 4575 751 4636 ex
775 4547 852 4638 suis
875 4541 1032 4634 aliunde
1051 4543 1167 4655 signis
1182 4547 1481 4659 cognoscenda.

172 4741 181 4766 ,
251 4667 308 4751 ln
357 4689 474 4748 encre
489 4664 585 4749 verb
602 4665 683 4752 hoc
706 4658 923 4749 notandum
943 4658 996 4742 esi
1013 4659 1107 4742 vitia
1127 4658 1413 4771 perspirationis
1425 4666 1624 4775 originem

182 4780 295 4866 dare
321 4695 404 4865 (gere
426 4773 610 4864 omnibus
634 4779 737 4862 cutis
761 4769 992 4877 uisceribus,
1023 4773 1077 4854 ita
1096 4796 1140 4855 ut
1157 4773 1344 4861 humores
1365 4774 1625 4889 perspiratorii

182 4890 433 4984 vehiculum
456 4891 538 4977 dici
556 4888 702 5002 poistnt
730 4890 911 4974 omnium
933 4881 1097 5015 illorum
1123 4885 1341 4980 hunorum
1363 4891 1438 5001 qui
1460 4886 1625 4984 morbos
