4536 5882
623 291 709 468 rto
1065 355 1177 454 ou
1237 351 1602 458 nonnis

624 529 703 660 pro
716 565 798 625 uno
815 543 857 622 bt
872 533 1019 622 eodem
1031 555 1192 618 tumore
1209 527 1346 617 haberi
1360 519 1520 649 possint,
1536 541 1577 618 dt
1587 538 1641 620 ita
1653 523 1820 618 conserti
1834 529 2041 648 prodeunt,

629 671 674 738 ¹ut
691 683 774 737 non
789 649 1007 736 admodum
1024 675 1156 756 rarum
1170 647 1216 732 stt
1232 642 1375 734 febrim
1385 645 1476 733 indd
1494 652 1729 735 concitatam
1737 646 1874 756 fuisse,
1893 669 2043 734 ouante

629 768 823 854 Severino
865 789 923 848 αι
968 824 972 832 ,
1372 843 1376 852 ,
1538 777 1541 784 ’

632 933 638 946 1
685 878 765 964 Ubi
791 769 914 988 serlrel
941 877 1153 992 perniones
1182 873 1232 960 ad
1259 875 1411 993 apicem
1437 879 1665 962 incrementi
1693 855 1905 993 pemendre
1917 933 1931 980 ‚
1955 895 2042 960 tunc

628 992 698 1082 vel
717 988 973 1079 decrescente
993 989 1133 1074 sensrm
1154 991 1484 1096 inflammatione,
1502 997 1543 1074 dt
1561 989 1698 1075 colore
1715 991 1819 1074 curis
1840 987 2040 1094 redeunte,

629 1106 846 1214 sanantur,
877 1103 945 1215 vel
970 1106 1209 1220 aperiuntur.
1239 1101 1537 1190 senescentibus
1564 1103 1709 1190 decidit
1738 1101 1976 1218 epidermis,
2004 1107 2042 1184 dt

629 1219 729 1336 sape
752 1222 794 1304 in
819 1215 1082 1330 squammulas
1105 1215 1202 1303 abit.
1228 1217 1392 1327 Plures,
1422 1215 1496 1302 alia
1522 1221 1604 1332 post
1626 1215 1770 1322 aliam,
1804 1213 1947 1298 lamina
1968 1213 2043 1327 epi·

554 1403 558 1412 .
630 1331 819 1420 dermidis
840 1327 863 1416 ‘a
885 1332 926 1417 se
945 1334 1122 1418 invicem
1137 1329 1325 1417 secedunt
1346 1328 1578 1438 successive,
1600 1331 1727 1416 donec
1748 1328 1920 1445 persedit
1939 1347 2042 1410 cura-

630 1450 692 1534 tio
724 1447 782 1533 stt.
814 1443 895 1530 Ubi
923 1447 1021 1532 verb
1040 1447 1266 1560 aperiuntur
1297 1452 1340 1531 dt
1371 1447 1550 1530 icborem
1579 1446 1785 1550 emittunt,
1809 1467 1903 1526 tunc
1930 1435 2043 1524 Celso

632 1586 674 1646 at
701 1587 752 1645 ue
767 1561 963 1646 Severino
975 1555 1310 1667 (bluotantibus,
1330 1561 1432 1673 erys¹
1454 1555 1597 1644 elatum
1617 1557 1790 1642 omtrium
1807 1556 1848 1639 in
1869 1579 2041 1659 motem,

631 1589 861 1790 phlysioena
879 1675 926 1756 frt
946 1703 1029 1784 qua:
1050 1699 1182 1789 aperta
1197 1701 1369 1789 paucum
1388 1587 1597 1757 admodum
1617 1673 1823 1755 humorem
1838 1665 1982 1770 fundit,
2003 1687 2039 1748 at

632 1785 868 1902 phlysiotnae
887 1787 1001 1900 ipsiius
1019 1785 1185 1894 fundus,
1206 1788 1347 1870 ichore
1365 1784 1525 1900 spissiori
1537 1781 1725 1890 imbutus,
1740 1779 1880 1868 crudus
1892 1801 2039 1895 apparet

634 1907 678 1984 ἃ
700 1896 910 2008 inaequalis.
936 1900 1059 1982 Ichor
1080 1903 1229 1984 interea
1246 1902 1287 1981 in
1305 1896 1425 1984 latera
1440 1897 1675 2001 extenditur,
1699 1902 1740 1979 or
1755 1897 1900 1980 vicinas
1918 1915 2037 2006 partes

631 2009 828 2120 attingens
853 2007 999 2093 rubore
1022 2013 1191 2123 primitur
1203 2072 1218 2116 ‚
1248 2011 1341 2095 dein
1366 2013 1485 2096 etiam
1509 2007 1730 2124 pblysloenis
1763 2005 1894 2092 afficit.
1930 1999 2042 2088 Unde

632 2119 818 2236 grassatur
829 2119 994 2226 malurn,
1009 2129 1050 2205 dt
1064 2128 1373 2233 quaquaversum
1385 2121 1614 2229 extenditur,
1625 2122 1892 2232 campanieu,
1903 2113 2038 2202 ardore

632 2261 861 2350 pungente,
888 2241 928 2318 ὃ(
979 2232 1174 2320 ullatione
1196 2233 1373 2321 obscuri.
1530 2251 1534 2258 '
1593 2255 1597 2266 '

688 2346 770 2430 Sed
789 2350 908 2431 etiam
966 2349 1003 2432 ia
1021 2345 1248 2434 observatur
1265 2373 1451 2464 aperturae
1470 2349 1593 2434 forma
1611 2343 1655 2427 in
1668 2337 1927 2459 pernionibus.
1941 2336 2038 2422 stn-

634 2459 739 2543 ditur
758 2456 913 2544 scilicet
930 2457 1106 2575 pluribus
1128 2463 1171 2544 in
1193 2459 1251 2545 sui
1269 2461 1442 2576 partibus
1460 2458 1670 2548 tenuiffima
1685 2458 1792 2541 'cutis
1818 2475 1896 2564 qua
1917 2475 2039 2538 tumo-

632 2599 718 2657 rem
732 2573 774 2656 in
787 2568 859 2657 suo
874 2572 957 2657 sinu
971 2568 1135 2659 fovebat
1145 2636 1161 2682 ,
1184 2599 1360 2686 tuncque
1381 2573 1403 2659 d
1421 2573 1598 2679 cellulis,
1612 2568 1686 2654 hle
1699 2595 1792 2654 cute
1813 2560 1942 2683 rupti,
1956 2561 2040 2646 fini·

632 2684 760 2793 ditur,
784 2714 868 2770 non
891 2713 1010 2798 quem
1025 2685 1074 2770 ab
1089 2689 1239 2772 eximio
1260 2686 1406 2774 rubore
1427 2690 1628 2804 expedare
1653 2683 1710 2766 fas
1732 2699 1844 2786 erat,
1859 2677 2011 2790 sanguis
2023 2731 2039 2782 ,

628 2798 702 2883 sed
716 2799 834 2884 ichor
846 2827 1088 2914 perpaucos,
1103 2800 1367 2908 tenuissimus,
1385 2805 1502 2886 itaut
1521 2796 1631 2882 nullo
1646 2797 1692 2880 in·
1706 2793 1931 2880 alioaffesiu
1949 2787 2042 2874 adeo

631 2910 836 2998 ¹euidenter
859 2909 1008 2998 fabrica
1028 2917 1133 2998 cutis
1150 2913 1244 2999 vere
1263 2912 1451 2999 cellulosa
1471 2941 1519 3028 ap
1546 2935 1666 2996 areant

690 3023 789 3108 Hoc
802 3029 843 3108 in
858 3039 989 3111 retum
1003 3030 1121 3134 statu,
1135 3027 1162 3109 li
1178 3031 1316 3140 pernio
1329 3023 1491 3141 simplex
1549 3027 1636 3132 erit,
1654 3029 1697 3109 dt
1709 3020 1821 3108 nulla
1833 3017 1905 3104 alia
1916 3015 2044 3102 ladem

635 3135 752 3222 causa
771 3136 915 3248 subsrt,
942 3138 1077 3251 brevi,
1102 3168 1231 3252 pauco
1255 3137 1391 3224 emisso
1417 3140 1577 3244 ichore,
1607 3138 1746 3220 omnia
1771 3133 1996 3236 mitescunt,
2018 3129 2059 3210 sr'

631 3248 842 3363 presertim
862 3251 883 3336 d
907 3253 1028 3336 causta
1081 3253 1263 3334 erniones
1287 3247 1561 3334 inducentibus
1588 3250 1816 3334 removeris-
1834 3273 1988 3362 agrum
2009 3263 2044 3323 at

632 3357 702 3446 ubi
722 3358 819 3448 latet
839 3364 1029 3476 aliquam
1071 3363 1200 3478 'gnior
1220 3360 1335 3480 causa
1344 3421 1360 3470 ,
1381 3363 1515 3442 omnia
1537 3359 1721 3475 pejorem
1742 3364 1785 3446 irr
1798 3385 1954 3445 rnorem
1970 3382 2045 3442 uet-

629 3497 779 3559 tuntur.
1526 3487 1534 3497 '

672 3587 766 3670 Nec
784 3586 1032 3672 diffitendum
1047 3613 1180 3673 tamen
1194 3589 1247 3672 eli
1260 3583 1392 3698 quod,
1411 3587 1502 3668 clun
1542 3585 1646 3668 ueris
1663 3584 1881 3700 precipue,
1895 3580 2048 3686 seminis,¹

631 3719 751 3809 atque
768 3696 1123 3811 negligentioribus
1140 3698 1289 3784 malurn
1305 3695 1405 3783 illud
1425 3611 1598 3803 accidat,
1617 3703 1863 3810 protrahitur
1882 3694 1970 3810 sapi
1984 3723 2049 3808 pra

631 3809 844 3924 'neglesiu‚
871 3817 914 3893 ὃ(
938 3811 1102 3923 repetiti
1131 3815 1286 3896 atiione
1315 3809 1464 3916 causa,
1491 3835 1564 3922 pro
1592 3813 1767 3922 regionis
1794 3805 1932 3894 naturi
1945 3870 1959 3914 ,
1986 3833 2052 3922 pro

631 3924 751 4004 etiam
766 3921 955 4036 peculiari
970 3923 1262 4008 constitutione.
1279 3919 1560 4026 Pernionibus,
1576 3921 1701 4033 iisque
1718 3919 1936 4007 rebellibus
1948 3917 2050 4034 potis·
2129 3907 2139 3926 '

632 4031 795 4140 fimum,
818 4031 1072 4140 subjicientur
1096 4033 1156 4122 illi
1180 4033 1321 4144 quibus
1342 4034 1460 4149 pedes
1484 4059 1602 4144 atque
1624 4063 1762 4118 manus
1782 4037 1958 4120 humore
1978 4057 2052 4146 ptr·

634 4167 757 4252 petuo
785 4146 978 4254 madent,
1007 4149 1118 4260 quod
1141 4149 1312 4253 vitium,
1340 4149 1368 4230 sr
1392 4147 1473 4230 hoc
1492 4151 1656 4232 nomine
1681 4151 1812 4232 nativa
1838 4146 2051 4232 constitutio

523 4273 524 4278 ‘
629 4249 753 4362 digna
777 4257 830 4339 est
840 4317 856 4364 ‚
883 4255 1012 4373 pueris
1035 4260 1244 4374 prasertim
1273 4266 1315 4343 dt
1338 4259 1493 4343 seminis
1515 4259 1775 4344 tenerioribus
1795 4259 1986 4344 familiare
2008 4257 2054 4342 eli

636 4361 776 4487 quibus
790 4393 921 4454 textus
937 4369 1134 4457 cellularis
1152 4371 1371 4458 evidentius
1386 4371 1437 4455 ad
1454 4370 1574 4484 ipsam
1594 4399 1616 4456 e
1643 4371 1883 4457 idermidem
1900 4369 2055 4455 accedit.

635 4469 707 4552 3¹0
733 4475 774 4556 in
796 4481 976 4670 puellull
999 4481 1160 4570 laxioris
1181 4483 1311 4568 textsrt
1332 4483 1468 4568 videre
1489 4399 1665 4596 quotide
1685 4487 1783 4566 mihi
1804 4487 1947 4570 contio
1975 4487 2002 4567 't
2020 4484 2059 4567 in

635 4608 720 4667 uno
745 4611 795 4694 pe
823 4615 854 4672 er
872 4591 1002 4682 laxam
1024 4595 1049 4686 a
1069 4597 1272 4695 mduinte
1298 4596 1514 4706 admodum
1536 4623 1667 4706 cutem
1681 4656 1697 4708 ‚
1721 4603 1764 4682 ot
1791 4623 1836 4686 ut
1859 4629 1889 4690 r
1935 4591 2059 4682 'rutile
