4226 5916
652 424 1152 516 ¹euaarssrs.
1266 521 1274 538 .
1553 453 1639 542 m

183 584 487 699 ‘'descriptione,
514 613 632 702 quam
658 619 707 678 ex
738 593 860 679 Celso
887 595 1054 679 mutuati
1081 591 1213 675 sumus
1242 588 1463 678 observatio
1489 619 1634 682 natura

195 727 378 786 accurata
398 705 572 808 miranda
591 707 655 789 est.
673 706 739 790 De
752 705 888 792 ulcere
905 705 1171 810 mellcerode‚
1195 705 1305 815 quod
1326 707 1431 790 idem
1448 711 1500 792 est
1514 737 1636 820 atque

196 813 315 923 sapiu,
331 819 471 900 Aetius
486 825 551 922 (a)
566 845 751 929 tanquam
766 819 816 904 de
835 819 980 904 morbo
1001 819 1104 932 apud
1121 818 1244 930 Syros
1262 818 1332 903 vul
1359 824 1413 902 ari
1428 819 1630 932 loquitur,

195 955 319 1037 eaque
343 928 477 1014 ulcera
491 931 646 1126 patalia
667 932 849 1048 appellat.
874 931 1024 1018 Verbm
1043 929 1221 1016 Galenus
1240 850 1455 1041 aursino
1474 942 1516 1019 ὅ(
1531 960 1633 1038 runo

197 1041 328 1149 >caplim
349 1041 444 1127 alibi
469 1075 489 1126 a
506 1047 548 1128 io
572 1044 683 1129 sensu
703 1051 859 1160 accepit
871 1107 885 1154 ,
914 1046 1008 1130 dum
1029 1075 1093 1130 eas
1112 1074 1205 1128 cum
1226 1044 1428 1158 mentagri
1449 1049 1633 1134 confudit

195 1151 246 1238 de
273 1151 349 1266 qual
377 1153 455 1262 jam
483 1155 576 1240 alibi
602 1157 778 1264 dietum,
802 1168 844 1244 bt
867 1161 893 1241 st
912 1160 1218 1274 descriptionem
1235 1155 1354 1241 Plinii
1377 1159 1630 1270 insumimus,

195 1270 438 1378 viroquerei
457 1267 641 1356 naturalis
666 1270 688 1354 a
709 1272 749 1355 se
775 1271 988 1356 observata
1009 1301 1092 1355 non
1115 1273 1302 1384 imperito
1327 1271 1524 1358 credimus
1549 1275 1635 1382 (b),

195 1379 331 1466 reverit
356 1383 486 1467 differt
510 1385 683 1469 maxime
713 1413 915 1501 mentagra
943 1389 965 1470 a
993 1383 1222 1474 meliceride
1250 1383 1301 1468 de
1329 1383 1406 1496 quai
1432 1387 1498 1471 hlc
1526 1412 1633 1471 trac·

194 1519 336 1579 tamus.
1343 1531 1345 1534 ·

251 1609 401 1694 Verum
434 1617 526 1696 ciam
556 1615 598 1696 in
658 1610 802 1697 artibus
825 1610 957 1727 pilosas
979 1609 1172 1726 precipue
1192 1614 1363 1696 emineat
1393 1611 1492 1722 sapiu
1504 1674 1518 1717 ,
1550 1643 1634 1702 non

193 1722 339 1804 mirum
378 1725 405 1806 sr
444 1728 486 1809 in
527 1642 655 1810 barbl
681 1729 823 1841 pariter
862 1729 1032 1810 emineat
1070 1722 1178 1830 cujus
1220 1725 1391 1838 speciem
1425 1726 1528 1840 apud
1558 1757 1635 1812 nos

196 1825 416 1920 observasse
450 1839 547 1920 mihi
577 1869 661 1922 non
695 1835 818 1924 semel
844 1839 979 1922 datum
1008 1841 1071 1922 est.
1102 1838 1328 1922 Nascuntur
1354 1837 1506 1923 scilicet
1531 1843 1634 1925 inter
1695 1873 1697 1878 ·

195 1943 326 2032 barbae
345 1949 448 2065 pilos
466 1949 672 2036 tubercula
687 1953 879 2059 rotunda,
897 1956 1032 2066 partim
1046 1953 1307 2058 inflammata,
1329 1950 1527 2060 dolentia,
1551 1980 1635 2040 tan·

192 2066 281 2144 tum
302 2065 334 2145 s1
360 2068 698 2178 comprimantur,
729 2073 772 2150 δι
800 2069 975 2176 qamvis
998 2065 1093 2148 dura
1119 2066 1193 2148 lint
1217 2064 1366 2174 aliquid
1389 2091 1521 2149 tamen
1547 2065 1636 2150 sub-

193 2173 325 2260 molle
359 2178 602 2292 persentitur.
644 2180 683 2263 A
717 2178 913 2264 novaculis
949 2175 1164 2262 tuberculis
1203 2176 1280 2260 illis
1315 2177 1524 2264 insidentes
1562 2179 1634 2294 pili

192 2286 347 2395 abrasa,
378 2289 496 2374 bafim
519 2291 639 2377 facile
658 2320 901 2378 cruentatam
917 2291 1074 2376 habent.
1099 2287 1263 2374 Coloris
1286 2317 1421 2375 cutem
1443 2296 1572 2405 primo
1592 2298 1635 2380 in

190 2401 344 2486 insultu
367 2433 449 2486 non
468 2431 632 2488 mutant.
656 2403 795 2518 Vulgo
816 2404 1033 2490 solitarium
1061 2405 1230 2490 nascitur
1254 2401 1333 2488 tale
1359 2402 1611 2488 tuberculum
1617 2451 1634 2514 ,-

190 2515 266 2600 sed
284 2545 381 2597 mox
401 2512 531 2628 plures
553 2516 710 2601 diversis
730 2521 771 2598 in
789 2515 916 2600 barbae
934 2514 1035 2601 locis
1054 2515 1308 2623 enascuntur,
1325 2519 1378 2600 ita
1392 2543 1437 2600 ut
1450 2519 1635 2624 struslura

192 2631 373 2712 exterior
404 2633 526 2712 menti
561 2655 709 2713 mutata
740 2634 782 2712 in
810 2627 925 2714 tuber
953 2629 1142 2714 videatur.
1180 2628 1235 2713 Et
1261 2628 1473 2740 aliquando
1508 2627 1557 2712 ab
1587 2635 1636 2718 iis

191 2749 331 2826 totum
364 2741 517 2856 integr&
553 2741 719 2856 spatium
748 2741 770 2825 b
803 2741 922 2828 barba
947 2769 1188 2858 occupatum
1213 2740 1416 2856 repletur:
1446 2741 1636 2854 tardeque

190 2854 300 2940 adeb
320 2855 512 2941 incedunt
535 2854 603 2939 illa
623 2855 829 2940 tubercula
849 2883 894 2940 ut
911 2858 1076 2941 timeant
1091 2879 1322 2969 egrotantes
1344 2883 1395 2942 ne
1415 2885 1501 2972 pars
1521 2858 1636 2944 simili

192 2969 326 3054 modo
347 2969 490 3054 infesta
510 2969 662 3083 semper
684 2997 894 3055 remaneat.
913 2969 1018 3081 Mox
1040 2995 1193 3075 tamen,
1214 2967 1281 3053 sed
1295 2970 1408 3054 unitis
1423 2966 1636 3081 aliquando

191 3084 340 3168 mensis
360 3080 598 3191 intervallo,
619 3080 870 3167 tuberculum
891 3087 1046 3199 apicem
1061 3079 1195 3166 album
1215 3083 1402 3191 ostentat,
1426 3084 1473 3189 fit
1493 3082 1638 3170 dolen·

194 3199 298 3302 tius,
312 3224 387 3281 nec
402 3197 482 3280 sme
496 3194 690 3308 aliquibus
705 3195 1056 3302 lancinationibus‚
1077 3195 1240 3281 sednon
1260 3199 1478 3312 perpetuis,
1495 3202 1636 3312 &post
1715 3231 1720 3238 ·

193 3308 404 3394 intervalla
430 3308 553 3424 longa
577 3309 971 3418 recrudescentibus,
999 3311 1082 3394 exit
1106 3337 1175 3424 per
1200 3310 1395 3395 foramina
1419 3309 1637 3425 pluraque

167 3449 299 3506 'mox
327 3424 614 3508 maturescente
639 3451 798 3508 rumore
827 3428 868 3507 in
891 3453 1017 3512 unum
1045 3448 1195 3508 coeunt
1220 3452 1303 3506 non
1327 3453 1423 3538 pus,
1452 3423 1520 3508 sed
1548 3429 1639 3537 puri
1727 3489 1731 3498 ,

196 3541 413 3624 remixtum
425 3535 562 3622 sebum
577 3538 780 3648 quoddam
793 3538 1039 3654 granulamm
1056 3565 1150 3620 cum
1160 3534 1239 3652 und
1250 3535 1446 3650 sanguinis
1457 3537 1637 3650 guttulis,

197 3679 285 3760 quo
306 3650 409 3734 sasio
428 3651 612 3769 postridie
631 3651 761 3763 aliqua
780 3655 885 3768 puris
901 3655 986 3737 veri
1000 3675 1119 3760 atque
1134 3648 1302 3762 legitimi
1324 3648 1516 3765 particula
1528 3654 1636 3759 exit,

191 3769 246 3846 ’ἃ
266 3763 315 3847 de
339 3761 550 3848 tuberculo
573 3762 648 3849 illo
672 3762 750 3872 jam
775 3763 884 3848 nulle
905 3766 1071 3848 mentio.
1100 3761 1252 3847 Caetera
1274 3766 1417 3878 pariter
1439 3761 1509 3848 su'o
1533 3794 1637 3874 quae-

193 3901 282 3985 que
300 3901 481 3993 tempore
500 3877 703 3986 sanantur,
731 3906 805 3962 nec
828 3877 1092 3978 reviviscunt3
1109 3879 1164 3960 ita
1188 3902 1233 3961 ut
1254 3875 1402 3961 malum
1430 3874 1636 3984 durabile,

192 3988 385 4097 foedum,
415 3997 456 4073 ὃ(
480 3990 664 4078 indolens
684 3991 897 4104 aliquando
952 3989 1057 4077 lures
1087 4017 1157 4106 per
1176 4019 1301 4074 annos
1320 3991 1460 4104 perstet
1475 3987 1636 4074 ¹vultum

195 4101 394 4188 infestans.
441 4101 517 4188 Pili
543 4107 642 4190 verb
671 4103 799 4191 barbae
827 4104 875 4190 ab
909 4108 917 4127 '
955 4101 1117 4190 omalo
1132 4115 1135 4124 '
1148 4101 1319 4189 evadunt
1350 4105 1541 4210 rariores,
1568 4100 1638 4190 sed

194 4227 285 4299 iton
313 4219 478 4301 omnini)
500 4220 568 4306 visi
587 4219 679 4304 sunt
700 4219 886 4335 periisse.¹

259 4327 382 4414 Aliud
406 4334 459 4414 est
483 4329 634 4414 malum
663 4331 713 4416 de
746 4364 827 4445 quo
858 4331 936 4439 jam
968 4333 1117 4417 dissum
1148 4334 1276 4472 capite
1306 4329 1540 4443 precedenti
1565 4326 1641 4413 sub*

198 4446 367 4527 nomine
386 4445 585 4553 ficorum,
608 4475 693 4556 quae
715 4444 764 4530 ab
787 4449 857 4530 isto
879 4445 1068 4531 differunt
1080 4445 1131 4530 eb
1146 4443 1352 4556 quodnon
1373 4441 1474 4528 adeo
1491 4441 1641 4527 incres-

192 4540 295 4640 εὐ
307 4618 322 4665 ,
353 4583 428 4640 nec
449 4553 587 4642 sebum
614 4559 811 4667 fundant,
842 4564 884 4644 bt
906 4558 1090 4662 velocius
1119 4558 1185 4643 sua
1208 4585 1388 4674 tempora
1408 4556 1640 4660 decurrant,
1667 4665 1669 4670 ,

195 4697 249 4752 ac
273 4668 435 4754 demam
453 4670 557 4784 pilos
574 4672 752 4760 funditus
767 4671 973 4782 excidant,
997 4668 1052 4760 ita
1071 4699 1117 4784 ut
1136 4669 1263 4758 barba
1281 4668 1412 4788 poliel
1426 4665 1641 4832 intervallp

127 4855 134 4876 .
241 4817 875 4922 (a)Tetrabibl.1,Stim.4,cap.23.‚
959 4846 1022 4868 ’“
1118 4854 1122 4870 “
1218 4911 1221 4918 Α

199 4988 204 4998 ¹
241 4913 739 5002 [b)V·de.lmpetigiue,parsr.
783 4959 812 4988 ,r
839 4953 869 4984 ι.
975 4937 1048 4984 ι’.

1336 4970 1411 5086 nr
1618 4990 1624 5002 ·
