4188 5916
646 427 1132 518 CUTANEI&
1524 467 1607 542 3&

168 585 473 674 inflammantur,
501 589 657 700 luteres
672 596 769 679 verb
789 589 924 679 earum
945 596 1048 680 aslio
1072 590 1350 683 determinatur
1363 621 1433 710 per
1454 594 1603 703 juscula

170 731 239 788 aut
250 701 445 822 liquores,
462 704 596 816 quales
618 711 658 791 in
672 712 951 824 praeparatione
968 705 1248 794 adhibebamus
1263 706 1469 798 alterantes
1485 738 1602 826 atque

170 814 377 903 diluentes.

225 929 375 1014 Veriim
398 930 500 1014 inter
526 937 752 1048 composrtae
775 934 971 1018 facultatis
990 934 1277 1019 medicamenta
1296 937 1487 1020 recenseri
1508 937 1603 1051 pos-

170 1036 259 1126 sunt
284 1041 414 1156 pilulae
435 1041 523 1127 illc.
546 1048 602 1128 Ar
619 1050 717 1130 verb
739 1052 841 1132 inter
861 1047 1131 1163 diaphoretica
1155 1047 1327 1132 remedia
1346 1046 1482 1138 locum
1535 1079 1603 1134 rs-

173 1157 336 1268 cipuum
356 1154 512 1239 obtinet
534 1157 682 1241 famosa
704 1158 752 1242 ab
778 1159 931 1271 aliquot
950 1163 1059 1244 annis
1080 1165 1264 1244 mercurii
1284 1157 1479 1244 sublimati
1495 1081 1602 1246 ibiu-

171 1270 243 1350 ti0.
273 1267 372 1352 Haec
391 1273 601 1380 antiquitis
620 1275 660 1354 in
676 1271 807 1356 Gallisi
822 1277 984 1386 cognita
1006 1281 1048 1357 ὃ(
1070 1271 1271 1387 empyricb
1292 1273 1474 1379 admota,
1502 1275 1605 1389 apud

173 1407 309 1464 nautas
330 1381 476 1465 Rullus
492 1412 572 1491 quo
587 1388 745 1470 sudore
758 1389 954 1470 incertum
973 1384 1021 1468 ad
1044 1384 1253 1469 sanandam
1271 1382 1381 1469 luein
1395 1413 1606 1472 veneream

174 1491 376 1602 adhibita,
398 1497 589 1579 testeviro
603 1495 826 1582 Clarissimo
839 1497 1009 1581 Ribeiro
1023 1498 1225 1603 Sanchez,
1244 1525 1319 1580 nec
1336 1498 1604 1601 Bperthaavio

174 1607 314 1717 ignota
336 1613 401 1710 (o)
426 1609 603 1691 transsata
625 1613 677 1692 est
700 1610 749 1694 ad
768 1611 1026 1716 nosocomia,
1049 1620 1090 1695 &
1112 1608 1275 1723 publico
1296 1610 1380 1693 usui
1395 1612 1542 1694 sacrata
1557 1609 1605 1694 ab

175 1715 258 1823 ejus
279 1718 472 1832 discipulo
495 1719 560 1803 Cl.
580 1724 669 1804 Van
690 1723 876 1806 Suieten.
915 1722 1014 1807 Inds
1036 1723 1085 1807 ad
1105 1752 1179 1807 nos
1201 1723 1385 1827 defluxit,
1411 1721 1608 1807 erudires

177 1831 244 1913 Cl.
259 1829 296 1912 le
306 1831 441 1944 Begue
456 1832 686 1918 nostratibus
701 1838 894 1948 exposita,
912 1864 988 1919 nec
1001 1837 1079 1919 sine
1089 1837 1300 1919 temerariae
1315 1834 1485 1918 audacia
1498 1862 1608 1919 metu

177 1941 348 2028 {adustis
367 1945 613 2054 iiidoslisque
633 1949 765 2060 pallini
789 1975 954 2062 excepta
975 1951 1039 2031 est.
1067 1947 1206 2031 Hodie
1227 1949 1342 2029 nimis
1369 1976 1420 2030 co
1452 1951 1531 2030 nita
1555 1950 1608 2031 est

178 2055 295 2165 qu‘am
311 2086 354 2140 ut
371 2060 412 2138 in
431 2086 471 2142 re
486 2055 588 2141 bend
606 2058 701 2144 nors
717 2060 860 2144 diutius
875 2063 1077 2143 immorari
1092 2087 1218 2174 operae
1234 2055 1400 2172 pretium
1416 1977 1473 2142 dr.
1495 2059 1609 2168 Quid

176 2173 217 2251 in
235 2168 303 2254 lue
318 2168 485 2255 venereal
502 2171 630 2257 valeat
646 2175 711 2256 hic
729 2173 931 2258 recensere
950 2172 1101 2257 inutile.
1128 2172 1248 2256 Certe
1266 2176 1357 2254 clim
1373 2197 1509 2262 catera
1526 2171 1610 2254 fere

178 2287 314 2364 omnia
333 2311 539 2398 praeparata
559 2286 804 2369 mercurialia
822 2289 864 2368 in
886 2286 1060 2369 sanandis
1081 2282 1305 2396 herpetibus
1325 2284 1611 2396 supervacanea

177 2399 250 2479 sint
290 2403 330 2477 ὅ(
365 2394 614 2509 ableganda,
652 2401 735 2479 haec
769 2401 1029 2512 praeparati0,
1067 2400 1094 2480 si
1128 2397 1343 2480 refrafiliori
1378 2396 1461 2478 dosi
1498 2396 1610 2478 adhi-

177 2507 345 2614 beatur,
380 2538 520 2592 eorum
553 2509 742 2591 sanationi
783 2509 952 2593 multiiin
983 2509 1079 2622 sape
1115 2506 1286 2591 contulit
1316 2535 1366 2590 ex
1397 2505 1610 2592 observatis

178 2619 428 2736 Anglorum,
456 2629 497 2704 ὃ(
540 2620 705 2736 rccipub
729 2620 766 2709 J.
781 2619 969 2705 Brisbane
985 2621 1072 2726 (b),
1097 2617 1237 2730 quibus
1260 2621 1287 2700 si
1310 2648 1358 2703 ex
1380 2619 1612 2704 nostratibus

180 2735 355 2820 Medicis
370 2649 537 2844 aliquidp
535 2733 679 2818 addere
689 2733 828 2819 liceret
834 2796 848 2839 ,
869 2733 999 2848 plures
1012 2736 1079 2844 qui
1097 2763 1179 2816 non
1199 2731 1341 2845 scripta
1354 2730 1611 2843 evulgavsre,

183 2848 355 2961 allegare
392 2845 543 2961 polleni
554 2907 569 2955 ,
601 2875 745 2960 meque
781 2846 936 2962 ipsum,
973 2847 1220 2958 quantumvis
1257 2842 1357 2928 nihil
1394 2847 1613 2929 auderitati

180 2989 276 3046 meae
299 2959 480 3045 tribuam.

237 3076 386 3159 Verbm
406 3077 448 3155 in
463 3074 643 3158 curandis
658 3071 883 3188 herpetibus
899 3074 1000 3160 dosis
1015 3069 1143 3156 multb
1158 3072 1281 3185 magis
1298 3069 1458 3154 reftasia
1473 3070 1613 3155 admo-

183 3187 312 3274 venda
328 3184 446 3296 quhm
468 3192 507 3271 in
524 3187 722 3271 sanatione
737 3185 811 3271 luis
825 3215 999 3272 venereae
1019 3218 1033 3288 3
1054 3187 1138 3269 imb
1154 3191 1195 3268 &a
1211 3183 1351 3269 lentius
1368 3183 1614 3268 inducendus

185 3305 237 3386 est
252 3298 620 3413 intrh'sanguineum
642 3297 802 3384 laticem
822 3302 1038 3385 mercurius
1055 3295 1281 3381 sublimatus
1298 3297 1517 3380 corrosivus
1527 3359 1540 3402 ,
1559 3299 1615 3379 ita

185 3442 229 3497 ut
243 3409 326 3518 ejus
345 3415 446 3495 adio
465 3438 724 3526 prorogetur,
750 3421 792 3495 ὅ(
810 3415 1070 3528 diaphoretici
1085 3408 1202 3495 titulo
1218 3434 1339 3522 agat3
1363 3407 1469 3492 undb
1486 3435 1616 3492 rerum

185 3528 319 3640 peritis
346 3522 444 3607 nihil
470 3529 595 3638 magis
623 3526 879 3610 metuendum
905 3525 1073 3610 edicitur
1097 3522 1166 3607 tali
1189 3521 1366 3606 remedio
1389 3518 1615 3628 utentibus,

187 3639 409 3750 quhmaeris
420 3637 632 3748 frigidioris
644 3639 855 3752 impreffio.
871 3637 1001 3722 Simul
1014 3635 1230 3722 identidem
1242 3637 1616 3746 catharticiscorpus

187 3772 430 3862 expurgant,
451 3775 501 3830 ne
518 3746 703 3831 durabilis
724 3752 919 3863 impressio
936 3753 1004 3835 fiat
1020 3754 1060 3834 in
1077 3778 1149 3836 cor
1177 3779 1220 3832 us
1240 3749 1423 3831 mercurii
1438 3735 1506 3855 qul
1520 3744 1617 3858 [πρὸ

186 3867 290 3946 inter
303 3856 433 3942 media
443 3856 778 3944 incerniculorum
790 3865 1060 3948 intricanienta
1073 3865 1113 3948 in
1126 3777 1315 3976 globulos
1329 3859 1617 3971 compingitur,

189 3977 338 4083 diuque
352 3969 451 4054 intrh
466 4001 610 4086 corpus
626 4000 821 4082 remanet,
840 3979 931 4062 teste
945 3974 1123 4063 Meadio.
1149 3974 1232 4059 Sed
1247 3969 1504 4055 ferventiores
1526 3997 1619 4051 cor·

189 4117 333 4202 porum
351 4087 648 4169 constitutiones
669 4089 880 4174 methodus
900 4093 984 4195 ista,
1011 4115 1100 4172 utut
1118 4086 1259 4172 leniter
1280 4081 1461 4186 admota,
1485 4078 1589 4164 laedit
1601 4141 1617 4187 ,

190 4199 364 4314 sepeque
380 4200 562 4284 intestinis
578 4224 694 4308 atque
704 4201 927 4288 ventriculo
941 4201 1071 4286 labem
1084 4199 1232 4299 inuffit‚
1248 4193 1620 4308 dispositionemque

192 4313 463 4426 phlogisticam
485 4312 671 4426 impressit
689 4311 765 4396 alte
776 4374 791 4419 ,
812 4344 895 4397 non
912 4312 1030 4396 facile
1049 4306 1273 4393 delebilem.

248 4425 467 4508 Methodus
486 4427 539 4508 est
556 4421 604 4507 ab
623 4423 764 4534 Anglis
783 4426 958 4507 Medicis
977 4429 1035 4526 (c)
1061 4418 1282 4533 nuperrims
1300 4415 1435 4526 jeblata
1453 4443 1499 4508 ut
1516 4415 1620 4501 satsat

194 4535 336 4651 patilla
360 4537 570 4622 decoetum
593 4533 805 4620 adhibeant
824 4563 908 4618 non
926 4533 1055 4620 solum
1068 4535 1111 4616 in
1127 4530 1193 4616 lue
1206 4530 1400 4637 venereal,
1421 4529 1622 4614 sedetiam

234 4748 292 4818 (α)
317 4743 466 4806 Boerrliav.
484 4743 583 4808 Chem.
601 4765 667 4808 tom.
690 4768 716 4808 a.
737 4744 780 4809 V.
798 4743 825 4806 le
840 4743 936 4829 Brgoe
948 4745 982 4806 de
997 4741 1103 4814 Prelio,
1121 4741 1214 4828 Paris,
1231 4749 1318 4812 1761.

229 4825 289 4902 (b)
309 4824 349 4885 V.
368 4825 437 4887 obs.
454 4825 533 4887 Med.
550 4825 584 4886 of
596 4825 610 4888 ri
624 4829 736 4912 Socicty
754 4823 789 4888 ol
802 4823 960 4909 Pliysicians
977 4829 1005 4885 io
1019 4825 1151 4888 Loudon.

234 4909 291 4986 (t)
317 4903 440 4972 Obstrv.
458 4905 536 4970 Med.
555 4911 673 4994 inquires
689 4907 759 4992 ispi
779 4907 892 4994 Socitrp
910 4905 947 4970 of
959 4905 1134 4992 Physicians,
1153 4923 1221 4969 torn.
1239 4926 1271 4982 i,
1287 4923 1351 4990 pag.
1369 4923 1437 4972 149·

1335 4982 1408 5068 Tt
