4250 5898
506 441 623 527 552*
728 461 732 469 ·
948 401 1485 514 DE'MORJBIS

508 599 692 692 experta,
717 573 897 660 uteriam
919 600 1058 656 omnes
1081 601 1207 688 partes
1228 577 1459 659 aromaticas
1481 601 1565 683 quae
1587 568 1634 655 ab
1658 570 1704 658 iis
1730 571 1940 665 desumunt

506 717 594 794 tur,
610 685 707 772 mirri
724 685 895 800 gaudere
910 684 1154 793 subtilitate2
1166 690 1454 791 attenuatione,
1469 683 1705 770 volatilitare
1718 749 1732 792 ‚
1754 691 1803 772 ad
1818 721 1936 800 quam

506 833 589 885 non
612 803 835 914 attinguunt
859 825 984 913 partes
1011 829 1094 910 quae
1117 828 1167 883 ex
1193 798 1464 912 vegetantibus
1486 798 1751 900 desumuntur.
1776 802 1937 896 ¹Scimus

506 919 624 1000 etiam
653 912 876 1024 quodcum
903 912 1130 995 animalium
1156 941 1304 1024 organa
1335 911 1444 996 brot
1461 939 1706 996 externarum
1733 914 1934 1000 causarum

504 1053 705 1112 mutentur
730 1025 980 1140 impulsibus,
1005 1035 1047 1110 &
1066 1026 1254 1110 summam
1281 1023 1329 1107 ab
1356 1029 1402 1110 iis
1429 1051 1656 1110 mutuentur
1679 1031 1934 1136 varietatem,

504 1139 660 1228 nullum
688 1138 908 1252 possedici
940 1136 1084 1222 animal
1113 1143 1155 1222 in
1189 1165 1299 1224 certo
1332 1139 1421 1222 casu
1452 1168 1533 1220 non
1558 1165 1795 1222 venenatum
1824 1139 1935 1226 alteri

504 1251 675 1358 eiusdem
697 1279 762 1335 aut
777 1253 914 1335 vicinae
932 1251 1077 1366 speciei
1092 1250 1250 1334 animali
1263 1314 1277 1357 ,
1300 1251 1409 1360 quod
1424 1251 1633 1335 infeliciter
1648 1250 1788 1366 probat
1806 1254 1935 1338 miser-

502 1370 600 1450 rima
623 1367 785 1481 pestium
807 1372 848 1446 bt
870 1369 1146 1478 contagiorum
1170 1367 1339 1447 historia.
1363 1365 1451 1448 Tot
1467 1368 1570 1448 intus
1590 1366 1849 1450 effervescunt
1864 1365 1931 1449 sub

501 1507 674 1594 corpore
693 1478 892 1562 miasmata
916 1509 999 1588 quc
1018 1478 1283 1590 deputationis
1306 1476 1425 1560 titulo
1444 1475 1663 1562 funilio'nes
1685 1505 1824 1562 omnes
1845 1507 1933 1593 pers

501 1591 682 1696 turbant,
706 1601 748 1676 bt
762 1592 893 1706 saepiias
915 1595 1036 1675 cutim
1058 1590 1178 1704 ipsam
1196 1589 1441 1674 invadunt&
1459 1591 1711 1674 adoriuntur!
1728 1591 1932 1702 Imbquae÷

503 1704 595 1788 dam
621 1705 707 1788 sunt
729 1735 811 1814 quae
837 1707 939 1788 intirs
965 1707 1135 1787 comella
1155 1704 1451 1818 depurationem
1463 1765 1478 1809 ,
1504 1703 1569 1786 seu
1593 1706 1722 1818 potibs
1748 1703 1929 1790 efferves-

503 1822 672 1924 centiam
688 1816 739 1924 ad
762 1821 887 1900 cutim
911 1813 1023 1900 illico
1041 1820 1155 1901 certis
1173 1821 1262 1900 anni
1278 1813 1519 1930 temporibus
1538 1822 1577 1898 ὅ(
1597 1814 1703 1899 certi
1719 1845 1931 1931 corporum

504 1931 757 2045 dispostione
780 1957 988 2040 procreant
1003 1939 1061 2035 (a)
1072 1997 1083 2036 ,
1103 1927 1226 2039 qualis
1246 1933 1298 2013 est
1315 1926 1556 2038 mytulorum
1575 1933 1817 2012 marinorum
1833 1931 1931 2022 esus.

501 2043 637 2146 Idem,
663 2041 827 2124 sednon
844 2039 983 2147 semel,
1005 2045 1087 2126 vidi
1107 2043 1366 2156 supervenisse
1382 2045 1560 2126 innocuo
1575 2043 1659 2125 usui
1675 2040 1929 2152 cochlearia,

501 2156 672 2238 nasturtii
701 2153 922 2260 horrenda,
953 2157 1036 2238 imb
1068 2153 1351 2253 &oculorum
1388 2185 1622 2239 cancrorum
1658 2153 1929 2266 fluviatilium,

501 2268 607 2352 unde
637 2265 767 2350 forsan
795 2268 854 2349 his
881 2264 1028 2351 ultimis
1055 2272 1254 2382 precaria,
1276 2295 1320 2351 ut
1347 2267 1412 2352 Cl.
1441 2267 1596 2352 Tralles
1626 2267 1926 2376 demonstravit,

501 2383 628 2466 affiiia
648 2383 699 2464 est
718 2383 893 2495 potentia
911 2381 1139 2494 sanguinem
1159 2381 1385 2495 depurandi.
1409 2381 1559 2464 Verum
1583 2378 1678 2463 licet
1699 2382 1779 2462 hac
1795 2384 1927 2468 omnia

500 2495 551 2580 ad
574 2493 738 2578 morbos
762 2496 862 2576 cutis
882 2523 964 2575 non
984 2498 1225 2607 pertineant,
1243 2498 1334 2576 citm
1349 2521 1508 2578 acutum
1529 2500 1569 2578 in
1589 2521 1742 2576 morem
1762 2519 1929 2577 rantum*

500 2608 627 2692 modi>
659 2609 758 2690 cutis
791 2607 1004 2713 afficiatur,
1031 2615 1073 2690 ὅ(
1098 2633 1141 2692 ut
1165 2608 1312 2693 sentina
1336 2606 1549 2715 habeatur,
1575 2605 1694 2690 liceat
1718 2633 1849 2690 tamen
1878 2635 1927 2690 ex

497 2719 748 2806 illustrissimo
765 2719 814 2802 de
830 2719 1028 2834 Sauvages
1043 2721 1103 2825 (b)
1126 2724 1193 2832 qui
1217 2750 1298 2804 non
1322 2723 1424 2804 inter
1445 2722 1579 2803 infima
1599 2720 1812 2806 Medicina
1834 2719 1928 2802 Gal·

367 2829 371 2835 ’
498 2831 584 2919 lice
610 2831 758 2916 lumina
781 2829 865 2937 jure
888 2828 984 2914 olim
1007 2832 1295 2939 recensebitur,
1315 2831 1630 2917 observationem
1648 2833 1793 2916 referre
1810 2833 1926 2916 effes,

497 2948 567 3030 tiu.
586 2949 779 3030 incutim
807 2947 949 3028 veneni
980 2946 1087 3055 quod
1114 2946 1289 3060 sanguini
1319 2946 1514 3032 infuderat
1540 2949 1755 3030 comestum
1784 2941 1924 3059 largitis

498 3063 619 3174 hepar
638 3058 843 3173 piscisqui
861 3056 1003 3140 dicitur
1023 3055 1211 3142 Salviano
1236 3059 1396 3144 Catulus
1414 3059 1552 3165 minor,
1576 3061 1743 3142 Linnaeo
1759 3057 1922 3171 Squalus

500 3171 684 3277 CatuluS,
710 3167 838 3253 Gallis
866 3171 962 3252 verb
991 3170 1090 3254 Char
1111 3173 1243 3256 morin.
1274 3171 1467 3254 Nondum
1492 3169 1620 3286 elapsa
1642 3169 1741 3254 horai
1764 3169 1786 3254 a
1808 3169 1920 3256 coenai

496 3283 646 3368 semille
661 3344 676 3389 ,
701 3308 810 3397 pater
834 3281 969 3389 sutor,
998 3309 1122 3366 mater
1151 3293 1192 3367 ὃ(
1220 3279 1332 3366 liberi
1359 3288 1401 3368 in
1426 3284 1665 3397 profundum
1691 3281 1921 3370 delabuntur

494 3397 708 3507 somnum,
738 3415 856 3506 quem
879 3419 969 3478 toto
994 3397 1164 3510 proflant
1184 3401 1357 3510 pedore.
1386 3395 1527 3480 Tertio
1551 3403 1710 3482 tantum.
1725 3397 1789 3483 die
1812 3395 1920 3480 adse

496 3511 690 3613 redeunt,
710 3506 821 3592 vultu
845 3506 997 3590 intense
1020 3506 1164 3618 rubro,
1194 3506 1321 3610 oculis
1343 3511 1560 3616 flammeis,
1590 3541 1635 3593 ea
1663 3515 1717 3594 ite
1736 3513 1917 3596 attonito

493 3623 606 3708 Dum
634 3651 776 3738 corpus
803 3624 891 3738 ips1s
915 3620 1160 3736 superpofitis
1181 3620 1348 3708 vestibus
1372 3649 1530 3727 terunt,
1555 3650 1599 3707 ut
1627 3541 1801 3707 sblentur
1829 3653 1918 3737 pru-

494 3739 612 3824 ritum
633 3759 836 3820 enormem
859 3762 940 3846 quo
959 3732 1172 3818 vexabatur
1192 3761 1282 3844 tota
1308 3733 1455 3818 familia
1479 3731 1652 3840 ejusdem
1678 3735 1802 3850 culpa
1830 3764 1918 3842 rea,

493 3853 683 3938 mirantur
715 3843 997 3962 epidermidem
1030 3876 1079 3932 ex
1114 3852 1223 3934 omni
1251 3844 1385 3930 habitu
1416 3850 1458 3932 in
1490 3846 1652 3932 laminas
1684 3877 1919 3966 papyraceas

489 3957 686 4052 latiffimas
701 3959 906 4065 secedere,
925 3988 1016 4064 cum
1035 3963 1200 4075 pruritds
1216 3958 1421 4044 levamine.
1441 3960 1543 4044 Tres
1564 3961 1645 4046 dies
1666 3965 1799 4076 exegit
1816 3990 1917 4044 uxor

490 4079 532 4162 in
548 4072 758 4162 auferendi
778 4072 846 4157 fibi
867 4071 1053 4157 cuticulai.
1074 4074 1232 4156 Fortius
1251 4070 1468 4157 adhaerebat
1483 4104 1566 4184 quae
1582 4076 1716 4158 manias
1731 4075 1915 4158 interiora

491 4199 533 4274 ἃ
551 4187 721 4306 plantans
740 4187 849 4302 pedis
871 4183 1036 4298 obtegit.
1061 4187 1345 4297 Squammatim
1364 4182 1571 4270 decidebat
1585 4188 1791 4298 epidermis
1806 4189 1919 4298 capi-

490 4308 563 4410 tis,
594 4332 670 4386 nec
696 4300 916 4414 alopeciam
942 4297 1165 4388 invehebat.
1195 4300 1275 4382 Sex
1299 4305 1449 4382 tantiam
1475 4301 1556 4382 dies
1578 4301 1850 4412 perduraverat
1872 4305 1919 4386 in

486 4414 655 4502 muliere
675 4409 863 4529 agritudo
887 4445 899 4514 3
921 4436 959 4495 at
972 4439 1137 4496 vocatus
1152 4413 1237 4528 post
1253 4413 1483 4525 vigesimum
1500 4412 1605 4495 diem
1621 4412 1671 4497 de
1687 4413 1917 4526 Sauvages‚

485 4533 527 4618 in
550 4527 682 4612 surore
703 4524 986 4642 epidermidem
1005 4526 1151 4640 pedum
1166 4527 1293 4609 adhitc
1309 4522 1448 4612 leviter
1462 4523 1720 4611 adhaerentem
1737 4529 1922 4631 invenit,

484 4673 604 4764 quam
628 4665 766 4748 tamen¹
781 4639 910 4762 bonus
933 4640 993 4726 vir
1015 4650 1037 4722 ai
1058 4635 1222 4754 pedibus
1238 4636 1636 4757 integramdetraxit,
1664 4665 1709 4724 ut
1731 4665 1820 4728 eam
1843 4641 1924 4754 ipsi

523 4829 575 4913 (a)
597 4822 716 4886 Bebrens
731 4823 844 4888 Disserr.
860 4823 896 4890 dc
911 4823 1055 4908 Myruloru
1072 4893 1077 4910 1
1104 4821 1320 4912 venenaroesug
1340 4827 1369 4880 ει
1386 4823 1445 4898 ejus
1458 4819 1610 4888 effectibus.
1698 4803 1702 4814 ’

518 4911 574 4994 (l)
596 4909 644 4974 De
663 4905 1027 4991 strangulaverunt
1074 4905 1121 4968 all.
1139 4905 1277 4967 animalib.
1295 4921 1360 4990 pag.
1374 4909 1402 4967 6.

1795 4983 1925 5080 dono
