4186 5908
637 451 1137 554 CUTANEl&
1536 507 1618 582 2η

179 627 447 743 Hippocrates
459 621 525 730 (a),
539 649 606 711 aut
615 625 787 738 quisquis
797 655 848 712 ex
860 621 1615 754 eiutscholllib.5epidemiommscrip

174 741 237 845 srt,
252 766 328 823 nec
337 737 554 822 diffitentur
564 741 741 826 auctores
753 742 851 825 varii
863 738 1032 856 Baglivi,
1043 739 1243 850 Desmara,
1252 743 1442 831 Huxham
1454 746 1519 855 (b),
1531 755 1613 838 &c

222 853 286 937 Ex
298 855 360 935 his
374 848 660 966 patetscabiem
670 883 791 938 unam
803 853 1158 967 eamdemquesem
1187 883 1229 942 er
1238 856 1316 950 else,
1321 853 1613 976 ,morbumque
1752 897 1754 902 ’

178 967 416 1052 constituere
438 963 678 1074 distinetum,
697 963 795 1052 licet
811 969 940 1052 minbe
957 971 999 1052 in
1013 963 1060 1052 ei
1078 966 1134 1054 fui
1166 969 1408 1060 evideantur
1421 975 1612 1090 opinione

179 1080 395 1163 Graiorum
416 1075 584 1164 Medici.
1221 1121 1225 1128 ·
1601 1087 1607 1104 ‘

169 1229 180 1246 ·
235 1188 331 1298 Ejus
346 1190 477 1274 autem
495 1192 766 1305 phoenomena
780 1189 856 1277 alia
870 1192 1080 1279 necessaria
1092 1189 1200 1301 sunt,
1216 1193 1292 1278 alia
1306 1225 1388 1280 non
1403 1195 1612 1287 necessaria

181 1313 223 1390 bc
234 1300 506 1388 accidentalia.
522 1303 582 1387 Ita
592 1304 689 1388 verb
700 1303 857 1390 cursum
871 1307 1032 1422 incipit,
1053 1307 1325 1422 progreditur,
1341 1306 1520 1396 absolvit.
1534 1311 1611 1400 Ra·

178 1420 224 1501 rb
238 1448 334 1501 cum
347 1421 496 1534 impetu
506 1413 681 1500 adoritur
689 1415 785 1523 ,sed
797 1418 934 1504 sensrm
947 1419 997 1504 ad
1010 1418 1253 1502 manbum‘su
1281 1449 1431 1506 remam
1444 1449 1611 1540 partem,

177 1535 279 1616 inter
293 1529 510 1644 digitorum
523 1529 729 1615 intervalla
743 1534 913 1647 pruritu,
930 1535 1101 1647 primirm
1112 1547 1194 1616 non
1205 1451 1403 1647 insigniter
1411 1534 1588 1622 notando

178 1643 245 1760 sed
259 1645 400 1730 sensrr'n
420 1640 491 1726 sub
509 1642 711 1757 vesperam
724 1644 971 1730 increscente
986 1643 1066 1732 sese
1081 1646 1337 1730 animadverti
1353 1649 1452 1733 smit.
1475 1599 1613 1736 Postel

177 1756 490 1873 multiplicantur
504 1754 654 1874 papule
662 1817 676 1863 ,
699 1755 950 1844 necbrachia
965 1756 1118 1865 solem,
1139 1759 1206 1844 sed
1218 1755 1402 1866 dorsum,
1426 1759 1610 1872 lumbos,

177 1869 338 1977 axillas,
360 1870 521 1962 dembm
536 1896 649 1954 crura
667 1876 708 1954 br
724 1869 877 1956 femora
894 1869 1105 1977 invadunt,
1125 1869 1193 1958 se‘rl
1234 1871 1497 1962 etintenalla
1513 1899 1614 1960 tem-

177 1987 287 2107 poris
303 2013 386 2096 quae
403 2007 542 2068 notare
557 1979 795 2097 impoffrbile
808 1983 882 2091 est,
902 1987 996 2069 clam
1009 1985 1124 2070 citilrs
1144 1987 1185 2067 in
1204 1899 1264 2067 lis
1273 2046 1289 2090 ,
1311 1984 1447 2070 inillis
1467 1985 1613 2088 tardilra

179 2097 339 2182 cursum
352 2095 515 2182 morbus
529 2092 718 2181 absolvat.
733 2092 890 2210 Papulae
903 2125 1008 2182 nunc
1022 2093 1201 2182 solitarie
1214 2095 1321 2203 sunt,
1340 2126 1446 2182 nunc
1456 2101 1615 2185 confer·

177 2215 251 2297 tim
261 2208 538 2326 agglomerare
544 2271 559 2318 ,
575 2211 729 2294 &inter
737 2203 973 2326 pullulatum
981 2207 1052 2294 slbi
1060 2232 1106 2324 ap
1135 2207 1614 2408 rellatumglomeramina

177 2323 366 2440 longiora
387 2325 631 2440 reperiuntur
650 2317 867 2410 intervalla.
892 2321 1066 2409 Pruritsra
1107 2321 1200 2411 edes
1220 2323 1267 2441 ln,
1277 2323 1317 2438 ip
1363 2321 1517 2520 'papuli
1538 2329 1615 2429 est3

181 2441 282 2530 curis
311 2434 473 2522 illorum
500 2438 569 2545 qui
592 2434 687 2522 vere
712 2443 755 2521 dt
779 2433 953 2521 funditirs
976 2433 1140 2520 scabiosa
1166 2425 1278 2542 sum,
1307 2437 1349 2520 in
1378 2441 1417 2632 ip
1434 2469 1465 2522 rs
1496 2441 1618 2525 etiam

181 2547 396 2638 intervallis
415 2547 546 2664 aliqud
566 2549 720 2634 ratione
742 2545 913 2666 asperior
932 2551 986 2634 est
1005 2579 1017 2648 3
1043 2545 1153 2662 quod
1171 2549 1213 2631 in
1233 2551 1281 2632 iis
1303 2552 1387 2632 min
1416 2581 1433 2634 s
1458 2575 1618 2638 notatur

182 2668 249 2778 qui
268 2667 421 2750 recenti
438 2668 560 2750 conta
587 2664 635 2746 io
648 2658 822 2747 scabiem
840 2685 1135 2745 contraxerunt.
1161 2659 1313 2746 Caetera
1337 2690 1421 2773 quat
1444 2659 1616 2750 scabiem

181 2779 230 2862 arl
256 2777 455 2862 summum
483 2773 546 2872 sui
632 2776 756 2890 'glum
781 2775 959 2860 evertam
983 2775 1225 2859 comitantur
1246 2773 1506 2888 symptomata
1524 2804 1619 2889 pru-

182 2893 277 2978 ritsrs
292 2890 382 2976 sunt
397 2889 571 2975 effeetus.
585 2886 707 2972 *Cutis
721 2887 802 3001 ipsa
815 2889 966 3083 intpgra
979 2887 1033 2972 esi
1041 2947 1056 2992 ,
1073 2911 1148 2970 nec
1164 2885 1233 2967 nist
1246 2889 1288 2969 in
1302 2885 1453 3002 fastigio
1468 2885 1619 3004 papulae

184 3007 330 3088 humor
353 3001 493 3114 aliquis
516 3001 718 3115 inspicitur
742 2997 872 3114 scalpe
929 3027 954 3082 o
973 3003 1015 3086 bt
1034 2995 1246 3084 lacerando
1259 3003 1470 3106 attraelue,
1498 3004 1618 3086 icho-

187 3117 324 3225 rosus‚
358 3123 401 3202 br
429 3112 579 3226 quasti
609 3109 760 3196 bullulb
786 3115 827 3195 in
854 3113 1047 3225 fastigium
1074 3107 1223 3228 papulae
1244 3113 1430 3197 exiliente
1454 3110 1617 3202 solutus.

184 3231 340 3318 Caetera
368 3257 453 3342 quat
485 3229 729 3342 reperiuntur
753 3228 795 3308 in
825 3251 919 3312 cute
946 3221 1111 3310 vulnera
1141 3226 1335 3338 unguium
1361 3224 1619 3312 lacerantium

186 3344 345 3458 vestigia
372 3339 567 3458 produnt,
597 3337 825 3448 discissaque
851 3335 1060 3423 vulnerum
1086 3340 1231 3420 horum
1252 3334 1357 3426 labia
1380 3336 1491 3428 brevi
1523 3369 1619 3424 coa·
1680 3331 1683 3342 ’

186 3455 361 3561 lescunt,
391 3453 582 3564 novisque
608 3477 727 3564 atque
747 3450 984 3561 quotidianis
1012 3448 1153 3556 locum
1174 3449 1351 3550 cedunt3
1376 3453 1430 3536 ita
1452 3478 1497 3536 ut
1517 3457 1619 3540 curie

187 3595 271 3656 tota
298 3592 523 3672 cruentata,
543 3591 662 3675 atque
685 3563 878 3672 lacerata,
906 3566 935 3647 st
962 3560 1219 3678 iscalpendo
1247 3563 1376 3648 miseri
1402 3575 1620 3681 temperare

187 3683 353 3800 polsrnt,
374 3680 484 3766 brevl
497 3679 632 3763 sanum
643 3679 787 3762 offerat
805 3677 1021 3793 aspeetum,
1038 3703 1114 3763 nec
1131 3673 1220 3792 plue
1233 3678 1275 3760 in
1292 3674 1394 3762 locis
1407 3675 1621 3764 vttlneratie

191 3796 307 3910 quam
326 3799 369 3879 in
391 3793 477 3879 aliis
499 3788 734 3877 attolluntur
779 3791 913 3907 apulae.
1341 3828 1346 3838 ·
1527 3822 1553 3838 ··

244 3907 462 3994 Toleratur
490 3903 639 3990 malum
661 3819 785 4011 illud,
808 3903 972 3988 obicum
1000 3929 1052 3989 ue
1076 3899 1335 3990 mediocriter
1359 3901 1493 4009 saerit,
1523 3926 1623 4018 pau·-
1796 3957 1806 3980 ,

191 4022 442 4140 perioresque
460 4050 544 4105 non
567 4016 720 4104 deliciis
740 4015 874 4102 assueti
883 4081 898 4126 ,
926 3933 1000 4104 sed
1013 4018 1063 4103 ad
1079 4015 1240 4102 labores
1263 4017 1366 4124 nati,
1389 4017 1459 4098 vix
1476 4011 1527 4100 de
1547 4010 1621 4100 illo

192 4135 362 4222 sanando
391 4137 601 4250 cogitant,
630 4130 756 4216 modi>
784 4154 866 4215 non
888 4128 1342 4248 abrumpantur'somni,
1368 4131 1410 4210 δι’
1429 4122 1623 4244 appktitus

194 4279 274 4335 non
303 4247 493 4335 deleatur.
523 4247 674 4330 Verium
708 4247 796 4329 rato
824 4243 968 4330 abite
1000 4236 1242 4357 negligentis
1272 4237 1420 4326 malum
1451 4268 1537 4324 non
1566 4244 1625 4327 in·

160 4363 347 4459 ,crescit
376 4363 482 4446 Clam
508 4361 614 4443 enim
638 4367 767 4472 partes
791 4363 934 4444 attaetu
954 4339 1128 4440 scabiem
1155 4355 1419 4464 contrahant,
1445 4348 1626 4466 illudque

126 4471 130 4482 ’
194 4479 356 4564 vestium
377 4475 566 4588 contagio
589 4473 877 4556 communicari
900 4466 1010 4556 extri
1033 4465 1200 4551 dubium
1224 4465 1272 4550 stt
1284 4529 1299 4576 ,
1323 4465 1578 4584 multiplicari
1602 4465 1625 4552 e

196 4590 357 4676 sorditie
371 4590 607 4675 &comaclu
621 4610 761 4668 mutuo
772 4585 940 4698 partium
952 4563 1062 4696 polle
1072 4577 1204 4668 labem
1214 4580 1376 4666 evidens
1385 4582 1450 4666 est.
1459 4579 1626 4686 Verbm,

196 4701 265 4789 ubi
289 4701 361 4790 vel
383 4728 477 4788 cum
510 4699 679 4784 summo.
693 4699 843 4814 impetu
871 4698 1072 4815 prorupit,
1100 4693 1212 4808 quod
1233 4690 1449 4807 aliquando
1468 4696 1627 4801 evenit,

190 4845 197 4856 ⁸
233 4865 295 4936 (a)
316 4861 389 4923 sen.
410 4881 448 4940 3,
469 4855 532 5000 aph.
555 4878 601 4918 ao.
1242 4922 1249 4938 1

241 4942 299 5020 (l)
324 4939 365 5007 V.
388 4941 482 5004 Misctl
496 4959 543 5004 an.
563 4957 621 5004 oar.
637 4957 685 5002 cor
702 4939 774 5004 Dec.
792 4958 827 5020 3,
841 4957 906 5002 ano.
917 4955 959 5014 ρ,
976 4931 1033 4998 obs
1052 4949 1121 5016 tet.
1171 4975 1174 4982 ·

1297 5007 1410 5122 Frrj
1480 4958 1486 4968 ’
1562 4943 1570 4974 ²
