4226 5916
463 324 549 422 43⁶
846 309 1012 398 ba
1080 307 1445 396 nonnrs

463 479 572 592 ,αχόρ
590 473 682 559 inde
704 474 849 580 didus,
871 474 898 557 sr
917 471 1124 558 Tralliano
1148 475 1344 560 credimus
1364 479 1439 586 (a)²
1458 471 1568 585 qubd
1586 471 1718 558 ichori
1738 444 1905 554 similem

464 595 568 706 ιχὸρι
587 587 839 696 nupserunt
859 591 1070 670 humorem
1091 586 1267 672 fundant.
1301 589 1404 672 Sunt
1427 613 1558 670 autem
1586 589 1753 671 achores
1783 584 1905 694 capiti

464 712 508 788 δε
533 707 616 792 curi
637 700 825 816 capillata
848 701 997 813 proprii
1014 728 1084 814 per
1101 701 1294 784 foramina
1316 703 1378 785 exi
1408 731 1458 784 ua
1477 697 1676 810 liquorem
1698 695 1906 781 fundentia

465 815 612 900 ulcera.
645 817 758 930 Agrip
781 812 802 895 b
822 813 916 898 savo
941 812 1072 898 dissert
1092 813 1308 924 secundnm
1337 733 1551 898 Alexandri
1580 839 1779 916 mentem,
1810 814 1904 892 clun

465 932 556 1013 lint·
571 926 743 1035 ejusdem
778 954 950 1034 natura,
988 927 1097 1036 quod
1131 953 1316 1042 apertura
1350 932 1390 1010 in
1415 928 1512 1010 favis
1537 929 1609 1010 snit
1634 926 1683 1008 ad
1706 923 1904 1037 aspesium

464 1039 655 1147 majores,
681 1039 825 1154 quippe
843 1069 926 1150 quar
944 1042 1146 1126 evidentes
1163 1043 1235 1125 smt
1249 1045 1289 1124 in
1305 1043 1427 1147 savis,
1445 1042 1511 1124 vix
1530 1039 1571 1123 se
1584 1041 1706 1121 srnanr
1723 1033 1905 1146 conspici

465 1147 509 1238 in
529 1185 660 1269 ωχωρι.
687 1153 814 1263 Quod
835 1151 947 1236 aliter
967 1153 1106 1238 sentiat
1126 1151 1301 1238 Galenus
1324 1157 1429 1238 circa
1449 1155 1656 1235 nominum
1681 1151 1904 1262 originem,

466 1272 605 1380 parlim
631 1266 680 1351 ad
698 1273 821 1350 artem
845 1267 1014 1350 confert.
1041 1269 1142 1352 Satis
1165 1269 1210 1350 sn
1226 1269 1348 1352 srville
1373 1270 1552 1350 omnium
1577 1268 1782 1349 ausiorum
1809 1289 1905 1345 con-

465 1379 579 1476 sensu
615 1407 684 1493 per
715 1383 881 1464 achotes
916 1381 1102 1464 &savos
1136 1377 1305 1494 intelligi
1344 1383 1538 1465 manantia
1564 1405 1683 1488 atque
1708 1377 1905 1460 chronica

464 1495 605 1608 capitis
627 1492 782 1600 ulcera,
809 1492 907 1606 sape
930 1493 1010 1578 srne
1032 1495 1101 1576 insr
1131 1495 1171 1575 ni
1189 1521 1369 1599 tumore,
1400 1491 1611 1604 aliquandi)
1636 1517 1728 1574 cute
1752 1491 1904 1572 tannim

465 1634 536 1722 per
558 1635 664 1691 areas
685 1605 893 1691 tumefalli
904 1669 918 1713 ,
941 1635 1023 1717 qua
1042 1525 1167 1721 vufgb
1185 1607 1354 1692 odorem
1376 1603 1578 1690 acidulum
1601 1605 1903 1706 fermentatum,

371 1797 374 1805 r
464 1747 536 1804 aut
561 1719 792 1805 rancescens
823 1728 865 1804 bt
893 1717 1047 1804 olidum
1077 1720 1275 1827 fundunt,
1307 1722 1386 1805 stne
1417 1722 1556 1833 insigni
1584 1717 1753 1802 sanitatis
1783 1713 1903 1800 detri-

464 1859 618 1918 mento.
652 1831 788 1915 Plures
848 1860 890 1916 er
920 1863 1042 1917 annos
1073 1836 1265 1947 perstant,
1299 1832 1509 1946 aliquandi)
1541 1863 1635 1916 cum
1664 1827 1902 1944 capillorum

465 1945 672 2049 defluvio,
700 1863 896 2028 interdbm
925 1945 1077 2059 capillis
1105 1946 1423 2053 remanentibus,
1450 1945 1518 2030 sed
1543 1945 1692 2060 semper
1722 1972 1818 2026 cum
1844 1943 1902 2024 in·

464 2061 576 2172 genti
598 2059 736 2170 capitis
762 2057 1095 2164 dehonestatione.
1125 2060 1390 2174 Depuratoria
1414 2086 1545 2144 autem
1566 2059 1748 2142 ellehaec
1769 2053 1902 2139 ulcera

466 2179 509 2257 δε
523 2173 623 2256 ratio
644 2179 685 2255 br
698 2174 939 2285 experientia
952 2172 1137 2273 suadent3
1156 2201 1230 2256 nec
1250 2175 1330 2259 sme
1349 2203 1495 2286 magno
1519 2173 1699 2286 corporis
1720 2165 1897 2285 periculo

446 2282 605 2398 ·-repelii
629 2284 736 2395 posse
759 2313 899 2369 monet
918 2283 1171 2392 Alexander,
1190 2284 1287 2370 licet
1304 2288 1441 2372 Aetius
1458 2287 1518 2391 (b)
1540 2286 1685 2394 aliique
1701 2279 1898 2398 plerique,

466 2425 542 2482 nec
565 2423 736 2513 excepto
757 2396 879 2482 Celso
902 2404 992 2506 (c),
1016 2399 1066 2482 ad
1082 2397 1215 2484 savum
1236 2398 1564 2512 adstringentia&
1581 2399 1699 2483 sortia
1713 2395 1900 2482 detersrva

464 2508 568 2594 male
590 2519 631 2594 bc
653 2510 875 2596 inconsulte
896 2511 1091 2598 suadeant.

523 2621 682 2710 Malum
719 2623 820 2710 illud
852 2623 981 2710 multb
1020 2623 1106 2740 plus
1139 2625 1307 2712 infantes
1338 2623 1456 2738 quam
1491 2624 1590 2710 alios
1624 2625 1898 2734 quoscumque

464 2737 642 2845 invadit,
670 2746 711 2822 δι
733 2738 782 2820 ad
804 2738 1065 2824 dentitionem
1093 2743 1273 2853 erumpit.
1301 2739 1400 2824 Non
1429 2737 1587 2844 secure,
1616 2743 1687 2824 nisr
1714 2741 1803 2854 post
1822 2738 1897 2851 pri·

464 2878 580 2952 mum
605 2848 851 2964 septennium
878 2851 1058 2936 sanantur
1084 2857 1225 2967 pueri,
1257 2860 1349 2937 cnm
1380 2855 1532 2952 innerae,
1551 2850 1729 2963 alioquin
1757 2877 1895 2936 caeterae

467 2963 691 3048 sunniones
714 2966 905 3078 perstent,
929 2965 1100 3049 sednon
1120 2968 1209 3050 rarb
1235 2969 1373 3052 vicina
1399 2963 1593 3079 glandula
1616 2966 1898 3051 tumesaliione

328 3178 329 3182 Ν
467 3075 579 3160 foede
600 3076 833 3188 affligantur.
864 3075 979 3161 Unde
1009 3091 1100 3161 cum
1125 3078 1271 3163 malum
1297 3078 1397 3162 illud
1422 3107 1516 3162 cum
1540 3077 1624 3162 aliis
1648 3077 1898 3190 quibuscum·

462 3214 545 3299 que
568 3184 717 3272 morbis
740 3184 853 3294 hujus
881 3193 998 3273 atatis
1025 3195 1202 3277 cutaneis
1226 3183 1428 3277 coiricidat
1456 3190 1506 3276 de
1532 3185 1673 3303 quibus
1702 3192 1900 3306 agendum

466 3302 563 3410 erit,
581 3308 623 3386 bt
640 3299 768 3386 forma
782 3305 914 3414 potiris
932 3299 1050 3412 quim
1068 3304 1202 3390 naturd
1218 3304 1349 3391 morbi
1366 3304 1428 3389 illi
1444 3304 1647 3412 differant,
1669 3333 1800 3422 opera
1819 3333 1901 3422 pre-

464 3419 566 3500 tium
583 3417 658 3498 erit
672 3412 873 3528 paululltm
888 3419 1158 3501 constitutioni
1172 3423 1353 3534 corporis
1365 3418 1551 3504 infantilis
1569 3421 1735 3532 insistere
1744 3479 1759 3528 ,
1782 3449 1899 3532 quan·

452 3556 586 3642 ..quam
604 3555 688 3612 rem
706 3526 845 3612 seduli)
864 3526 941 3635 jam
966 3527 1058 3613 alibi
1080 3535 1335 3647 attigerimus.

523 3638 732 3726 Madidum
758 3641 934 3752 undique
959 3651 1001 3729 ὅ(
1028 3643 1210 3732 diffluens
1235 3678 1307 3731 cor
1335 3679 1380 3732 us
1405 3643 1584 3732 infantile
1606 3647 1647 3729 in
1671 3675 1822 3760 magno
1845 3641 1899 3730 sui

465 3757 648 3870 corporis
669 3755 917 3841 incremento
940 3760 1193 3843 constiturunr'
1205 3769 1283 3869 ,bt
1304 3677 1409 3845 belle
1424 3759 1601 3846 comedit
1617 3765 1659 3844 bt
1678 3762 1901 3871 concoquit

467 3865 673 3953 celerrime
689 3865 841 3977 oblata,
860 3869 985 3953 modb
1000 3896 1132 3955 tamen
1146 3873 1215 3958 illa
1228 3873 1375 3960 viribus
1391 3877 1570 3990 corporis
1587 3871 1676 3988 apte
1692 3879 1735 3957 bc
1754 3873 1901 3990 sapien-

424 4003 527 4070 ·ter
552 3981 697 4065 fuerint
720 3980 1043 4096 proportionalia.
1075 3984 1262 4072 Exundat
1289 3988 1550 4098 undequaque
1582 3983 1728 4069 inillis
1755 3989 1903 4072 humor

468 4089 758 4205 lymphaticus,
780 4103 821 4180 br
844 4094 1059 4210 glandulae,
1082 4099 1331 4215 receptacula
1355 4130 1476 4184 muco
1503 4100 1653 4184 scatent
1673 4097 1902 4212 glutinosa,

467 4205 522 4286 ita
537 4230 581 4286 ut
594 4209 803 4318 proportio
818 4206 957 4319 liquidi
973 4209 1021 4293 ad
1033 4209 1203 4296 solidum
1217 4210 1346 4312 multo
1359 4213 1484 4322 major
1495 4215 1540 4296 srr
1553 4207 1671 4322 quim
1686 4215 1727 4294 in
1742 4211 1904 4298 adultis.

521 4313 621 4398 Non
637 4316 753 4431 copiis
770 4318 919 4430 solirm,
939 4322 1007 4407 sed
1029 4331 1072 4408 bc
1091 4325 1250 4412 dotibus
1265 4328 1451 4414 differunt
1462 4331 1564 4410 inter
1575 4325 1614 4409 se
1626 4326 1816 4412 humores
1828 4323 1906 4410 illi.

464 4409 614 4514 Mucus
638 4429 799 4515 crudior
821 4439 885 4542 or,
911 4462 957 4518 ut
981 4438 1024 4520 in
1049 4434 1270 4544 junioribus
1296 4440 1547 4547 animalibus,
1567 4437 1616 4523 ad
1636 4436 1799 4524 acidum
1822 4465 1908 4522 rna·-

421 4591 431 4610 ⁶
502 4637 566 4710 (a)
589 4631 745 4730 Alexaqder
760 4639 895 4708 Trallian.
912 4645 957 4706 lib.
978 4666 1029 4718 ro,
1048 4669 1108 4732 cap.
1121 4655 1151 4713 8.

500 4725 515 4789 (
523 4715 559 4791 b)
585 4713 739 4777 Tetrabrbl.
757 4721 846 4784 Serm.
867 4745 902 4801 4,
913 4733 982 4808 cap.
1002 4749 1050 4794 η.

502 4803 558 4880 (a)
580 4793 641 4858 Lib.
661 4813 695 4874 5,
713 4817 775 4882 cap.
795 4811 839 4866 rt.
