4246 5900
476 527 480 536 ,
587 428 1313 524 INTRODUCTIO.

444 613 1447 773 aurrcunusau1mus

593 931 661 1058 De
675 929 910 1048 scandalunt
935 933 973 1018 st
998 927 1142 1046 arigim
1174 931 1296 1020 Cous.
1335 997 1338 1004 ,

286 1178 372 1266 Ubi
399 1181 576 1295 primum
600 1179 699 1264 intra
725 1179 824 1264 uteri
853 1177 1020 1265 materni
1044 1178 1211 1296 parietes
1239 1179 1318 1287 jam
1340 1179 1514 1292 aliquam
1535 1174 1671 1262 litturae

224 1295 443 1408 compagis
464 1292 631 1374 sormam
653 1291 734 1378 edit
756 1289 935 1378 infantile
956 1323 1101 1408 corpus
1111 1353 1126 1400 ,
1151 1298 1400 1407 partiumque
1419 1289 1672 1378 adumbratur

225 1407 408 1518 effigies,
429 1407 515 1518 post
535 1409 700 1518 primam
722 1404 834 1492 illam
858 1409 1087 1522 organicam
1108 1406 1269 1517 quidem
1291 1406 1528 1522 gelatinam,
1546 1431 1675 1490 mem·

224 1516 352 1602 brania
384 1520 492 1600 tenui
524 1545 651 1633 partes
674 1517 921 1606 delineantur
943 1528 985 1606 bt
1008 1525 1265 1610 terminantur
1289 1524 1357 1605 vix
1381 1518 1559 1606 sensium
1583 1549 1675 1604 acu·

222 1631 299 1715 tiei
328 1629 659 1742 deprehendendi
684 1664 698 1732 ;
725 1631 823 1720 haec‘
837 1635 939 1720 cutis
968 1636 1021 1719 est
1033 1694 1048 1743 ,
1078 1634 1162 1720 citb
1193 1641 1236 1718 br
1266 1633 1473 1717 crassitiem
1503 1629 1676 1742 aliquam

227 1749 273 1827 br
307 1744 548 1856 opacitatem
574 1745 805 1860 adipiscens.
837 1746 958 1830 Prom
988 1772 1028 1834 ta
1056 1743 1335 1833 membranula
1367 1743 1472 1830 illius
1505 1748 1675 1828 mutatio

132 1955 137 1966 Ι
198 1855 321 1940 satis
353 1857 487 1970 apertd
521 1856 665 1974 probat
696 1861 801 1946 hanc
830 1889 913 1944 non
946 1777 1059 1946 dille
1085 1861 1155 1946 sun
1184 1857 1304 1946 licem
1331 1890 1345 1960 3
1375 1862 1541 1993 primam
1569 1860 1678 1942 enim

228 1965 546 2082 pelluciditatem
572 1974 755 2059 amittens
779 1971 1060 2084 fit'subrubra,
1083 1982 1125 2060 dr
1145 1891 1259 2060 simul
1279 1970 1463 2059 tenurbus
1486 1971 1582 2056 vasrs
1609 1993 1677 2056 aut

228 2078 336 2172 villis
364 2079 629 2170 albicantibus
656 2085 861 2174 horridula
889 2113 1060 2202 apparet.
1092 2088 1243 2174 Veritm
1273 2087 1522 2198 quantumvis
1552 2081 1679 2178 Gale·

231 2223 306 2278 nus
336 2223 551 2282 nervorum
581 2201 735 2288 tunicas
767 2202 876 2287 circa
902 2201 986 2288 suas
1019 2203 1285 2289 extremitates
1318 2197 1533 2316 expansas,
1616 2227 1679 2282 m-

231 2305 446 2422 plexasque
477 2309 593 2398 fimul
629 2337 747 2424 atque
784 2313 1073 2432 complicatas,
1103 2343 1176 2430 pro
1215 2317 1316 2400 cutis
1354 2315 1508 2426 origine
1622 2313 1680 2398 eri

234 2419 435 2530 voluerit,
472 2423 752 2539 srmpliciorem
787 2425 869 2534 ejus
910 2428 1041 2514 ideam
1079 2427 1327 2513 assumemus.
1368 2425 1537 2530 Videtur
1571 2429 1680 2508 enim

240 2529 390 2618 nullum
417 2533 527 2620 aliud
552 2536 854 2624 fundamentum
880 2541 1094 2626 formanda
1120 2566 1239 2651 atque
1267 2536 1569 2653 compingendae
1597 2540 1680 2622 cuti

237 2643 314 2740 esse
338 2647 621 2756 quarendum,
644 2677 780 2761 prater
807 2681 1065 2736 communem
1088 2651 1226 2758 illam,
1254 2659 1297 2734 δι
1319 2655 1397 2736 toti
1418 2649 1681 2736 universalem

234 2762 400 2876 corpori
427 2758 700 2848 membranam
730 2758 973 2845 cellularcm.
1003 2764 1053 2845 In
1078 2759 1188 2844 illam
1214 2765 1336 2865 verb,
1365 2789 1484 2869 quam
1539 2764 1682 2846 artium

234 2870 319 2955 sere
362 2877 543 2958 omnium
585 2870 770 2958 mollium
810 2870 931 2958 bastm
969 2902 1063 2958 cum
1104 2869 1392 2956 recentioribus
1433 2877 1491 2956 br
1556 2869 1681 2960 allero

237 2986 462 3098 imprimis,
492 2985 719 3094 credimus,
748 3011 793 3072 ut
821 3015 961 3073 omnes
989 2988 1168 3101 corporis
1195 3012 1322 3102 partes
1348 3012 1399 3069 ex
1425 2981 1492 3070 sui
1522 2985 1682 3076 ellantii

239 3099 533 3206 circumvestit,
566 3126 618 3184 ex
645 3101 702 3184 rei
729 3100 955 3185 neceffitate
984 3099 1163 3184 desinunt
1190 3101 1326 3182 omnia
1355 3102 1535 3212 corporis
1562 3100 1681 3208 vasa,

235 3217 279 3298 bt
313 3209 363 3294 ab
403 3208 473 3294 illi
503 3216 633 3296 rursits
659 3211 843 3297 vasorum
872 3239 1001 3300 novus
1030 3213 1133 3298 ordo
1162 3214 1314 3328 incipit.
1345 3212 1394 3296 ln
1421 3239 1508 3294 cam
1539 3218 1683 3326 pariter

236 3323 418 3408 desinunt
440 3326 582 3432 etiam,
610 3329 932 3440 &proprietates
958 3327 1042 3412 suas
1071 3325 1278 3440 deponunt
1305 3321 1444 3407 ultima
1467 3351 1683 3412 nervorum

235 3439 428 3538 stamina;
456 3465 598 3521 eorum
620 3441 762 3522 tunicae
817 3437 1108 3545 rotenduntur‚
1138 3413 1179 3522 dr
1208 3439 1249 3520 in
1276 3433 1381 3520 illitis
1412 3466 1557 3552 corpus
1586 3467 1685 3522 con·

235 3550 458 3634 ficiendum
493 3577 750 3638 concurrunt.
789 3469 895 3638 lnde
929 3551 1132 3639 evidenter
1165 3579 1187 3636 a
1216 3573 1325 3666 paret
1354 3547 1597 3664 singularem,
1615 3552 1685 3640 hlc

237 3667 411 3777 partium
443 3667 626 3754 omnium
660 3666 1001 3758 minutissimarum
1034 3580 1274 3754 concursum
1308 3663 1393 3747 fieri
1406 3723 1421 3768 ,
1458 3659 1480 3744 l
1518 3693 1685 3773 quarum

238 3773 448 3862 universali
474 3774 729 3890 dispositione
741 3839 756 3884 ,
783 3776 985 3892 generales
1008 3779 1110 3861 cutis
1134 3779 1393 3892 proprietates
1413 3777 1617 3883 oriuntur,
1640 3783 1692 3866 ut'

236 3888 261 3974 l
288 3888 472 4004 srngulari
498 3891 695 3976 variarum
721 3892 912 3980 harumce
938 3893 1107 4006 partium
1133 3889 1301 3997 ordine,
1329 3885 1539 4000 singulares
1564 3893 1686 3977 etiam

237 4004 284 4090 in
313 4001 470 4113 quique
497 4005 599 4090 cutis
629 4029 738 4118 parte
767 4003 975 4096 facultates
1005 4007 1201 4119 organice
1235 4003 1437 4116 accipiunt
1473 4002 1684 4115 originem.

238 4114 378 4199 Partes
396 4141 528 4200 autern
543 4146 628 4226 quae
642 4117 764 4232 ipsam
779 4121 904 4203 cutim
920 4121 1162 4204 constituunt
1178 4120 1220 4206 in
1237 4141 1315 4198 tres
1327 4111 1528 4306 precipui
1547 4115 1686 4203 diversi

239 4231 399 4342 generis
423 4227 582 4344 poliunt
604 4229 749 4338 dividi,
772 4259 934 4320 nerveas
958 4227 1141 4335 scilicet,
1163 4223 1326 4313 vasculo
1344 4254 1384 4310 as
1404 4225 1575 4335 serosas,
1601 4261 1686 4320 non

240 4343 360 4425 unius
382 4345 610 4450 tenuitatis,
638 4343 704 4428 sed
726 4342 958 4459 multiplicis
983 4343 1156 4447 ordinis,
1182 4336 1404 4428 vasculosas
1428 4338 1686 4455 sanguineas,

242 4451 390 4562 quibus
414 4454 443 4537 sr
469 4445 633 4548 cellulas
663 4453 786 4556 basam
814 4457 999 4552 omnibus
1028 4449 1241 4568 prebentes
1271 4451 1497 4561 addideris,
1523 4453 1688 4548 habebis

248 4570 370 4650 totius
399 4572 500 4653 cutis
530 4567 663 4654 ideam
691 4573 852 4684 ptorsits
880 4567 1129 4677 adaequatam.

278 4677 404 4772 ,Hac
424 4708 558 4767 autem
582 4687 711 4768 rursirs
738 4686 779 4768 in
805 4709 883 4768 tres
909 4681 1094 4766 dividitur
1120 4703 1248 4798 partes
1275 4679 1450 4798 apprime
1469 4679 1688 4786 distinsias3

255 4816 415 4900 quatum
434 4796 561 4910 prima
580 4799 763 4904 corium,
787 4795 855 4882 seu
876 4797 999 4881 cutim
1020 4795 1180 4911 proprie
1199 4797 1252 4882 sac
1275 4795 1417 4880 dislam
1428 4857 1443 4902 ,
1466 4797 1687 4881 constratu

252 4899 374 5006 altera
387 4905 595 5039 reticulate
609 4909 812 5024 quoddam
828 4939 1021 5028 organum
1036 4912 1120 5012 cuti
1135 4908 1577 5106 superpofituptAterria
1588 4913 1692 5000 verb
