4186 5908
459 449 541 548 rut
899 391 1439 526 DE-MOR-BIS

460 607 504 690 in
525 619 622 718 qua's'
641 599 833 690 decubuit
856 605 1108 688 tenacitatem
1135 607 1178 688 bt
1201 601 1453 717 pervicacem
1475 587 1663 684 indolem»
1680 621 1895 688 mutuamn·

460 717 604 826 Unde,
628 713 697 802 ubi
719 719 761 799 in
784 712 988 831 eryfipelas
1007 717 1192 821 vertitur,
1218 709 1323 798 belle
1339 714 1467 828 agitur
1484 740 1578 798 cum
1593 739 1765 828 corpore
1779 711 1895 826 qood

460 835 613 947 pruritu
635 829 892 936 atrocissimos
920 830 1115 912 cruciatus
1142 823 1266 941 vulgb
1287 825 1456 912 redimit.
1491 825 1661 910 Nonnisi
1683 822 1901 925 debilitatis

460 971 580 1057 atque
606 969 719 1026 tono
757 938 977 1026 carentibus
1011 940 1148 1026 senum
1178 940 1351 1047 naturis,
1372 938 1590 1034 ,conversio
1616 929 1685 1022 illa
1715 939 1894 1048 accidit,

461 1061 587 1169 fitque
606 1053 810 1169 erysipelas
835 1050 1003 1168 longum
1025 1052 1155 1170 perse
1175 1054 1322 1161 vixque
1351 1055 1545 1136 criticum.
1575 1051 1667 1136 Nec
1691 1049 1816 1167 vulgb
1839 1055 1895 1136 ita

460 1175 655 1286 pristinam
676 1167 866 1253 dedidicit
884 1194 1089 1273 naturam,
1112 1169 1208 1278 quin
1229 1167 1271 1248 sti
1299 1190 1385 1249 etur
1404 1161 1611 1249 doloribus
1631 1167 1770 1276 vagis,
1797 1193 1895 1274 ²¹¹⁰?

461 1284 575 1368 malis
586 1347 600 1389 ,
622 1279 910 1388 cruciantibus,
937 1280 987 1365 de
1004 1279 1145 1393 quibus
1161 1306 1242 1365 tam
1264 1195 1380 1362 <lotia
1402 1279 1548 1394 scripsit
1568 1275 1740 1361 summus
1762 1276 1895 1362 obser-

460 1425 575 1482 vator
602 1395 820 1480 Ballonius.
847 1395 925 1478 His
953 1397 1068 1508 signis
1098 1390 1461 1478 concomitantibus
1489 1391 1773 1505 praegreslisque
1801 1393 1895 1505 aegri

461 1511 564 1596 bene
584 1508 875 1623 cognoscendis
888 1505 1090 1594 affeiiibus
1104 1506 1298 1621 diagnosis
1318 1503 1431 1614 liujus
1447 1506 1602 1620 generis
1621 1503 1895 1621 eryfipeiatum

459 1626 715 1710 constituitur.
1961 1655 1962 1660 ¹

517 1737 701 1824 Tertium
727 1735 777 1822 de
823 1766 878 1820 uo
899 1762 1015 1864 agere
1040 1733 1105 1817 hic
1128 1732 1383 1819 necessarium
1397 1735 1451 1817 est
1472 1728 1555 1816 sola
1577 1730 1673 1814 facit
1694 1732 1863 1816 arthriris
1875 1795 1891 1838 ,

459 1851 673 1964 aliquandi)
701 1767 901 1934 saeviiiimo
929 1851 1058 1956 Juniia
1086 1845 1303 1964 eryfipelati
1334 1874 1417 1929 non
1448 1847 1527 1929 sine
1557 1843 1762 1930 oedematis
1789 1843 1895 1930 illisis

460 1966 756 2052 inflammatorii
773 1959 958 2070 misaeli,
985 1959 1197 2072 aliquandi)
1219 1961 1316 2045 verb
1333 1962 1375 2042 in
1394 1957 1610 2072 senioribus
1621 1961 1674 2043 in
1689 1957 1896 2073 erysipelas

460 2077 676 2164 sacescens.
714 2075 911 2187 Quamvis
950 2078 1059 2161 enim
1091 2073 1428 2182 vehementissima
1461 2074 1630 2156 arthrisis
1654 2099 1737 2155 nou
1765 2072 1894 2156 serum

461 2196 614 2275 tantum
641 2216 761 2296 acre,
792 2188 1003 2274 sedetiam
1030 2190 1283 2301 mucaginem
1307 2185 1570 2271 adoriatur&
1599 2210 1779 2301 penetret
1806 2188 1895 2282 inti·

460 2307 593 2409 milis,
626 2299 780 2386 leviori
800 2300 993 2388 arthritidi
1026 2299 1240 2412 aliquando
1274 2298 1461 2384 accidisse
1487 2298 1570 2384 vidi
1599 2325 1649 2382 ut
1678 2294 1762 2405 ejus
1795 2297 1894 2384 loco

460 2416 710 2532 periodicum
730 2419 875 2500 eniteat
892 2412 1120 2531 erysipelas,
1137 2411 1248 2524 quod
1265 2414 1386 2498 etiam
1398 2441 1503 2496 nuno
1524 2415 1734 2524 quotannis
1748 2413 1895 2517 video,

461 2528 629 2644 pulchre
657 2528 792 2613 secum
816 2532 946 2613 auum
974 2525 1222 2612 exclamante
1250 2554 1354 2640 aegro
1376 2558 1388 2627 ;
1409 2523 1505 2610 licet
1529 2526 1663 2629 enim,
1689 2521 1825 2636 saltem
1850 2545 1897 2610 ut
1987 2547 2000 2572 ⁸

461 2645 561 2726 mihi
588 2642 767 2750 videtur,
794 2643 835 2726 in
866 2643 948 2726 hoc
980 2637 1215 2757 erysipelaris
1246 2667 1392 2755 genere
1419 2637 1593 2724 summus
1622 2639 1668 2722 sit
1693 2643 1866 2754 pruritus
1877 2699 1897 2746 ,

460 2755 572 2840 nulla
598 2783 730 2841 tamen
762 2754 992 2840 instituenda
1026 2757 1081 2839 est
1116 2757 1361 2868 comparatio
1397 2753 1499 2836 inter
1532 2753 1616 2836 hoc
1645 2755 1893 2840 incommodi

460 2877 586 2994 'genus
609 2877 651 2954 bt
671 2866 859 2976 dolorum
882 2871 1174 2953 arthriticorum
1192 2869 1496 2951 vehementiam.
1523 2865 1604 2949 Sed
1623 2868 1664 2948 in
1679 2865 1759 2950 hoc
1776 2869 1896 2978 erysi-

459 2982 599 3096 pelatis
619 3009 770 3096 genere
784 2981 957 3066 difficilis
978 2979 1193 3064 admodiim
1210 2979 1273 3064 dia
1302 2980 1403 3062 nnsis
1423 2980 1489 3063 est.
1511 2977 1768 3063 Arthritidem
1786 2983 1898 3066 enini

460 3095 544 3180 vidi
569 3096 687 3178 etiam
716 3092 933 3210 erysipelati
961 3090 1243 3208 supervenisse,
1270 3009 1322 3174 de
1339 3089 1417 3202 qui
1444 3119 1520 3176 nec
1536 3088 1897 3197 anteasomniaiie

425 3193 440 3226 '
460 3208 618 3294 licitum
649 3205 804 3315 fuerat,
834 3207 904 3289 nisi
930 3232 1063 3291 rameri
1094 3209 1244 3289 incerta
1268 3203 1338 3288 illa
1360 3204 1498 3289 futurae
1522 3205 1731 3290 arthritidis
1759 3206 1895 3322 signa,

461 3325 611 3427 riuus,
626 3321 739 3405 flatus
747 3383 761 3427 ,
774 3318 986 3405 ventriculi
997 3323 1255 3403 irritationem
1271 3347 1345 3433 pro
1355 3318 1531 3431 diagnosi
1547 3315 1692 3403 habere
1701 3317 1895 3406 volueris.

521 3435 720 3548 Quartum
751 3432 912 3518 demum
940 3433 990 3516 ad
1027 3433 1326 3547 symptomatica
1362 3428 1588 3545 erysipelati
1625 3423 1896 3518 revocandum

460 3551 528 3635 est.
565 3545 673 3632 Illud
703 3545 850 3661 pendet
879 3544 901 3630 i
934 3543 1051 3630 causi
1079 3542 1270 3630 venenati
1299 3546 1461 3659 corpori
1494 3547 1653 3658 prorsits
1686 3545 1894 3655 extranei,

461 3663 542 3748 five
559 3688 629 3777 per
648 3663 878 3772 contagium
899 3687 946 3743 ea
963 3659 1083 3746 suerit
1103 3655 1423 3770 intrinsecus,
1452 3657 1529 3741 sive
1551 3660 1670 3742 etiam
1694 3686 1767 3774 per
1785 3687 1900 3744 natu-

461 3774 562 3862 r'al‘es
595 3803 680 3886 quae
725 3769 958 3856 humoribus
990 3773 1127 3875 nostris
1162 3769 1311 3855 innasci
1343 3768 1502 3885 possunt
1536 3771 1711 3855 nocendi
1747 3773 1900 3860 formas

459 3889 566 3974 intiis
582 3894 623 3984 &
637 3881 706 3970 sub
720 3883 809 3998 ipsis
825 3883 1037 3970 visceribus
1056 3884 1319 3970 intumescens
1338 3888 1609 3997 ingeneratum
1627 3881 1757 3973 fuerit.
1778 3883 1897 3978 'salu

463 4003 553 4088 sunt
572 4029 724 4086 venena
751 3996 819 4082 illa
842 4001 946 4082 actia
971 3995 1277 4103 morbillorum,
1308 4023 1392 4107 qua
1417 4021 1498 4078 tani
1522 3994 1640 4080 facile
1665 3999 1896 4107 interierit,

463 4115 671 4230 prasertim
697 4113 934 4218 infantium,
969 4135 1089 4217 cute,
1120 4109 1169 4194 ab
1196 4107 1275 4192 alio
1304 4109 1353 4193 ad
1386 4106 1507 4191 alium
1537 4111 1817 4222 traducuntur,
1850 4122 1896 4198 dt

437 4309 440 4317 ,
464 4222 588 4310 semel
606 4229 646 4308 in
667 4225 892 4339 sanguinem
911 4223 1075 4309 immisit
1087 4220 1476 4336 ibimultiplicantur.
1497 4221 1620 4308 Tales
1632 4222 1720 4309 sunt
1732 4227 1898 4312 rii'acuiae

467 4331 542 4418 illa
570 4337 846 4450 erysipelatosae
870 4368 954 4449 quae
984 4341 1026 4423 iii
1048 4337 1334 4424 ferventissimis
1358 4335 1647 4452 tempestatibus
1671 4365 1741 4454 per
1762 4335 1899 4426 sebr'ea

462 4467 698 4558 erumpunt,
729 4453 769 4531 bt
796 4455 936 4564 partim
967 4449 1017 4536 ab
1045 4447 1507 4536 humorumacrimonii
1520 4511 1536 4556 ,
1564 4453 1711 4566 partim
1737 4448 1788 4536 ab
1808 4455 1899 4540 assu

464 4561 791 4665 aquam3truoris
824 4563 1443 4683 exhauriente,·producuiitur;
1479 4566 1573 4648 hine
1603 4568 1709 4650 varia
1732 4570 1899 4653 nomina

467 4665 519 4748 ab
546 4667 652 4751 hisce
680 4671 1004 4788 symptomatibu's
1031 4677 1326 4764 sensatorum
1352 4677 1441 4761 sunt
1454 4737 1470 4784 ,
1495 4699 1542 4760 ut
1564 4680 1667 4792 ignit
1694 4680 1899 4792 persicus,

465 4777 587 4864 febris
619 4809 825 4892 purpurata
855 4791 1098 4901 hungarica,
1119 4793 1183 4877 de
1211 4791 1352 4902 quibus
1375 4786 1628 4874 consulantur
1654 4791 1898 4904 Sennertus,

461 4889 741 4982 Balineum&
749 4957 764 5003 ,
786 4895 931 5014 aliique
940 4899 1148 5019 presertim
1166 4924 1299 4994 rerum
1312 4902 1898 4998 Germairicaruiamedicarurn
