4226 5916
493 431 581 536 406
947 415 1477 506 DEMORBIS

421 591 423 596 ’
500 594 542 672 in
564 583 706 699 quibus
721 591 762 670 ἃ
782 581 899 668 color
920 581 1086 688 lividus,
1109 591 1150 668 dt
1175 613 1260 696 quoe
1282 578 1573 698 supereminent
1595 577 1773 665 latissime
1797 577 1939 695 phlch

496 729 618 786 toenae
638 726 882 814 gangrenam
906 700 1179 780 imminentem
1192 700 1482 810 praenuntiant,
1506 703 1547 778 bt
1568 697 1687 778 morti
1706 691 1937 809 praeludunt.

554 812 620 898 Ab
641 811 715 894 hale
732 806 990 894 demonstratd
1007 809 1094 892 satis
1112 809 1180 924 per
1200 809 1517 894 observationem
1537 811 1639 921 ignis
1659 807 1758 890 sacri
1782 805 1936 915 uatus,

503 923 650 1041 duplex
681 923 731 1006 ad
760 920 1206 1007 curationem'selicitet
1226 937 1325 1036 'pera'
1355 922 1497 1005 endam
1531 921 1723 1006 indicatlo
1756 920 1938 1006 nascitur.

502 1040 641 1126 Altera
662 1039 768 1122 enim
792 1067 874 1148 qua
897 1037 1064 1120 saevienti
1088 1040 1170 1150 igni
1192 1036 1309 1119 sacro·
1321 953 1486 1118 debetur
1498 1098 1512 1141 ,
1533 1033 1674 1120 eadem
1697 1036 1867 1117 omnino
1887 1037 1939 1118 est

505 1179 622 1264 atque
649 1179 695 1235 ea
715 1181 799 1260 qua
827 1148 1042 1265 erysipelati
1070 1151 1271 1234 convenit.
1304 1149 1369 1232 Ad
1396 1147 1494 1231 illud
1512 1177 1601 1232 non
1626 1147 1713 1232 satis
1737 1145 1939 1230 attendisse

360 1321 369 1333 ·
491 1265 686 1350 ¹videntur
707 1290 859 1348 veteres
884 1267 983 1374 quii
1014 1264 1276 1366 nemsacrum
1298 1289 1379 1344 non
1402 1261 1527 1344 solitrn
1550 1260 1754 1376 applicatis
1776 1260 1939 1374 refrige÷

503 1371 706 1483 rantibus,
727 1377 862 1462 sed-bt
886 1295 1166 1491 repellentibus
1188 1380 1305 1461 etiam
1331 1375 1475 1458 adoriri
1526 1372 1762 1460 raescribunr.
1792 1371 1940 1488 Repel-

504 1487 627 1580 lentia
655 1495 761 1574 enim
794 1487 891 1596 illa,
921 1489 1051 1600 qualia
1087 1489 1191 1604 apud
1222 1487 1385 1572 Celsum
1417 1497 1459 1572 δι
1490 1405 1662 1571 slinium
1695 1488 1938 1599 reperiuntur

506 1604 812 1708 commendata,
842 1595 955 1685 nullo
981 1629 1160 1716 tempore
1182 1600 1312 1685 morbi
1338 1604 1554 1687 convenite
1577 1596 1747 1714 possunt.
1916 1591 1919 1606 ¹

563 1717 724 1799 Etenim
751 1719 791 1800 vi
820 1741 911 1800 ente
943 1744 965 1800 e
1013 1715 1219 1830 stpelatoso
1255 1714 1414 1819 furore,
1445 1713 1534 1798 vasa
1565 1715 1870 1826 stringerentur,
1901 1717 1941 1796 dt

507 1829 737 1920 erethismus
770 1748 871 1910 ultrd
902 1747 1069 1914 modum
1093 1831 1316 1940 concitatus
1352 1845 1597 1942 gangrenam
1625 1827 1834 1910 arcesseret
1858 1852 1941 1910 cer-

507 1943 715 2045 tissrmam,
737 1966 803 2023 aut
824 1939 960 2026 saltem
981 1941 1074 2025 mali
1093 1941 1442 2054 ingravescentiam
1460 1939 1744 2024 acerbissrmam
1757 1939 1840 2023 stne
1860 1936 1941 2022 ullo

506 2055 649 2139 fructu.
682 2057 736 2136 At
760 2051 828 2135 ubi
852 2050 929 2158 jam
952 2053 1147 2140 deferbuit
1167 2054 1336 2161 malum,
1360 2061 1403 2138 δε
1428 2057 1562 2136 omnia
1587 2054 1636 2137 ad
1658 2051 1941 2140 resolutionem

508 2165 697 2278 tendunt,
713 2169 844 2280 petita
863 2164 885 2249 a
912 2164 1099 2251 srmilibus
1125 2167 1421 2252 medicamentis
1443 2165 1586 2250 auxilia
1604 2166 1844 2282 supervacua
1860 2163 1941 2248 sunt

391 2353 395 2358 .
510 2267 686 2383 morbb,
709 2279 829 2360 causa
852 2306 982 2363 autent
1000 2306 1173 2380 nocent,
1196 2276 1305 2386 cujus
1320 2277 1467 2364 subitus
1482 2283 1581 2362 intra
1602 2279 1797 2392 sanguinis
1811 2305 1941 2364 mean·

511 2392 604 2475 dros
625 2393 859 2476 tetrofluxus
870 2453 883 2498 ,
902 2419 968 2476 aut
983 2392 1191 2508 pulmones
1210 2397 1403 2508 apertius,
1424 2417 1490 2476 aut
1506 2391 1580 2475 alia
1597 2391 1747 2475 viscera
1762 2389 1941 2478 latentius

479 2509 701 2619 ·'impetere
755 2507 852 2588 otest
883 2512 924 2588 dt
954 2505 1111 2588 adoriri.
1145 2507 1237 2590 Nec
1267 2504 1498 2591 melioribus
1526 2504 1704 2620 auspiciis
1736 2501 1943 2617 antequim

510 2617 667 2702 malum
687 2535 751 2734 ars
764 2645 897 2702 cutem
925 2617 1098 2702 delatum
1126 2619 1267 2727 fuerit,
1297 2627 1387 2703 cum
1420 2619 1681 2734 symptomata
1707 2621 1942 2724 imminent,

510 2732 618 2818 idem
640 2729 1021 2816 medicamentorum
1046 2761 1169 2846 genus
1191 2731 1468 2837 adhiberetur,
1502 2741 1594 2816 cum
1617 2731 1725 2816 certe
1750 2733 1944 2817 temerarii

512 2847 558 2940 stt
578 2871 696 2953 atque
713 2844 970 2959 imprudentis
992 2845 1181 2929 adversari
1202 2873 1364 2952 naturae,
1385 2848 1469 2929 imb
1489 2841 1598 2928 illam
1618 2844 1809 2933 edomare
1828 2875 1943 2930 vanus

512 2959 559 3040 stt
583 2983 777 3055 conatus;
801 2957 905 3040 unde
926 2961 967 3040 in
987 2956 1080 3043 alias
1103 2986 1230 3072 partes
1246 2963 1333 3044 vitae
1354 2957 1524 3042 maxime
1570 2957 1732 3043 retiosas
1755 2957 1943 3044 desaeviat.

513 3069 667 3177 Quoad
686 3068 848 3152 succum
864 3071 1023 3152 mandra
1055 3101 1130 3154 orae
1147 3099 1266 3182 quem
1284 3070 1504 3186 nimioperd
1519 2989 1668 3155 Plinius
1685 3068 1845 3178 laudat,
1866 3099 1944 3154 non

509 3183 664 3265 inficias
695 3183 834 3264 iverim
865 3181 974 3294 posse
1008 3103 1121 3266 ifium
1154 3185 1231 3270 esse
1265 3183 1428 3290 alicujus
1459 3184 1618 3298 praesrdii
1634 3246 1648 3289 ,
1684 3191 1779 3267 cinn
1804 3189 1945 3268 virtute

512 3293 722 3410 prasertim
743 3292 995 3406 refrigerante
1011 3294 1214 3403 laudetur,
1232 3300 1299 3383 sed
1314 3303 1468 3413 stupore
1490 3297 1602 3379 srmul
1621 3296 1786 3382 induero
1808 3323 1945 3380 natura

513 3405 688 3492 efficacis
705 3433 869 3492 conatus
890 3405 938 3489 ab
953 3406 1066 3516 hujus
1082 3409 1152 3494 usu
1169 3409 1458 3527 supprimuntur
1464 3472 1479 3517 ,
1500 3410 1609 3521 quod
1630 3437 1776 3524 anceps
1792 3417 1836 3498 dt
1851 3413 1946 3525 peri·

514 3518 659 3612 culosae
680 3523 732 3604 est
747 3519 907 3635 plenum
929 3520 1031 3605 alea.

556 3633 706 3719 Verum
723 3641 812 3717 cbm
829 3638 869 3716 in
883 3637 976 3747 igne
990 3634 1100 3720 sacro
1113 3699 1127 3742 ,
1142 3640 1201 3720 uti
1214 3633 1290 3742 jam
1305 3635 1473 3744 dietum,
1489 3637 1570 3720 duo
1583 3638 1653 3719 srnt
1665 3635 1947 3751 distinguenda,

517 3755 559 3834 bt
576 3747 804 3863 erysipelas,
829 3753 870 3830 ὃ(
889 3748 1125 3862 erystpelatis
1150 3749 1284 3856 causa,
1312 3749 1457 3866 duplex
1477 3755 1620 3864 pariter
1642 3753 1799 3834 curatio
1821 3750 1947 3838 dillin-

516 3860 685 3980 guenda.
1858 3899 1863 3904 ·

573 3975 733 4060 Etenim
760 3977 852 4059 cum
873 3972 1023 4058 summe
1049 3975 1152 4060 savit
1174 3976 1305 4061 morbi
1328 3973 1540 4082 violentia,
1562 3975 1723 4060 evidens
1747 3973 1802 4060 est
1821 3971 1952 4056 omnia

517 4086 565 4170 ad
593 4091 945 4172 inflammationem
964 4087 1172 4192 sanandam
1192 4090 1457 4173 conducentia
1482 4089 1561 4174 esse
1586 4091 1650 4172 bic
1676 4085 1950 4189 admovenda,

475 4223 479 4232 '
500 4196 722 4288 'laxandam
737 4203 814 4286 esse
827 4201 1009 4285 vasorum
1025 4203 1240 4286 tensionem
1250 4264 1263 4306 ,
1283 4209 1324 4284 dt
1341 4199 1459 4286 fluida
1476 4205 1586 4284 omni
1604 4230 1681 4316 ope
1695 4227 1814 4312 atque
1835 4196 1955 4312 operi

517 4310 791 4398 demulcenda.
811 4315 911 4424 Quo
925 4314 1043 4398 titulo
1057 4313 1140 4421 jure
1156 4313 1244 4397 ante
1257 4311 1332 4396 alia
1346 4316 1675 4400 commendantur
1686 4341 1794 4398 vena
1809 4315 1952 4416 sessio,

516 4425 702 4536 potiones
721 4427 869 4509 assrduae
885 4426 1078 4513 diluentes
1097 4455 1146 4512 ex
1170 4427 1256 4511 sero
1279 4424 1387 4511 laslis
1413 4427 1657 4532 clarificato,
1674 4421 1836 4532 jusculis
1857 4421 1958 4541 pulli

515 4529 758 4733 gallinacei,
786 4538 960 4623 decottis
990 4543 1232 4654 gramineis,
1264 4547 1343 4626 dte.
1372 4545 1540 4624 exteriirs
1565 4543 1663 4626 verb
1695 4537 1957 4624 solummodo

534 4653 844 4747 ocuminveuire
855 4653 1011 4766 possunt
1023 4657 1287 4767 refrigerantia
1296 4653 1586 4761 ,demulcentis
1595 4653 1788 4759 ,decosla
1799 4651 1958 4756 althea,

516 4760 674 4851 seminis
695 4759 763 4843 lini
773 4825 786 4868 ,
814 4765 927 4848 succi·
941 4765 1179 4878 portulacae,
1198 4767 1357 4851 laslucae
1373 4766 1596 4852 &aliorum
1618 4765 1831 4874 srmilium,
1849 4793 1963 4877 aqutt

515 4871 775 4965 stillatitiaerex
785 4875 975 4990 spermate
991 4900 1191 4990 ranarum,
1205 4895 1254 4966 ex
1266 4879 1429 4966 floribus
1444 4879 1642 4992 sambuci,
1659 4906 1768 4994 aqua
1783 4883 1960 4984 nitratae,
