4292 5904
691 427 1227 536 tumanars‘
1585 459 1671 572 aa,

234 639 280 704 ut
304 603 407 730 apud
428 615 611 720 veteres,
638 612 692 696 ira
713 619 754 696 bt
777 612 880 727 apud
903 581 1143 698 recentiotbs
1158 605 1286 695 herba
1303 605 1405 723 illa,
1432 611 1519 704 'tum
1544 625 1671 736 aqui,

173 725 178 736 ’
234 735 318 817 tiam
340 733 434 814 vino
458 727 653 831 decoblae,
676 725 932 831 suadeantur,
956 724 1129 840 generali
1148 727 1262 809 nimis
1279 729 1444 814 confilio
1456 797 1469 838 ,
1496 743 1536 817 bt
1558 741 1669 847 quod

233 842 285 926 ad
308 869 447 927 omnes
470 840 580 925 casus
602 838 710 950 aque
731 869 813 922 non
834 841 1056 956 pertineat3
1083 841 1110 921 fi
1136 837 1296 950 quidem
1318 869 1410 926 vera
1436 850 1529 957 eryss
1560 849 1671 936 elatis

234 957 390 1038 curatio
411 957 477 1037 hic
497 951 765 1062 subsequenda
781 953 844 1036 est.
863 949 1030 1036 Cautela
1046 979 1179 1036 tamen
1197 951 1327 1063 aliqua
1348 881 1568 1046 adhibenda
1590 967 1643 1047 est
1653 1026 1669 1072 ‚

235 1073 329 1154 clam
343 1067 452 1152 nulla
465 1072 531 1150 hle
545 1068 724 1182 materies
737 1063 878 1170 sublit,
895 1065 1129 1149 &vasorum
1139 1091 1257 1150 tonus
1272 1067 1454 1153 infraetus
1466 1069 1554 1186 plus
1568 1082 1678 1161 toni·

236 1183 458 1266 cae-virtutis
475 1178 670 1293 postulet,
694 1176 852 1288 qubmsr
893 1175 1087 1263 ericulum
1102 1177 1400 1295 retropellendae
1416 1181 1584 1268 inateriae
1600 1187 1672 1272 ali·

153 1353 156 1364 ·
235 1293 346 1404 quod
371 1292 542 1392 adellet3
560 1290 665 1375 unde
686 1291 789 1406 apud
802 1207 1003 1397 audores,
1018 1292 1225 1405 praesertim
1243 1319 1414 1401 veteres,
1435 1297 1674 1411 adstringen-

233 1410 289 1490 tia
300 1409 461 1522 styptica
473 1407 615 1516 quaevis
631 1402 981 1512 commendantur,
1000 1407 1084 1487 imb
1096 1411 1138 1488 bt
1151 1403 1335 1514 alumen,
1356 1415 1673 1496 &atramentum

234 1521 459 1625 sutorium,
484 1515 623 1632 galle,
645 1519 764 1601 flores
788 1518 950 1631 punici,
974 1519 1065 1601 thus
1087 1524 1129 1601 br
1144 1515 1219 1600 alia
1232 1516 1476 1627 hujusmodi,
1501 1551 1672 1633 quorum

234 1632 396 1744 quidem
422 1635 626 1716 audurum
649 1633 869 1714 aublotitari
891 1628 1139 1743 adstipulatur
1165 1630 1328 1716 Marcus
1347 1633 1531 1718 Aurelius
1557 1637 1674 1721 Seve

217 1753 353 1829 rinus.
374 1745 464 1870 Ego
480 1746 577 1828 verb
598 1747 689 1828 cbm
712 1740 849 1828 tonici
865 1741 1074 1858 prasertim
1090 1745 1235 1828 virtute
1254 1769 1372 1854 atque
1394 1751 1674 1862 constringenti

233 1883 354 1972 agant
371 1856 643 1962 hujuscemodi
665 1857 861 1961 remedia,
877 1858 1008 1970 potius
1032 1883 1079 1939 ea
1097 1858 1199 1940 inter
1223 1857 1517 1971 prophylaitica
1538 1889 1674 1946 nume·

233 1975 313 2058 rari
328 1970 449 2055 velim
460 2031 474 2075 ‚
490 1997 616 2080 eaque
631 1971 754 2052 cutim
768 1966 991 2080 stringendo
1004 1972 1180 2080 agentia,
1202 1968 1320 2078 quim
1334 1975 1435 2054 inter
1449 1971 1542 2058 vere
1564 2001 1678 2059 cura-

233 2086 316 2167 tiva
335 2082 573 2168 recenseam.
602 2083 647 2166 Si
662 2084 768 2188 enim
790 2083 915 2163 cutim
935 2076 1124 2184 robores,
1146 2105 1233 2160 eam
1256 2077 1546 2193 ”apernionibus
1561 2088 1673 2199 praes-

234 2195 334 2279 tabis
362 2200 581 2278 immunem
611 2197 769 2306 prorsirs
783 2252 798 2296 ,
830 2219 913 2300 quo
937 2188 1056 2274 titulo
1081 2189 1288 2302 prasertim
1317 2193 1406 2276 anre
1436 2194 1510 2278 alia
1538 2201 1674 2283 omnia

137 2323 139 2330 ⁴
233 2307 408 2390 remedia
425 2303 548 2390 velim
565 2323 658 2387 cum
679 2303 799 2386 Laut.
823 2303 1005 2384 Heistero
1022 2299 1183 2408 aliisque
1201 2303 1486 2390 recentioribus
1506 2309 1675 2418 protolli

233 2420 317 2502 vini
341 2417 517 2528 spiritum
540 2411 719 2522 quotidie
743 2411 825 2492 cuti
855 2409 1092 2515 admotum,
1119 2407 1186 2494 vel
1216 2411 1457 2526 simplicem,
1486 2419 1513 2500 ss
1539 2419 1673 2508 nullus

219 2529 331 2614 'adsit
354 2527 519 2642 perni0,
545 2520 612 2608 vel
640 2521 740 2633 aquai
761 2519 956 2628 dilutum,
982 2519 1102 2628 srjam
1126 2522 1307 2608 adfuerit.
1352 2525 1477 2634 Cujus
1502 2533 1586 2616 haec
1610 2537 1673 2618 vis

233 2643 288 2730 est
310 2665 355 2725 ut
381 2633 649 2752 refrigerando
675 2635 924 2720 &ardorem
947 2635 1193 2719 moderando
1218 2636 1330 2720 simul
1358 2643 1482 2725 cutim
1507 2643 1679 2734 roboret

232 2751 392 2841 eximie.

234 2887 239 2900 ·
288 2867 388 2952 Hbc
403 2867 523 2952 eriam
533 2925 548 2972 ,
565 2857 806 2975 experientia
824 2861 940 2966 telle,
962 2864 1115 2973 hyemis
1139 2855 1326 2948 saevientis
1341 2887 1522 2982 tempore
1541 2871 1678 2956 rustici.

231 2983 368 3067 nivem
390 2977 604 3084 adhibent,
624 2971 782 3088 spiculis
828 2972 1031 3059 lacialibus
1054 2973 1268 3060 educendis
1290 3002 1443 3090 aptam,
1471 2987 1512 3064 br
1535 2985 1673 3068 eximii

231 3095 326 3179 ustis
337 3153 352 3199 ,
371 3090 441 3174 ubi
459 3087 595 3175 rever‘a
617 3090 756 3203 pernio
777 3005 826 3172 ab
849 3088 929 3170 acri
950 3085 1042 3200 gelu
1061 3087 1218 3202 sumpsit
1237 3089 1460 3174 exordium.
1487 3093 1567 3178 Sed
1588 3124 1671 3182 non
1788 3161 1792 3168 -

233 3204 421 3290 omnibus
438 3203 546 3314 aequb
559 3201 717 3286 confert
734 3199 827 3306 illa,
843 3196 911 3282 ubi
923 3204 1053 3312 potius
1069 3200 1090 3284 b
1105 3203 1203 3285 vitio
1220 3206 1346 3306 cutis,
1363 3201 1514 3313 quami
1531 3205 1676 3292 saevitie

231 3320 393 3433 frigoris
408 3319 618 3430 perniones
635 3318 765 3399 exorti
787 3313 887 3396 sunt.
911 3314 1061 3398 Venim
1083 3314 1167 3398 nim
1189 3313 1238 3398 ad
1262 3315 1699 3429 prophylaxim,ti1m“

230 3434 285 3518 ad
305 3433 550 3534 curationem
570 3428 807 3544 pernionum
824 3453 907 3508 non
926 3422 1266 3531 exulceratum,
1284 3427 1466 3510 remediis
1487 3429 1677 3516 omnibus

233 3549 380 3660 prestat
394 3569 519 3657 partes
534 3541 688 3626 affectas
702 3537 825 3623 morial
841 3538 1031 3642 condire,
1054 3535 1401 3727 eiquepraesenim
1418 3541 1483 3621 cui
1502 3543 1677 3652 putredo

233 3654 384 3766 aliquid
399 3653 515 3737 alcali
526 3653 699 3736 volatilis
715 3648 902 3752 adjunxit.
914 3644 1044 3751 Hujus
1057 3650 1166 3731 vices
1194 3646 1331 3762 upplet
1343 3648 1488 3734 dilutus
1503 3651 1603 3762 aquai
1615 3653 1672 3740 sal

233 3771 520 3853 ammoniacus.
543 3761 611 3848 Sal
627 3759 742 3845 alcali
761 3761 861 3842 fixus
878 3757 900 3841 ὲ
917 3757 1113 3844 cineribus
1127 3758 1307 3868 eduElus,
1326 3769 1366 3846 br
1385 3761 1508 3847 multi
1525 3764 1677 3852 dilutus

234 3879 336 3993 aqua
350 3878 397 3963 ad
410 3875 595 3962 eumdem
610 3872 721 3958 usum
734 3869 1093 3973 adhibetur3fallax
1103 3872 1307 3989 estbrsaepe
1321 3877 1675 3963 inflammationem

233 3998 437 4097 excitans,
455 3990 685 4102 semperque
706 4015 783 4099 prae
801 3981 944 4069 dolote
958 3987 1162 4069 concitato
1181 3987 1385 4070 vitandum
1403 3989 1512 4097 quod
1530 3989 1675 4077 Celsus

232 4106 461 4224 prescripsit
487 4126 532 4186 ut
557 4129 605 4182 oes
633 4098 804 4182 candens
837 4097 1093 4182 admoveatur
1120 4096 1236 4207 quim
1265 4101 1460 4212 proxime.
1491 4102 1529 4183 A
1556 4102 1676 4188 nullo

233 4219 318 4308 alio
332 4218 458 4303 modo
471 4241 553 4300 tam
568 4209 685 4296 facila
698 4237 785 4326 pars
797 4213 927 4295 exusta
945 4213 1059 4294 rimas
1075 4214 1274 4324 concipit,
1290 4214 1413 4323 fitque
1427 4211 1673 4302 exulceratus
1689 4293 1702 4316 ,

266 4361 391 4418 ermo.

234 4365 386 4530 PNec
426 4439 548 4554 longa
584 4438 657 4522 erit
705 4465 788 4547 quae
831 4438 1024 4549 competit
1058 4429 1353 4566 pernionibus,
1385 4434 1452 4520 vel
1489 4439 1638 4524 rimolis
1653 4501 1669 4547 ,

235 4554 514 4646 velulceratis
544 4550 565 4634 ”a
597 4551 744 4635 caeteris
775 4545 971 4632 ulceribus
1003 4549 1215 4631 curattonis
1246 4546 1476 4631 differentia.
1508 4549 1675 4666 Quippe

237 4669 333 4754 eum
355 4670 421 4750 hic
443 4663 595 4748 nullum
614 4664 661 4747 stt
681 4660 990 4778 suppurationis,
1011 4686 1079 4742 aur
1101 4661 1294 4742 coctionis
1310 4662 1350 4741 in
1370 4688 1467 4774 pure
1480 4667 1670 4774 pretium,

237 4807 316 4864 nec
335 4783 476 4864 retenti
494 4778 672 4860 humoris
692 4803 808 4886 atque
826 4773 1062 4899 praeparandi
1080 4770 1205 4856 ullum
1220 4769 1420 4857 laudabile
1435 4777 1644 4857 institutum
1653 4835 1673 4881 „

238 4891 312 4980 sed
334 4892 503 5008 serpenti
523 4889 663 4976 contra
680 4886 839 4974 vincula
859 4885 1069 4998 inicienda
1087 4887 1185 4988 fint3
1204 4883 1312 4973 cette
1334 4889 1388 4972 ita
1407 4915 1494 5002 pars
1512 4881 1681 5002 emplas-
