4166 5908
486 395 571 495 3er
923 371 1038 467 nn·
1101 373 1468 468 n'onn1s

487 545 754 664 sero'repletae
780 540 850 628 sub
872 543 955 659 ipso
979 541 1221 658 epidermide
1243 549 1487 662 aggregatim
1508 541 1765 658 composita,
1787 539 1932 626 inters-

488 665 574 788 titia
589 659 742 774 replent
755 658 868 744 lemae
887 657 1136 774 epidermidis
1155 689 1238 770 quae
1251 658 1430 746 ‘areolam
1449 659 1599 742 faciunt
1614 655 1801 771 asperam.
1826 657 1933 741 Inest

361 783 366 803 '
490 795 616 883 maror
646 771 764 885 quim
796 799 871 887 pro
904 770 1011 856 malo
1037 775 1182 857 exoriri
1212 771 1358 860 debere
1385 773 1585 858 uideretur
1611 773 1831 876 cruciatus,
1860 767 1934 854 sed

490 909 588 972 mox
613 894 655 974 dt
707 913 892 970 aucarum
912 886 1097 968 horarum
1120 885 1331 972 intervallo
1354 885 1597 971 subnascitur
1620 881 1741 969 altera
1765 883 1932 998 pustula·

490 1021 579 1086 rum
604 915 892 1114 agglomeratio
905 1059 918 1104 ,
951 1028 1068 1110 quarn
1096 997 1178 1082 aliae
1202 1030 1299 1084 mox
1321 1000 1535 1085 confertim
1560 997 1708 1082 adnata
1737 1025 1806 1112 per
1835 995 1933 1112 plu·

490 1117 593 1198 rium
630 1114 783 1197 dierum
815 1110 982 1228 spatium
1016 1116 1233 1228 excipiunt.
1278 1114 1388 1198 Tirm
1418 1114 1516 1198 verb
1555 1113 1705 1228 pruritu
1744 1109 1933 1218 enormi,

490 1225 768 1334 vellicatione,
787 1222 1025 1309 cruciatibus
1042 1255 1089 1309 an
1119 1230 1132 1309 i
1148 1253 1403 1341 aegrotantes,
1422 1230 1533 1311 itaut
1549 1253 1625 1309 nec
1640 1222 1720 1308 cibi
1734 1252 1784 1336 ap
1811 1225 1935 1308 etims

490 1340 644 1447 valeat,
675 1369 751 1424 nec
778 1337 860 1420 ulla
884 1335 959 1421 alia
987 1257 1136 1454 cupiso
1163 1342 1281 1457 possit
1303 1341 1537 1459 persentiri3
1564 1341 1700 1424 nostes
1728 1255 1934 1422 inlbmnes

492 1453 666 1561 ducunt,
693 1479 767 1538 nec
788 1451 988 1537 insomnes
1011 1459 1185 1560 tantbm,
1208 1453 1274 1539 sed
1294 1452 1509 1541 miserrime
1534 1455 1693 1557 anxias,
1718 1453 1821 1534 inter
1843 1447 1933 1556 eju-

490 1567 593 1652 latus
616 1591 733 1678 atque
755 1565 930 1650 dolores.
956 1567 1085 1649 Urina
1107 1565 1257 1652 interes
1274 1565 1405 1654 libera
1416 1631 1431 1675 ‚
1453 1565 1563 1651 alvus
1585 1591 1728 1649 natura
1750 1562 1934 1648 consona

492 1681 666 1766 demittit
688 1693 969 1796 excrementa,
999 1681 1070 1762 nist
1095 1681 1203 1791 qubd
1232 1710 1332 1796 ager
1361 1713 1436 1794 prat
1465 1683 1660 1764 anxietate
1685 1675 1932 1786 marcescat,

491 1794 934 1906 mireturque'Medicbs
952 1791 1104 1878 febrem
1118 1821 1330 1908 negantes,
1347 1801 1439 1880 clun
1453 1819 1612 1878 urantur
1629 1795 1825 1877 exteriora
1839 1819 1933 1874 om-

492 1910 582 2013 nia,
603 1935 688 2022 pars
707 1907 805 1992 verb
823 1907 959 1995 affecta
977 1907 1144 1992 flaminis
1166 1908 1378 1994 voracibus
1403 1907 1587 1993 comburi
1611 1907 1804 1990 credatur.
1825 1903 1934 1988 Inte·

494 2032 560 2105 rea
578 2049 690 2105 nova
710 2023 906 2105 continub
927 2023 1159 2106 exoriuntur
1209 2021 1360 2129 ustula,
1381 2048 1455 2106 nec
1476 2049 1568 2104 cum
1590 2021 1637 2102 iis
1653 2017 1786 2106 savius
1803 2021 1933 2132 agitur

494 2131 636 2246 quibus
651 2131 817 2248 plures,
847 2131 967 2245 quim
996 2164 1089 2218 cum
1120 2051 1261 2247 quibus
1286 2137 1493 2252 pauciores
1520 2135 1705 2217 emicant.
1741 2127 1934 2216 Praeterei

492 2249 616 2353 tero,
642 2249 710 2330 etsr
734 2246 955 2363 perplures
980 2245 1210 2362 septimanas
1231 2277 1343 2333 nova
1365 2247 1933 2362 semper'erumpantherpetis

493 2358 655 2442 miliaris
679 2357 846 2466 areola,
879 2361 1051 2445 mitescit
1073 2382 1205 2445 tamen
1230 2361 1370 2449 senum
1396 2361 1568 2466 malurn,
1598 2361 1677 2444 srve
1706 2361 1930 2474 agrotantis

492 2472 791 2580 assuefaeiione,
811 2475 889 2558 srve
901 2476 1120 2559 vetustioris
1135 2476 1305 2560 materia
1319 2477 1606 2560 mirificatione.

549 2583 651 2667 Hac
665 2611 796 2669 autem
816 2583 885 2670 ubi
901 2586 1098 2672 deferbuit
1115 2591 1320 2696 materies,
1338 2615 1516 2674 remanet
1534 2586 1650 2671 locus
1672 2590 1714 2669 dt
1732 2583 1847 2670 lemis
1866 2611 1933 2670 te·

495 2695 683 2782 nuilsrmis
699 2705 739 2781 dt
754 2699 957 2815 asperitate
968 2698 1167 2786 notabilis.
1186 2703 1276 2786 Imb
1293 2711 1334 2788 dt
1346 2701 1446 2789 licet
1458 2705 1610 2785 firmior
1625 2697 1791 2784 obducta
1801 2699 1936 2784 videa·

477 2835 559 2895 tur
573 2813 758 2918 cicatrix,
776 2839 959 2898 remanet·
969 2840 1103 2898 tamen
1121 2813 1244 2928 longa
1254 2845 1330 2931 per
1346 2843 1527 2931 tempora
1571 2815 1712 2897 ruritus
1730 2817 1932 2922 enormis,

495 2921 840 3010 &lancinationes
859 2955 940 3011 non
959 2924 1040 3035 jam
1056 2953 1272 3044 perpetua,
1296 2928 1364 3014 sed
1387 2957 1493 3014 nunc
1514 2845 1570 3010 ob
1591 2929 1687 3010 aeris
1702 2923 1935 3012 variabilem

494 3035 791 3122 inclementiam
804 3039 986 3125 rediviva
994 3104 1009 3148 ,
1030 3071 1137 3124 nunc
1152 3044 1236 3156 post
1250 3040 1436 3127 lautiores
1447 3039 1581 3158 epulas
1599 3037 1930 3126 recnrdescentes.

534 3147 683 3257 ¹Hujus
702 3150 796 3234 mali
814 3152 972 3238 sevitiei
997 3157 1209 3239 terminum
1232 3155 1396 3242 definire
1413 3158 1466 3238 im
1498 3151 1652 3239 ossibile
1670 3153 1745 3260 est,
1773 3158 1867 3238 cirm
1881 3181 1932 3238 ex

496 3262 574 3348 suis
590 3263 793 3351 firneribus
810 3266 1030 3352 redivivum
1052 3267 1149 3384 sape
1169 3269 1430 3356 recrudescat.
1459 3187 1634 3380 (guoties
1652 3278 1786 3352 tame'n
1804 3265 1828 3351 ὲ
1844 3263 1935 3350 lim-

493 3377 597 3489 pidis
623 3375 786 3462 turbida
806 3381 913 3464 fiunt
938 3380 1138 3490 vesicula,
1163 3386 1285 3468 toties
1307 3382 1578 3467 mansuescere
1605 3378 1754 3464 malum
1780 3377 1933 3496 signum

495 3492 562 3575 est.
586 3490 763 3600 Quoties
776 3495 920 3608 pariter
937 3491 1117 3610 pallescit
1138 3492 1283 3580 limbus
1303 3495 1352 3580 ad
1372 3499 1567 3612 margines
1590 3490 1789 3600 rabellus,
1812 3497 1934 3581 toties

494 3607 625 3696 minis
645 3609 831 3690 atrociter
850 3605 945 3692 furit
965 3611 1119 3723 herpes.
1144 3609 1235 3704 ,Sed
1258 3609 1307 3694 ad
1327 3609 1451 3697 annos
1470 3608 1628 3698 extendi
1648 3607 1780 3696 mitiirs
1799 3634 1937 3692 tamen

494 3716 630 3802 fitteris
657 3716 831 3827 malurn,
856 3750 941 3804 non
971 3721 1073 3806 adeb
1099 3749 1228 3807 rarum
1254 3725 1319 3810 eli.
1350 3724 1440 3808 Imb
1467 3731 1509 3808 dt
1533 3723 1663 3806 virum
1689 3715 1794 3805 novi
1812 3723 1937 3806 etiam

495 3861 604 3916 nunc
623 3829 823 3917 valentem
834 3857 849 3938 ,'
874 3839 917 3916 dr
940 3832 1047 3918 nulla
1067 3837 1152 3952 post
1175 3833 1306 3951 plures
1330 3865 1454 3922 annos
1475 3837 1636 3952 pristina
1654 3833 1751 3917 labis
1772 3835 1938 3948 vestigia

496 3943 691 4030 ferentem
705 3947 746 4029 in
764 3973 879 4052 cure,
900 3949 969 4058 qui
982 3973 1115 4032 tamen
1133 3951 1402 4063 tempestatum
1417 3951 1656 4034 mutationes
1671 3973 1750 4030 non
1764 3947 1937 4062 impune

497 4061 709 4171 experitur.
724 4059 769 4142 Si
782 4059 880 4145 verb
919 4061 1061 4145 erimar
1075 4058 1269 4172 aliquem,
1288 4061 1398 4174 quod
1413 4089 1613 4176 nunquam
1631 4057 1808 4146 accidere
1820 4059 1908 4144 vidi
1919 4125 1936 4172 ,

497 4089 1103 4290 trmcrelutcaetdrallerperum
1143 4203 1260 4268 encra
1273 4175 1512 4296 imprudenti
1527 4174 1794 4262 medicatione
1808 4201 1940 4260 retro-

497 4279 653 4396 pulsum
674 4285 756 4368 dici
773 4285 893 4372 debet
901 4349 917 4395 ,
939 4286 1006 4372 vel
1025 4205 1142 4399 quod
1153 4316 1236 4373 non
1248 4285 1492 4406 'impoffibile
1509 4293 1563 4376 est
1571 4352 1586 4398 ,
1608 4287 1706 4374 licet
1723 4318 1808 4374 non
1824 4289 1939 4376 vide-

499 4397 597 4502 rim,
614 4399 655 4480 in
669 4424 917 4512 gangraenam
932 4399 1038 4508 abit,
1054 4429 1121 4486 aut
1133 4403 1364 4490 mutatur'iri
1383 4405 1461 4539 pha
1489 4404 1620 4490 adena
1630 4401 1741 4517 quod
1754 4431 1838 4488 non
1850 4429 1938 4489 tarn

497 4509 599 4592 virio
621 4511 826 4620 humoris,
851 4509 971 4623 quarn
989 4519 1169 4629 corporis
1193 4521 1235 4602 in
1252 4519 1365 4631 quod
1382 4431 1565 4602 inciderit
1584 4519 1732 4602 fastum
1757 4511 1940 4620 videtin}

496 4626 541 4704 dt
561 4625 628 4726 (a)
645 4625 728 4706 hac
746 4627 799 4709 est
813 4655 1018 4740 gangraena
1031 4631 1233 4764 herpetica
1252 4629 1474 4742 yepypur'ra
1491 4641 1684 4744 sparsura
1705 4625 1728 4720 ri
1748 4627 1944 4743 r’frrribu

499 4733 551 4819 de
566 4731 642 4845 quai
658 4734 839 4823 Lucilius
857 4739 961 4856 apud
980 4740 1203 4830 Nonmum.
1590 4797 1593 4807 ·
1707 4735 1727 4751 '⁸
1835 4743 1839 4748 ’

534 4871 592 4950 (a)
614 4863 658 4948 V!
672 4867 789 4955 naus
803 4871 935 4994 'Stephani
946 4869 1085 4948 Theou.
1098 4877 1169 4964 ling·
1181 4879 1272 4944 latine
1282 4881 1311 4944 iu
1323 4898 1393 4946 soce
1404 4875 1522 4968 Herper.
1627 4883 1631 4892 '
