4292 5904
372 505 462 521 ..
562 415 1286 528 pontonates·
1577 433 1670 554 au

240 591 320 684 His
343 597 449 687 enim
474 597 564 684 ants
588 601 761 687 mensem
783 602 963 686 exasium
986 591 1109 680 callus
1128 599 1170 678 in
1181 615 1296 790 parte
1312 593 1502 702 nascitur,
1527 604 1568 682 bt
1586 597 1687 709 qui-¹

236 709 334 795 dem
352 715 402 798 eb
418 715 555 818 citius,
571 717 652 824 quo
667 716 769 799 cutis
784 708 988 830 ipsaantei
999 707 1162 792 mollior
1226 710 1257 790 it
1274 741 1283 790 :
1306 710 1398 791 hinc
1421 712 1524 818 quast
1544 711 1676 798 necess

241 822 416 930 sario-ad
438 822 611 939 plantam
632 826 802 940 pedum,
831 826 913 934 quo
927 819 1135 937 presertim
1155 821 1295 903 fortibs
1314 815 1390 931 ‘pes
1414 843 1554 906 tertam
1571 853 1672 930 con·
1714 885 1742 918 a*
1773 831 1778 839 “

239 937 389 1048 tingit,
409 937 643 1043 exoriuntur
667 935 784 1038 calli3
810 941 864 1020 ita
892 961 937 1019 ut
958 933 1173 1047 nudipedes
1196 928 1274 1037 jam
1299 931 1442 1044 possint
1463 937 1546 1045 post
1569 935 1672 1021 tole·-
1786 962 1792 973 ’

242 1073 369 1130 ratum
387 1047 588 1134 diocesem
605 1051 794 1134 inceslum
808 1050 921 1164 super
935 1043 1132 1130 carbones
1140 1044 1328 1128 accensos
1344 1042 1450 1126 illast
1466 1046 1672 1150 incedere-3

240 1184 311 1242 aut
330 1163 400 1268 qui
421 1159 599 1248 manibus
624 1162 690 1246 diis
715 1163 873 1247 duriora
892 1159 1103 1244 traslavsre
1115 1220 1129 1263 ,
1155 1157 1300 1240 serrum
1325 1154 1438 1238 simili
1468 1156 1672 1246 securitate

242 1271 415 1356 candens
442 1276 660 1388 attingunt,
683 1275 739 1360 ita
754 1301 800 1360 ut
818 1303 868 1359 ex
888 1300 1026 1357 eorum
1050 1267 1228 1352 manibus
1249 1269 1366 1353 nidor
1390 1267 1514 1352 cornu
1536 1275 1674 1382 perusii

242 1397 354 1468 nates
371 1385 583 1471 adstantum
597 1388 711 1473 feriat
724 1448 739 1495 ,
762 1388 850 1502 ipsrs
876 1383 933 1467 nil
958 1380 1233 1487 sentientibus,
1259 1407 1303 1465 ut
1323 1380 1534 1466 annotabat
1548 1382 1675 1467 Boet-

242 1496 422 1581 thaavius
446 1500 558 1584 iniis
583 1503 650 1610 qui
675 1501 858 1584 anchoris
885 1495 1075 1581 cudendis
1096 1492 1380 1578 Amstaeledami
1405 1519 1548 1577 navant
1575 1523 1675 1606 ope-

243 1617 340 1692 ram.
371 1608 538 1695 Scilicet
556 1611 604 1696 ad
626 1615 666 1725 gi
696 1612 869 1698 nendum
891 1607 1038 1694 callum
1060 1607 1215 1690 sortiter
1235 1605 1405 1800 apppresia
1424 1605 1675 1720 epidermidis

242 1713 426 1827 lamella,
448 1720 526 1829 jam
549 1728 590 1807 in
606 1725 645 1808 sc
703 1733 830 1811 em&
849 1722 972 1809 lentas
992 1718 1141 1804 abitura
1154 1781 1169 1825 ,
1183 1719 1240 1801 'na
1258 1722 1365 1804 centi
1380 1717 1461 1800 aliae
1474 1717 1646 1831 affigitur
1658 1781 1676 1827 ,

242 1830 444 1917 solidescit
467 1835 581 1919 srmul
593 1898 609 1942 ‚
639 1837 910 1953 perspirationi
936 1834 1086 1919 exitum
1112 1833 1298 1948 praepedit
1311 1895 1325 1939 ,
1354 1830 1677 1944 conglomeratur

240 1945 285 2026 in
301 1959 410 2059 parte
429 1951 587 2032 humor.
602 1951 636 2034 F
637 1954 669 2033 it
683 1977 818 2036 tumor
832 1953 899 2061 qui
908 2009 923 2054 ,
939 1947 1018 2030 sive
1030 1945 1130 2028 latus
1143 1945 1189 2027 stt
1199 2005 1214 2049 ,
1232 1947 1309 2029 sive
1330 1946 1371 2027 in
1383 1944 1552 2025 formam
1572 1943 1677 2027 clavi

241 2061 475 2144 eonstitutus
489 2123 504 2167 ,
529 2062 702 2146 innocus
731 2061 898 2147 rescindi
919 2061 1080 2171 potest,
1112 2062 1153 2139 δι
1184 2054 1292 2138 nulla
1320 2057 1444 2168 potest
1474 2059 1679 2140 concitate

242 2167 528 2284 symptomata,
557 2175 584 2256 sr
604 2178 805 2288 exceperis
826 2171 895 2255 illa
911 2199 999 2358 fluae
1019 2165 1042 2252 i
1062 2165 1475 2280 compreffionsnasci
1497 2168 1678 2280 potusre.

240 2277 393 2366 Verum
410 2285 451 2362 in
465 2281 630 2395 pedibus
645 2285 909 2395 compressroi
942 2309 964 2360 a
978 2277 1129 2358 summe
1143 2273 1329 2359 notabilis
1344 2278 1409 2358 est.
1428 2277 1539 2360 Hinc
1552 2307 1681 2363 verno

243 2391 485 2502 potissrmlrm
502 2415 710 2504 tempore,
733 2420 814 2502 quo
831 2415 1012 2500 tempore
1030 2385 1184 2500 sanguis
1207 2395 1249 2472 δι
1272 2385 1321 2470 ab
1340 2413 1390 2470 eo
1408 2390 1512 2472 enati
1535 2392 1680 2474 humo-

246 2527 308 2584 res
333 2499 531 2587 rarescunt
558 2511 601 2585 ὅ(
626 2503 921 2618 expanduntur,
949 2501 995 2584 sit
1013 2497 1224 2610 aliquando
1246 2499 1428 2616 expansio
1454 2499 1504 2585 ad
1530 2503 1679 2616 pedum

244 2610 396 2744 plantas
415 2644 499 2725 quae
520 2619 612 2698 cbm
630 2615 682 2700 ob
701 2615 847 2701 callum
868 2612 1019 2699 dilatari
1036 2619 1077 2696 st
1097 2610 1280 2726 impulsui
1296 2611 1438 2696 cedere
1457 2641 1678 2738 ne‘queant,
1700 2719 1705 2724 ‚

244 2726 538 2810 tnslammantur
563 2726 651 2813 illa.
677 2730 790 2814 Idem
816 2731 934 2814 etiam
960 2724 1106 2810 accidit
1128 2753 1202 2838 pto
1222 2723 1328 2810 varis
1352 2721 1564 2811 barometri
1588 2725 1678 2814 alti·

212 2853 221 2896 s
246 2836 410 2945 tudine,
429 2841 483 2922 ita
502 2867 546 2922 ut
569 2845 636 2951 qui
683 2869 725 2926 er
747 2841 786 2928 se
801 2838 1001 2932 macilenti
1018 2838 1124 2944 sunt,
1145 2845 1187 2922 δι
1201 2834 1311 2922 callis
1326 2864 1544 2946 vexantur,
1566 2869 1679 2924 com-
1711 2858 1713 2862 ’

130 2995 133 3004 .
246 2950 442 3062 pressione
462 2954 563 3036 inter
589 2871 715 3038 cassos
740 2963 782 3040 ὅ(
806 2955 1041 3071 periosleum
1072 2947 1185 3056 narsi,
1220 2975 1446 3065 temporum
1471 2955 1679 3041 varietates

246 3059 388 3146 misera
412 3064 646 3178 prasagiant
676 3067 789 3151 Idem
815 3063 997 3152 accidisse
1020 3065 1185 3147 memini
1206 3060 1319 3146 fabro
1347 3062 1509 3148 ferrario
1536 3068 1603 3174 qui
1626 3080 1701 3150 er't·

245 3171 382 3286 inopis
401 3184 443 3260 ὃ(
460 3173 660 3264 laboribus
681 3177 893 3265 exercitati
905 3175 986 3284 vitai
1005 3175 1053 3259 ad
1074 3173 1215 3259 subitas
1233 3203 1330 3290 opes
1347 3175 1547 3291 inopinatas
1566 3179 1680 3262 haere·

246 3285 369 3371 ditate
415 3315 630 3375 ervenerat.
654 3290 735 3374 Ubi
755 3297 860 3376 enim
881 3289 904 3373 *a
924 3286 1126 3372 laboribus
1147 3287 1333 3371 cessatum
1353 3291 1430 3393 est,
1455 3291 1681 3378 intumuere

245 3397 318 3484 sub
333 3319 445 3486 callis
464 3403 650 3485 mansuum
663 3404 774 3512 vasa,
791 3412 832 3491 δι
848 3428 1055 3513 antequam
1069 3396 1162 3484 calli
1181 3387 1239 3480 isti
1251 3397 1417 3481 abierint
1422 3461 1437 3505 ,
1460 3403 1528 3512 ipsi
1574 3400 1681 3486 lures

246 3513 488 3624 permenses
513 3514 696 3630 phlogosr
722 3513 908 3631 perpetus
928 3511 1022 3597 vola
1042 3511 1227 3591 mansium
1251 3507 1504 3594 allaborabat.
1532 3431 1680 3596 donti-

247 3619 415 3706 nebatur
437 3627 544 3706 enim
569 3653 639 3737 per
664 3627 819 3709 labores
844 3647 1055 3738 perpetuos
1081 3621 1265 3734 expansio
1288 3620 1469 3706 vasorum
1483 3685 1498 3729 ‚
1525 3630 1567 3706 ὅ(
1594 3623 1679 3708 cel-

247 3731 417 3817 lularum
442 3733 580 3817 mansus
600 3737 810 3849 expansio,
834 3732 976 3844 quibus
995 3731 1257 3839 cessantibus,
1281 3732 1503 3820 ferebantur
1528 3740 1581 3819 im
1610 3764 1680 3822 etu

248 3842 379 3930 libero
398 3843 573 3957 liquores
595 3849 637 3931 in
660 3847 990 3965 compressionem
1013 3843 1226 3954 callosam,
1249 3874 1420 3958 eamque
1435 3765 1680 3936 destruebant

245 3957 398 4044 sensim.

308 4070 475 4155 Curatio
505 4097 550 4154 er
576 4100 603 4155 o
636 4069 832 4158 callomm
863 4097 981 4184 atque
1015 4069 1220 4155 clavorum
1254 4068 1401 4186 duplici
1439 4071 1684 4162 indicatione

249 4186 414 4270 constat.
455 4101 686 4268 Mollesiant
721 4183 818 4293 illi,
864 4211 911 4269 ut
950 4183 1248 4296 compressionis
1281 4183 1442 4268 effeetus
1475 4186 1724 4272 tollantur.—

250 4295 362 4382 Dein
391 4293 525 4401 lents,
555 4295 696 4404 cauti,
724 4305 765 4382 ἀ
794 4325 864 4413 per
888 4321 1014 4410 partes
1043 4289 1327 4379 abscindantur.
1355 4297 1446 4381 Nec
1472 4299 1522 4382 ad
1544 4302 1711 4383 vivum'

252 4407 376 4518 usque
397 4406 696 4513 exscindantur,
717 4435 767 4494 ne
790 4407 909 4494 dolor
934 4409 1282 4492 inflammationem
1304 4413 1498 4522 proritet,
1525 4417 1566 4494 bt
1590 4411 1679 4526 sup-

253 4521 525 4636 purationem,
556 4523 622 4604 cui
652 4519 825 4606 sananda
854 4517 1172 4630 reliquiaecall1‚
1205 4549 1299 4630 quas
1332 4520 1481 4606 radices
1509 4525 1681 4640 imperiti

251 4659 421 4736 vocant,
437 4633 490 4715 eb
503 4634 610 4739 quod
624 4633 837 4746 aliquandi>
847 4629 1153 4746 ligamentorum
1166 4632 1336 4715 formam
1352 4634 1543 4746 reserant‚·
1557 4635 1683 4720 obsta-

252 4741 392 4830 culum
414 4749 678 4856 imponerent.

260 4940 266 4950 .
310 4857 476 4942 Accidit
505 4857 718 4971 aliquandb
749 4885 795 4946 ut
823 4857 1059 4976 compressio
1095 4857 1446 4948 irrslammationem
1474 4859 1690 4991 concitet·⁴
