4226 5916
474 347 557 496 qna
927 381 1469 474 nunonurs

473 547 689 636 intervallis
701 611 715 656 ,
734 571 941 662 perpetuo.
968 545 1204 636 Mulier-ibus
1225 546 1456 658 quibusdam
1479 550 1670 632 menstrua
1686 547 1912 632 comitatur.

472 663 659 748 Pluribus
686 665 771 777 post
803 665 912 744 finita
936 665 1180 746 vacuationis
1205 661 1416 776 periodica
1441 686 1621 776 tempora
1647 660 1749 746 redit
1771 663 1914 770 quovit

474 777 637 882 mense,
666 777 749 858 imo
782 781 824 858 ὃ(
854 773 969 886 illurn
997 775 1080 859 vidi
1109 776 1334 860 ardrritidos
1363 773 1502 858 locum
1530 801 1731 888 occupare
1753 801 1848 858 vere
1873 781 1915 856 dt

474 916 667 980 autumno
698 887 946 994 redivivum,
976 885 1106 1002 plures
1137 916 1207 1004 per
1234 888 1317 971 dies
1353 889 1616 1002 perstantem,
1653 887 1746 970 dein
1776 888 1913 970 sensrm

475 1001 796 1090 mansuefactum.
816 1002 889 1084 Vir
903 1002 978 1086 suit
993 1003 1089 1086 mihi
1104 1003 1288 1114 cognitus
1304 1005 1372 1112 qui
1386 999 1567 1110 diarrbati
1580 999 1662 1084 levi
1676 1002 1704 1082 sr
1716 997 1914 1083 laboraret

474 1117 571 1230 igne
584 1112 657 1198 illo
674 1112 775 1197 liber
794 1141 904 1216 erat;
924 1116 950 1196 sr
970 1113 1223 1200 cohiberetur
1241 1115 1330 1218 ista,
1353 1112 1505 1198 redibat
1523 1116 1624 1227 ignis
1640 1112 1771 1220 sacer,
1794 1140 1914 1222 quem

476 1233 570 1322 clnn
593 1255 665 1341 pro
686 1225 818 1312 scabie
840 1225 1031 1316 habuisset
1045 1255 1162 1340 atque
1177 1227 1367 1312 tractasset
1383 1225 1599 1332 incassum,
1616 1255 1690 1342 pro
1710 1221 1913 1334 insanabili

473 1339 647 1426 habebat
669 1337 791 1426 malo.
953 1337 958 1346 ’
1442 1395 1446 1402 ·

504 1521 508 1528 .
535 1453 641 1540 cnm
661 1481 759 1568 ergo
780 1453 951 1538 sormam
971 1451 1177 1557 eamdem,
1203 1457 1288 1539 imb
1312 1461 1354 1539 dt
1376 1479 1553 1540 naturam
1573 1482 1667 1536 cum
1685 1449 1915 1564 erysrpelate

474 1563 621 1652 lrabeat
640 1568 747 1651 sacer
771 1569 901 1681 ignia,
928 1565 1135 1650 duratione
1152 1571 1249 1652 verb
1274 1593 1391 1676 atque
1419 1565 1536 1650 causi
1561 1571 1711 1653 tantirm
1735 1565 1890 1648 differat
1898 1625 1914 1671 ‚
1989 1647 1993 1660 ,

474 1676 558 1786 ejus
579 1680 841 1794 symptomata
860 1677 976 1763 facile
998 1676 1282 1792 intelliguntur.
1310 1680 1369 1764 Ea
1392 1704 1523 1764 autem
1542 1682 1681 1794 partim
1697 1676 1719 1762 ὲ
1736 1679 1914 1762 tensione

473 1791 754 1906 particularum
776 1795 877 1876 cutia
897 1801 939 1876 bt
960 1792 1172 1878 erethismo
1192 1794 1392 1909 pendent,
1413 1789 1594 1907 partimi
1615 1790 1730 1876 causi
1746 1819 1833 1901 qua
1848 1787 1913 1873 vel

472 1905 646 1988 maxime
666 1908 765 1989 acris
785 1907 863 2010 est,
888 1903 954 1988 vel
973 1908 1118 1987 minori
1139 1908 1261 2018 gradu
1282 1933 1400 1992 vexat
1421 1906 1595 1991 miseros.
1624 1904 1781 1988 Dantur
1805 1905 1912 1987 enim

475 2017 593 2128 ignes
608 2017 705 2101 sacri
716 2020 841 2102 etiam
856 2047 938 2099 non
954 2016 1234 2132 phlysloenosr‚
1258 2023 1299 2102 in
1316 2017 1457 2130 quibus
1481 2022 1598 2134 partis
1615 2017 1758 2102 affesiae
1781 2015 1913 2212 splper-

462 2129 589 2214 neres
603 2157 742 2213 verum
758 2139 800 2214 ot
815 2129 956 2214 savum
973 2134 1106 2243 ignem
1121 2131 1385 2245 repraesentat‚
1413 2132 1603 2243 sensuque
1619 2130 1800 2214 mordaci
1833 2159 1913 2214 rmo

474 2266 646 2366 egrotos
676 2245 730 2326 ita
753 2267 898 2349 vexat,
929 2268 974 2327 ut
1000 2243 1066 2327 dib
1100 2249 1298 2355 nosluque
1331 2248 1508 2355 requiem
1538 2245 1740 2349 nesciant,
1774 2245 1907 2357 ignem

475 2351 684 2458 epularibus
713 2381 955 2464 querantur,
988 2385 1065 2442 nec
1091 2355 1198 2442 aliud
1225 2359 1456 2470 interrogati
1488 2358 1554 2442 res
1575 2357 1748 2442 ondeant
1805 2381 1911 2439 rater

470 2463 598 2572 illud,
615 2470 708 2580 igne
730 2468 771 2550 se
790 2467 985 2554 comburi.
1003 2471 1046 2552 Si
1060 2469 1284 2584 superficies
1298 2475 1399 2556 cutis
1416 2474 1457 2553 in
1474 2389 1623 2556 casibus
1638 2469 1747 2556 hisce
1779 2469 1911 2552 ummb

341 2607 344 2612 ·
472 2579 715 2664 inflammata
729 2581 963 2694 respondeat
981 2582 1328 2698 symptomatibur,
1377 2585 1603 2696 aroxysmus
1622 2581 1753 2668 morbi
1773 2609 1912 2668 acutus

472 2693 549 2797 est,
567 2690 734 2778 &brevi
753 2698 964 2779 terminum
982 2700 1149 2811 attingit.
1172 2699 1322 2782 Verium
1341 2615 1438 2810 sirpe
1457 2701 1575 2782 etiam
1598 2700 1676 2782 srne
1696 2695 1771 2782 bic
1789 2723 1912 2781 extra-

472 2803 549 2888 nei
576 2811 836 2940 &apparenti
860 2806 901 2890 su
956 2812 1066 2894 rsicie
1079 2873 1093 2915 ‚
1119 2809 1225 2894 idem
1251 2810 1483 2925 persentitur
1507 2814 1637 2924 iguis,
1661 2820 1912 2923 &expertus

470 2914 645 3027 loquor,
663 2923 746 3024 vrdi
759 2918 780 3003 ὲ
793 2836 981 3006 levisliirerd
994 2920 1144 3037 pustulrl
1158 2954 1275 3035 quarn
1292 2925 1463 3010 decoclo
1480 2922 1617 3010 malva
1633 2923 1910 3030 abluebamur,

471 3054 616 3144 aquam
641 3033 683 3114 in
708 3034 841 3116 vassu
872 3037 1041 3147 positum
1064 3037 1272 3122 cadentem
1300 3035 1477 3122 calorem
1504 3038 1554 3120 ad
1581 3039 1910 3122 thernromettum

472 3143 723 3251 acquisrisse3
746 3141 847 3253 ejula
899 3174 961 3230 tur
981 3152 1041 3232 vir
1062 3151 1312 3256 fortissimus,
1338 3159 1380 3236 bt
1400 3149 1558 3236 militari
1576 3149 1657 3234 vitia
1707 3152 1907 3236 taefraslus.

474 3253 522 3338 Si
548 3256 712 3340 oculum
738 3257 789 3344 de
870 3257 963 3344 stuli
989 3261 1164 3347 indicem
1190 3264 1404 3378 sumpsrlses
1417 3325 1432 3369 ,
1461 3266 1529 3348 vix
1558 3260 1625 3347 illa
1649 3182 1722 3348 tibi
1749 3262 1910 3372 alicujus

474 3372 684 3456 momenti·
701 3372 782 3456 visa
825 3373 1199 3488 uisset‚‘at·digitos
1227 3381 1424 3462 tradentis
1446 3377 1587 3462 ardore
1611 3377 1782 3462 vexabat
1809 3383 1910 3463 into-

474 3477 639 3574 lerando
668 3517 678 3566 t
713 3489 1020 3572 verbmetiarnsr
1045 3486 1144 3573 illud
1168 3492 1361 3582 ostentum
1384 3489 1506 3574 sidem
1525 3492 1592 3575 vix
1614 3489 1685 3576 srbi
1709 3519 1920 3602 extorque·

473 3619 560 3698 tet,
582 3623 665 3676 non
691 3599 779 3678 τετὸ
806 3596 1055 3688 abluentibus
1078 3601 1283 3717 Chirurgis
1306 3602 1388 3688 vidi
1409 3633 1546 3688 manus
1566 3607 1762 3690 excoriari
1783 3603 1806 3688 al
1828 3603 1911 3690 sero

475 3733 525 3788 ex
547 3705 773 3820 pblyslotnlt
801 3708 880 3794 levi
908 3713 1135 3820 defluente,
1169 3714 1420 3830 aliquamque
1452 3717 1544 3800 indb
1572 3716 1680 3814 nasci.
1701 3721 1744 3800 in
1774 3747 1911 3802 eorum

474 3817 656 3905 manibus
673 3823 773 3933 ignis
797 3820 892 3904 sacri
913 3826 1086 3938 speciem
1111 3831 1316 3914 evanidam
1336 3863 1349 3930 ς
1372 3858 1479 3916 tanta
1503 3827 1792 3952 eslpaliquandb
1812 3833 1912 3918 fero-

475 3935 537 4016 cia
561 3933 684 4016 causa
707 3937 840 4046 ignem
864 3932 977 4018 illum
998 3938 1149 4024 sacrum
1177 3943 1390 4034 inserentis.

514 4045 622 4128 ·Nec
643 4051 760 4130 'unitis
789 4049 841 4130 est
865 4050 1033 4135 instantis
1054 4050 1202 4136 n'ralurn
1224 4054 1352 4162 illud,
1374 4053 1538 4140 srmilem
1561 4055 1795 4142 violentiam
1820 4055 1913 4140 mali

476 4150 606 4266 plures
628 4187 696 4269 per
719 4159 868 4244 menses
917 4167 1052 4248 erslate
1073 4164 1180 4270 vidi,
1208 4165 1301 4250 dlnn
1322 4167 1469 4254 intereb
1488 4169 1777 4256 marcescerent
1801 4173 1914 4284 agri,

475 4267 555 4350 stne
567 4267 785 4399 ullo-febris
802 4193 969 4384 insultu,
986 4295 1122 4393 prater
1136 4275 1243 4362 illam
1256 4277 1384 4366 levem
1404 4280 1636 4366 febriculam
1655 4313 1740 4394 qua
1757 4287 1799 4368 in
1822 4283 1914 4366 casi-

475 4375 549 4507 bua
569 4379 651 4512 rllrs⁸
663 4387 784 4466 noctu
806 4391 1001 4496 exoritur,
1018 4394 1139 4478 urinis
1157 4391 1429 4484 intereibelle·
1444 4393 1682 4502 fluentibus,
1698 4397 1771 4482 rite
1793 4395 1914 4482 colo-

475 4503 592 4595 rans,
615 4496 682 4622 nrsr
703 4495 809 4605 qubd
829 4502 980 4586 exirent
996 4503 1093 4618 sape
1110 4535 1203 4596 cum
1223 4505 1359 4594 vivido
1384 4509 1532 4594 ardoris
1551 4509 1690 4616 sensu,
1705 4517 1757 4594 ‘bt
1773 4539 1915 4600 venter

473 4629 519 4686 ut
543 4601 753 4716 plunmbm
775 4606 983 4723 obstipatus
1007 4616 1102 4701 esset
1122 4645 1238 4730 atque
1258 4625 1497 4706 constricius.

525 4713 753 4846 Aliquando
773 4719 871 4804 loco
896 4727 997 4838 ignia
1026 4726 1159 4835 illios,
1195 4757 1274 4815 non
1296 4761 1530 4848 perpetuus,
1559 4732 1626 4818 sed
1643 4765 1737 4820 cum
1751 4737 1910 4822 smnmo

473 4830 953 4952 erueratufecrudescens,
968 4842 1076 4926 horis
1086 4845 1553 4960 potiffimnnnoournis,
1564 4851 1734 4964 pruritus
1749 4851 1912 4940 scenam
