4250 5898
598 451 1184 560 ‚CUTANEIa
1586 479 1675 582 ξω

220 617 423 739 ingentem
440 619 524 710 vim
547 617 706 712 seminis
722 619 982 743 profundunt·
1008 625 1206 739 Quamvis
1225 647 1357 714 autem
1370 625 1479 734 idem
1490 688 1506 738 ,
1525 652 1594 718 aut
1614 633 1669 720 de

220 736 480 846 mulieribus,
505 763 573 822 aut
598 737 650 824 dc
677 741 870 828 eunuchis
899 740 981 826 dici
1008 771 1093 826 non
1122 741 1267 857 possit,
1296 743 1363 853 qui
1388 768 1521 828 tamen
1544 747 1666 862 capil-

220 849 284 936 los
304 851 511 938 confertos
533 849 706 962 habent,
730 881 807 940 nec
832 851 1062 940 calvescunt
1072 915 1088 961 ,
1110 880 1250 939 notare
1272 879 1406 940 tamen
1428 855 1566 964 licebit
1590 888 1664 946 eos

220 964 381 1050 aliunde
399 991 491 1050 toto
511 994 683 1081 corpore
702 966 861 1083 glabros
884 969 961 1053 elle
972 1029 987 1076 ‚
1013 996 1256 1080 omnemque
1280 971 1504 1052 nutritionis
1530 969 1664 1084 pilosae

221 1077 447 1191 proluviem
462 1082 504 1164 in
524 1077 692 1198 capillos
717 1081 999 1182 concentrari;
1024 1079 1206 1193 adeoque
1225 1083 1320 1165 stare
1342 1083 1459 1165 etiam
1485 1083 1665 1196 regulam

221 1195 392 1278 nostmm
417 1196 469 1278 eb
497 1196 623 1308 magis
648 1194 742 1281 inde
768 1195 1070 1302 confirmatam,
1093 1193 1203 1308 qubd
1229 1193 1403 1279 nascenti
1427 1193 1567 1280 infanti
1591 1195 1667 1310 pili

219 1305 461 1505 paucissimi,
474 1305 582 1393 leves
593 1369 608 1414 ‚
620 1311 770 1422 vixque
784 1308 1022 1396 adhaerentes
1035 1333 1193 1422 extent,
1203 1309 1254 1395 'in
1267 1305 1409 1396 adultis
1424 1306 1552 1418 denfi,
1570 1338 1665 1396 con-

238 1421 311 1504 erti
321 1482 337 1527 ‚
357 1419 515 1507 fortiter
533 1420 788 1512 adherentes.
1340 1512 1341 1516 t

274 1533 433 1620 Necell
443 1533 552 1647 quod
565 1533 777 1646 objiciatur
787 1569 881 1626 cum
890 1535 1141 1625 Solenandro
1153 1531 1251 1620 nihil
1264 1534 1470 1621 nutritioni
1484 1532 1663 1649 pilorum

220 1670 318 1730 cum
330 1646 456 1733 visan
513 1651 523 1668 '
555 1651 586 1734 ’s
601 1651 760 1738 admosd
776 1679 995 1741 commune
1013 1649 1110 1758 elle,
1132 1676 1182 1735 ex
1202 1678 1253 1734 eo
1274 1649 1383 1762 quod
1402 1645 1473 1764 pili
1496 1647 1667 1768 pellium

221 1786 273 1844 ex
293 1679 837 1882 animalibdissdesumptarum
861 1795 930 1884 per
947 1765 1087 1849 senon
1105 1761 1291 1848 decidant
1308 1789 1359 1846 ex
1378 1759 1486 1877 pelle
1509 1761 1667 1849 semoti

220 1866 246 1956 d
269 1902 469 2002 corpore3
494 1903 587 1960 nam
607 1875 681 1970 ubi
704 1879 995 1966 semel-humor
1016 1874 1232 1963 bulborum
1256 1877 1298 1966 in
1320 1873 1488 1960 solidam
1510 1873 1665 1960 molem

219 1982 339 2093 abiit,
351 2017 430 2094 jam
445 1989 514 2072 fixi
531 2017 734 2078 remanere
750 1991 899 2080 debent
912 1989 997 2111 pili.
1015 1981 1115 2078 Hoc
1126 1990 1226 2075 verb
1242 1985 1364 2073 semel
1374 1988 1530 2104 pofito,
1542 1985 1669 2074 causa

222 2096 396 2202 calvitiei
421 2129 490 2217 per
514 2098 554 2188 se
576 2103 866 2220 intelliguntur.
928 2192 930 2200 ,

277 2212 392 2322 Quid
420 2213 488 2300 uid
507 2217 615 2300 enim
637 2225 680 2306 dt
702 2216 808 2334 pilos
829 2226 872 2304 bt
888 2247 1035 2332 eorpus
1053 2213 1151 2319 justo
1170 2207 1374 2297 defraudat
1393 2216 1669 2324 nutrimento,

220 2244 420 2438 quidquid
451 2325 669 2414 bulborum
702 2335 918 2414 humorem
953 2329 1209 2439 corrumpit3
1249 2321 1445 2433 abducit,
1481 2353 1549 2410 aut
1579 2354 1668 2414 nom

220 2439 402 2545 sufficit,
435 2441 539 2523 inter
570 2437 746 2526 calvitiei
780 2442 914 2526 causas
949 2440 1147 2524 numerari
1179 2433 1335 2544 debet,
1367 2438 1451 2524 srve
1476 2438 1589 2524 causa
1622 2442 1670 2526 in

220 2554 336 2636 omni
354 2578 526 2667 corpore
545 2549 687 2660 lateat,
708 2556 787 2641 sive
803 2557 845 2640 in
860 2578 971 2671 parte
984 2554 1137 2637 tantiam
1156 2552 1212 2634 fin
1267 2547 1339 2634 lari
1356 2551 1529 2636 resideat.
1552 2551 1671 2639 Hinc
1767 2617 1770 2626 ,

220 2662 301 2749 alia
315 2661 493 2750 calvities
507 2665 558 2751 ad
572 2663 736 2753 morbos
755 2663 993 2754 universales
1012 2665 1146 2750 referri
1165 2663 1216 2748 de
1245 2687 1304 2769 et,
1326 2666 1418 2747 clim
1440 2666 1668 2780 'symptoma

219 2783 376 2864 tanturn
400 2778 448 2863 lit
470 2777 687 2865 humeralis
716 2778 877 2888 morbi,
904 2777 980 2864 alia
1005 2778 1055 2864 ad
1079 2775 1245 2862 morbos
1269 2775 1523 2893 particulares
1548 2780 1669 2891 perti·

220 2917 305 2978 net.
337 2891 407 2975 Sic
424 2893 466 2976 in
482 2894 648 3009 phthisi,
665 2898 758 2978 clun
774 2892 908 3010 capilli
923 2891 1104 2978 defluunt
1110 2952 1125 3010 ‚
1139 2914 1349 3024 perempta
1368 2915 1486 3000 atque
1499 2889 1668 3004 pelium-

222 3003 324 3090 datae
343 3009 513 3090 materia
538 3009 706 3092 nutritiae
728 3009 882 3122 signum
906 3008 960 3092 est
971 3065 988 3114 ,
1014 3002 1121 3091 unde
1140 3033 1183 3089 in
1204 3004 1317 3088 omni
1336 3001 1517 3086 marasmi
1536 2999 1672 3110 cujus-

221 3133 401 3230 cumque
417 3116 549 3232 specie
562 3173 585 3226 ,·
605 3124 699 3204 clim
716 3148 856 3206 omnes
871 3148 923 3206 co
972 3121 1052 3204 oris
1066 3141 1195 3235 partes
1209 3111 1407 3227 aqualiter
1424 3113 1491 3199 dis
1509 3141 1672 3224 creant,-

218 3256 392 3348 pereunt
413 3238 456 3316 dt
477 3229 635 3349 capilli,
662 3239 704 3319 dt
726 3233 921 3321 femineus
964 3260 1061 3318 ecor
1081 3228 1292 3317 evanescit.
1319 3146 1675 3340 Quotieicumque

216 3346 346 3429 etiam
357 3341 481 3458 longit
491 3345 718 3434 infirmitate
730 3345 915 3433 laborant
926 3347 1133 3452 homines,
1154 3345 1233 3428 five
1245 3367 1392 3448 mares,
1416 3342 1494 3426 sive
1510 3341 1673 3427 femine

217 3464 269 3544 ἃ
285 3482 404 3572 caput
418 3483 485 3544 aut
498 3459 719 3574 impexum,
735 3488 802 3548 aut
812 3463 986 3577 pomatis-
997 3485 1116 3569 atque
1132 3454 1295 3572 pulvere
1306 3457 1445 3568 cyprio
1458 3453 1672 3537 infamium

216 3573 375 3656 tedium
387 3595 522 3656 tencre
537 3601 762 3686 coguntur,
780 3572 937 3689 capilli,
954 3569 1008 3655 ob
1027 3569 1284 3654 rancedincm
1302 3569 1480 3650 humoris
1497 3567 1566 3676 qui
1581 3561 1679 3648 bul-1·
1715 3601 1721 3614 ·

216 3683 302 3770 bos
318 3683 495 3796 attingit,
511 3683 712 3769 decidunt.
726 3685 933 3796 Decidunt
946 3691 988 3768 br
1005 3685 1091 3797 post
1104 3682 1358 3798 puerperium
1372 3676 1427 3763 ob
1442 3678 1675 3766 aciditatem

213 3795 337 3886 laetis
361 3797 430 3907 qui
452 3793 718 3908 undequdque
739 3799 968 3914 regurgitar.

280 3907 433 3994 Verium
457 3907 617 3994 affer
642 3938 782 3997 omnes
806 3909 1040 4027 pruriginofi
1067 3931 1190 4020 atque
1208 3907 1366 3991 cutanei
1394 3905 1534 4100 capitis
1561 3902 1703 4006 idern.

219 4023 412 4114 efficiunt
423 4081 443 4132 ,
468 4029 512 4106 bt
535 4025 661 4139 potest
682 4023 823 4111 eadem
850 4022 966 4109 causa
994 4051 1079 4134 qua
1104 4023 1271 4105 achotes
1295 4044 1413 4128 atque
1453 4045 1548 4104 avos
1575 4047 1673 4138 pro-

217 4141 364 4243 ducit,
382 4137 410 4218 li
427 4139 587 4249 gravior
605 4137 682 4244 est,
707 4135 944 4254 capillorum
967 4135 1119 4221 radices
1140 4132 1317 4218 exedere
1330 4138 1372 4215 dt
1394 4127 1542 4214 bulbos
1565 4130 1678 4245 ipsos:

215 4275 299 4338 aut
318 4249 517 4334 exsiccare
527 4310 542 4357 ,
566 4275 634 4335 aut
648 4253 859 4384 perimere.
885 4249 1015 4364 Quod
1038 4250 1069 4333 si
1086 4243 1211 4334 semel
1230 4243 1377 4330 factum
1396 4242 1514 4328 fi'rerit
1527 4304 1550 4350 ,ς
1567 4243 1675 4328 adest

214 4359 534 4452 immedicabilis
558 4361 747 4449 calvities.
1445 4367 1450 4376 “
1485 4455 1488 4462 ,

285 4479 343 4560 At
355 4477 486 4581 enim,
498 4473 597 4562 licdt
608 4479 691 4562 haec
701 4472 928 4562 universalis
946 4472 1060 4559 causa
1073 4471 1229 4588 pollitae
1256 4469 1309 4556 ud
1321 4468 1363 4554 in
1376 4465 1536 4553 barbam
1553 4493 1679 4580 atque

218 4587 400 4703 capillos
429 4615 570 4701 agere,
593 4589 803 4707 peculiaris
825 4619 902 4673 una
925 4589 978 4672 est
1000 4618 1083 4699 quae
1106 4589 1149 4670 in
1172 4499 1334 4672 barbam
1359 4589 1400 4666 dr
1421 4580 1526 4697 pilos
1546 4583 1678 4667 totilas:

219 4705 421 4816 corporis
435 4703 542 4815 agit,
566 4711 608 4788 bt
638 4735 723 4790 non
750 4705 936 4816 attingit,
959 4726 1027 4785 aut
1056 4697 1193 4785 saltem
1224 4701 1292 4786 vix
1321 4697 1480 4782 afficere
1511 4695 1678 4780 videtur

219 4811 438 4929 capillos:
469 4811 545 4898 'illa
576 4844 709 4903 autem
742 4820 795 4906 cst
824 4813 1102 4902 eunuchismus
1131 4817 1199 4926 qui
1228 4812 1353 4929 potest
1379 4807 1592 4924 multiplici
1619 4806 1679 4889 de*

219 4924 353 5020 causi
374 4928 494 5014 eriam
518 4923 675 5018 adultos
690 4933 888 5022 invadere.
906 4929 1010 5051 Quo
1026 4931 1073 5014 in
1089 4929 1182 5018 casu
1204 4923 1368 5016 barbam
1392 4922 1453 5011 illi
1472 4919 1647 5042 perdunt
1654 4978 1681 5032 ,2

1432 4353 1444 4368 'x
