4188 5916
503 466 580 517 q..
931 408 1039 494 nn
1106 405 1465 494 nonars

555 594 595 668 ;-.
623 607 763 678 .ger-.-
786 581 878 660 εἰει
897 577 1076 688 herpetas
1093 571 1280 656 stentsrne
1299 569 1381 656 utta
1404 569 1539 676 febre,
1566 598 1644 656 nec
1669 569 1739 652 nist
1761 565 1850 653 rarb
1873 573 1917 662 ’ὰ

583 762 593 776 .
620 685 685 778 sar
709 689 892 774 arx-ideas
916 690 1062 770 emicet
1086 683 1154 767 illa
1178 688 1220 767 in
1240 688 1403 799 herpetc
1424 681 1718 788 laborantibus,
1745 679 1915 798 longum

573 876 594 888 ..
617 835 729 892 ,·.·.·.·.ε
748 803 808 888 iiii
825 798 1024 885 morbum.
1056 799 1148 883 Nec
1170 799 1212 882 in
1229 801 1345 884 variis
1366 795 1573 914 speciebus
1594 824 1663 885 aut
1681 798 1770 880 finis
1786 825 1914 904 unus,

491 955 555 1008 .-..·;
580 917 780 1014 :regnetis
803 914 955 998 eadem.
1497 948 1501 956 ’

543 1025 635 1120 Nee
651 1015 760 1118 erim
778 1028 885 1114 idern
905 1028 957 1110 est
976 1024 1116 1140 puerili
1137 1026 1243 1110 atati
1266 1025 1493 1143 herpetibus
1516 1026 1685 1141 corripi,
1714 1052 1782 1112 aut
1806 1022 1916 1114 senili

488 1145 773 1237 ssmmaitudini
793 1141 928 1226 iisdem
948 1139 1082 1252 affligi.
1105 1139 1203 1222 Veri
1221 1137 1447 1255 &legitimi
1465 1144 1673 1254 herpetes,
1696 1141 1723 1222 fi
1742 1137 1921 1228 lichenes

486 1248 690 1376 <torpetis
702 1321 718 1366 ,
746 1259 834 1342 rari)
859 1251 1005 1336 florida
1034 1278 1152 1362 atque
1178 1279 1327 1366 vegeta
1351 1250 1545 1358 juventuti
1570 1256 1683 1336 noxii
1706 1252 1796 1335 sunt
1807 1314 1822 1358 ,
1849 1254 1915 1335 nist

487 1403 647 1477 teter,
669 1399 736 1456 aut
756 1365 939 1456 educatio
965 1363 1147 1471 sordida,
1180 1389 1247 1449 aut
1270 1367 1526 1454 humidorum
1555 1392 1673 1478 atque
1704 1363 1918 1450 calentium

486 1489 674 1576 luxuum
701 1481 888 1568 habitatio
917 1477 1103 1562 indefessa
1131 1505 1249 1590 atque
1274 1479 1452 1568 violenta
1480 1477 1588 1564 malo
1616 1479 1770 1595 dederit
1796 1482 1917 1592 origi-

488 1629 580 1688 nem
588 1660 604 1704 ‚
624 1599 693 1682 nist
712 1591 930 1679 tradusium
946 1589 1206 1706 {aparentibus
1224 1591 1374 1678 malum
1389 1599 1430 1678 in
1444 1596 1678 1710 progeniem
1693 1590 1920 1678 desaevierit.

483 1717 542 1802 At
566 1709 688 1828 primis
712 1707 918 1792 defunctos
944 1703 1130 1813 juventa,
1162 1735 1246 1817 quo
1279 1733 1462 1824 ternpore
1494 1705 1583 1793 vasa
1613 1709 1742 1789 minias
1773 1705 1918 1789 flexilia

486 1827 596 1930 sunt,
624 1829 666 1908 dt
691 1819 916 1934 perspiratio
944 1849 1027 1904 uon
1053 1817 1131 1927 jam
1156 1819 1302 1904 eodem
1334 1825 1486 1937 impetu
1517 1817 1694 1934 prosilit,
1726 1817 1920 1934 precipue

485 1938 739 2039 adoriuntur,
767 1958 833 2016 aut
854 1935 882 2016 st
906 1932 1048 2017 salubri
1069 1937 1158 2018 vitae'
1178 1935 1399 2047 regimine,
1423 1931 1673 2019 codionibus
1697 1930 1850 2014 summe
1872 1961 1919 2016 ac

487 2049 694 2180 diligenter
709 2045 934 2161 ponderatis
950 2110 963 2154 ,
984 2047 1194 2162 praeprimis
1209 2049 1307 2132 vero
1325 2050 1476 2161 ingenti
1502 2048 1622 2131 animi
1640 2043 1920 2154 tranquillitate

484 2163 660 2248 devitare
686 2158 835 2244 malum
860 2158 962 2244 illud
985 2160 1120 2244 datum
1142 2160 1286 2267 fuerit,
1308 2161 1442 2276 saepibs
1469 2157 1692 2245 seliciffimo
1713 2160 1851 2244 omine
1872 2157 1919 2244 ad

486 2301 621 2359 cutem
645 2299 830 2390 apparent
852 2302 935 2384 quo
962 2299 1145 2388 tempore
1173 2273 1298 2388 rigida
1325 2274 1499 2358 senestus
1526 2276 1700 2387 ingruit,
1722 2271 1919 2383 vasaque,

514 2381 757 2487 landulas-bt
776 2383 869 2476 cola
889 2389 1024 2472 omnia
1041 2385 1227 2470 indurant
1246 2413 1364 2498 atque
1382 2389 1644 2472 excrementis
1669 2415 1695 2469 o
1724 2383 1846 2500 pient.
1873 2387 1920 2470 In

483 2419 562 2586 iac
584 2501 691 2584 enirn
714 2497 885 2585 infelicis
907 2501 1025 2582 nostri
1048 2500 1118 2582 aevi
1143 2503 1367 2615 tempestate
1380 2506 1512 2608 ,cem
1536 2495 1643 2584 nulla
1664 2415 1823 2582 libertas
1842 2527 1924 2614 per-

486 2609 719 2710 meabilibus
749 2613 934 2697 offeratur
963 2611 986 2695 a
1015 2614 1203 2696 coslione
1233 2613 1394 2698 resrduis
1423 2612 1647 2729 particulis,
1673 2641 1746 2727 pro
1771 2610 1924 2696 summi

482 2723 706 2812 fortund're
733 2723 923 2810 utandunr
944 2727 997 2809 est
1007 2786 1022 2831 ,
1050 2726 1079 2808 st
1101 2722 1177 2808 illae
1196 2755 1281 2809 non
1304 2729 1345 2810 in
1368 2729 1556 2812 interiora
1576 2725 1824 2812 cumulentur
1841 2725 1922 2809 vis-

488 2867 599 2946 cera,
618 2757 919 2925 sedriescrantur
935 2838 983 2922 ad
996 2864 1151 2946 cutem,
1165 2838 1302 2948 ibique
1316 2871 1420 2925 nova
1432 2838 1500 2923 fibi
1517 2840 1663 2924 cudant
1678 2839 1922 2924 emundoria

488 2949 656 3064 quibus,
691 2955 853 3038 cauterii
913 2979 955 3036 er
985 2977 1109 3044 artem
1137 2954 1250 3035 inusti
1283 2952 1332 3036 ad
1364 2955 1506 3060 instar,
1542 2953 1762 3038 auferantur
1787 2952 1923 3038 sordes

486 3064 665 3176 alioquin
687 3069 789 3150 intbs
817 2983 1064 3150 includenda
1089 3091 1208 3176 atque
1231 3065 1470 3150 remansura.

544 3177 694 3262 Verbm
720 3178 871 3265 summa
897 3179 993 3262 inest
1021 3177 1240 3264 differentia
1266 3182 1368 3262 inter
1395 3210 1518 3262 unum
1546 3205 1612 3264 aut
1638 3177 1805 3262 aiterum
1832 3181 1922 3264 her-

487 3315 624 3406 petum
636 3293 927 3408 erumpentium
942 3290 1218 3408 impetum,sae
1246 3291 1453 3376 &maxime
1465 3291 1702 3397 violentum,
1725 3290 1794 3374 sed
1815 3295 1918 3402 citb,

488 3405 516 3492 st
539 3403 633 3514 quid
652 3407 696 3494 in
710 3407 769 3488 his
789 3403 901 3490 malis
922 3321 1511 3514 cimarest,dedwescenten1‚
1533 3415 1575 3491 bt
1590 3399 1771 3520 herpetes
1789 3403 1922 3491 habitu

491 3520 738 3623 contr-asbus,
769 3518 920 3632 semper
945 3543 1156 3608 renovatos
1171 3579 1186 3622 ,
1215 3518 1402 3604 cessantes
1430 3520 1666 3632 aliquando,
1700 3547 1798 3602 mox
1828 3524 1925 3608 verb

488 3632 712 3734 redivivos,
734 3634 788 3714 ita
804 3659 848 3714 ut
864 3631 941 3716 stve
956 3631 1221 3744 generationis
1234 3627 1320 3738 jure
1328 3695 1342 3738 ,
1362 3634 1440 3717 five
1456 3633 1529 3718 alid
1544 3633 1794 3744 quicumque
1808 3631 1923 3718 causi

481 3743 860 3940 sanguippoffitdici
874 3745 1332 3858 herpeticus,autpotii1s
1344 3744 1504 3861 lympha
1544 3747 1923 3859 landberpetica.Hi

486 3865 617 3946 vince
649 3880 715 3939 ant
728 3885 907 3966 unquam
926 3858 1137 3968 herpetas,
1168 3857 1458 3946 &cessantibus
1480 3781 1556 3944 iliis
1574 3863 1616 3942 in
1634 3859 1782 3944 viscera
1800 3861 1923 3946 serntr

487 3978 634 4060 humor
658 3967 775 4088 plane
803 3967 967 4102 corpori
993 3994 1229 4074 extraneus,
1258 3966 1325 4053 illa
1353 4001 1404 4056 ue
1430 4001 1496 4057 aut
1521 3970 1630 4058 mole
1657 3969 1831 4078 attollit,
1858 3999 1924 4060 aut

485 4086 631 4174 dolore
654 4083 803 4190 afficit,
829 4085 913 4167 imo
938 4079 1106 4198 conficit
1126 4002 1457 4169 ulceribusleutis
1480 4113 1598 4198 atque
1613 4082 1721 4168 tardi
1738 4083 1923 4199 suppura-

486 4205 599 4286 tione
623 4231 635 4299 ;
660 4228 744 4310 qua
770 4201 863 4282 cum
890 4193 1049 4308 peffima
1078 4191 1123 4274 su
1150 4195 1189 4277 in
1220 4195 1444 4312 herpetibus
1472 4199 1679 4284 inclinatio
1706 4221 1927 4308 eorumque

486 4339 666 4402 naturam
685 4309 883 4424 designet,
905 4333 1023 4418 atque
1038 4303 1134 4419 sape
1155 4305 1204 4389 ad
1223 4304 1413 4393 latentem
1433 4311 1584 4398 occulti
1600 4311 1694 4396 maii
1707 4310 1925 4426 diagnosrm

488 4425 672 4518 conserat
689 4419 941 4527 observatio,
962 4419 1082 4534 liqeat
1103 4420 1195 4502 huic
1218 4419 1338 4534 pauli)
1360 4421 1502 4510 diutins
1520 4427 1696 4511 insrsierc.

540 4534 685 4627 Multis
711 4533 938 4646 &quidem
972 4535 1039 4645 qui
1075 4529 1252 4644 alioquin
1286 4534 1466 4648 sanissimi
1495 4539 1676 4624 videntur
1714 4561 1926 4652 erumpunt

413 4679 424 4698 ⁶
486 4651 698 4776 quotannis
731 4647 802 4732 sub
835 4650 974 4732 horam
1002 4648 1509 4762 verni-temporispapulae
1537 4649 1644 4736 leves
1671 4654 1749 4736 hirc
1775 4650 1924 4738 illucve

485 4767 757 4866 dissentinatae,
777 4759 857 4846 levi
874 4759 1163 4864 incommodo,
1185 4763 1413 4874 prurituque
1430 4765 1495 4846 vix
1508 4763 1697 4872 notabili,
1715 4765 1785 4846 nist
1797 4763 1923 4850 vulnti

477 4915 578 4982 Μ
600 4876 860 4998 imprimatur.
886 4873 967 4960 Vix
987 4869 1037 4954 de
1055 4868 1101 4956 ei
1126 4875 1334 4984 eruptione
1353 4876 1557 4986 cogitant,
1580 4878 1684 4964 levia
1705 4877 1925 4964 admodbm
