4188 5916
817 167 827 200 0

632 429 1119 518 curausrs
1518 472 1603 551 aa

168 587 193 676 ὲ
212 588 483 728 cantharidum
496 587 659 706 pulvere
671 595 852 678 conflatis
868 592 982 678 altibs
1003 593 1124 707 ipsam
1146 595 1350 710 aperiuntr
1375 598 1406 680 sr.
1429 601 1600 712 graviffi-

166 731 309 809 mum,
339 707 516 788 cauterio
539 705 694 819 adipem
714 707 839 820 ipsum
861 705 1032 818 adusque
1052 733 1288 820 penetrant;
1312 737 1534 820 quanquam
1556 716 1598 796 in

168 813 396 929 herpetibus
414 820 481 926 qui
495 815 742 932 superficiem
758 823 859 903 cutis
881 819 1049 923 rodunt,
1070 821 1169 902 mihi
1187 819 1296 904 nulla
1313 821 1490 908 videatur
1506 827 1601 907 insti-

168 931 227 1028 tui
258 927 368 1042 posse
406 925 587 1042 analogia
617 933 719 1014 inter
747 927 896 1012 malum
929 931 1250 1043 profligandum,
1286 959 1403 1044 atque
1438 941 1601 1021 cauterii

170 1041 407 1126 efficaciam.
425 1040 532 1124 Clam
543 1039 620 1147 jam
631 1041 682 1126 de
693 1045 740 1125 iis
754 1046 949 1154 egerimus
969 1045 1008 1124 in
1021 1043 1335 1152 introdusiione‚
1354 1077 1478 1177 pauca
1490 1050 1602 1133 diuis

170 1151 384 1257 addemus,
400 1149 553 1238 scilicet
567 1151 707 1238 inutile
723 1154 799 1237 elle
813 1152 1038 1258 hujusmodi
1052 1153 1339 1241 emundotium
1352 1188 1392 1239 ιιι
1405 1155 1605 1246 levissimis

120 1275 126 1284 '
170 1263 419 1378 herpctibus,
436 1263 596 1350 sanitate
611 1264 787 1376 alioquin
809 1265 978 1371 illibata,
1001 1271 1093 1349 cum
1163 1300 1182 1353 r
1200 1269 1240 1353 se
1259 1267 1378 1354 facile
1397 1269 1606 1374 sanentur;

171 1375 313 1459 inutile
323 1380 466 1489 pariter
477 1381 519 1460 in
531 1379 757 1491 gravissrmis
764 1383 885 1483 ,cum
896 1382 1055 1462 materia
1066 1297 1445 1496 mllimacopiosa
1456 1383 1605 1490 effluit,

171 1516 264 1571 nam
287 1519 439 1572 novum
464 1491 667 1574 effluvium
693 1519 799 1573 nova
825 1517 966 1575 natura
993 1491 1193 1606 dispendia
1214 1493 1403 1600 inferret,
1431 1522 1607 1606 tuncque

171 1603 232 1684 his
252 1604 293 1682 in
311 1598 458 1688 casrbus
477 1603 756 1687 tantummodo
773 1601 1029 1687 necessarium
1046 1606 1099 1687 est
1118 1606 1242 1689 cutim
1261 1605 1492 1714 vulnerare,
1514 1614 1607 1692 cum

171 1715 335 1826 incipit,
352 1713 430 1797 save
443 1711 497 1796 ob
510 1716 600 1798 artis
613 1714 779 1819 auxilia,
796 1712 937 1798 srveob
952 1711 1144 1798 beneficia
1159 1743 1301 1800 natura
1310 1781 1323 1824 ,
1340 1720 1506 1804 effluxus
1523 1751 1609 1804 mo·-
1719 1733 1721 1738 ’

173 1827 250 1909 rari
266 1833 308 1908 dc
327 1824 574 1933 tardescere,
598 1856 647 1912 ne
663 1827 817 1912 scilicet
862 1856 921 1910 ars
936 1825 1065 1938 aliqua
1079 1830 1184 1912 inths
1206 1832 1328 1914 reflua
1346 1834 1386 1912 in
1395 1830 1608 1918 visceribus

174 1935 415 2033 obstruendis
430 1940 689 2054 impendatur.
709 1944 766 2024 At
782 1941 810 2022 s1
826 1857 947 2024 sdcies
967 1965 1188 2056 occupetur
1204 1951 1246 2026 δι
1261 1940 1487 2054 deturpetur
1501 1944 1609 2030 sacra

173 2052 348 2134 hominis
373 2051 551 2166 effigies„
579 2051 733 2136 nullum
754 2049 920 2136 dubium
946 2053 991 2136 fit
1003 2115 1018 2160 ‚
1047 2081 1159 2137 mora
1184 2050 1303 2138 nulla.
1331 2055 1481 2139 Praestat
1503 2061 1608 2142 enim

174 2189 326 2276 partem
341 2161 457 2248 aliam
473 2167 649 2276 quamvis
667 2167 880 2280 corrumpi.
907 2163 1096 2250 Proxime
1114 2172 1154 2248 bt
1171 2165 1194 2250 ὲ
1210 2170 1372 2280 regione
1387 2165 1479 2250 mali
1492 2166 1608 2282 plaga
1682 2203 1691 2219 ·

177 2278 368 2383 inuritur,
392 2280 472 2388 quo
498 2276 650 2363 facilius
670 2286 710 2364 ὅ(
733 2276 885 2394 plenius
910 2277 1061 2360 malum
1081 2278 1242 2362 derivet.

230 2387 358 2480 Hisce
379 2417 509 2474 autem
530 2388 872 2504 praeparationibus
893 2388 966 2473 rite
985 2399 1027 2474 dt
1047 2390 1289 2474 considerate
1305 2391 1497 2498 admotis,
1515 2399 1609 2477 chm

175 2503 433 2592 mirificentur
452 2504 637 2586 humores
657 2510 699 2585 δι
718 2501 844 2588 solida
861 2500 1029 2588 evadant
1050 2501 1322 2617 permeabilia,
1349 2505 1494 2588 accidit
1512 2505 1609 2622 sape

176 2641 221 2698 ut
237 2613 391 2726 integre
411 2613 591 2698 sanentur
604 2617 674 2698 her
702 2642 783 2698 eres
792 2677 807 2720 ,
825 2641 907 2698 nec·
915 2618 1069 2728 origine
1090 2642 1265 2720 veteres,
1283 2644 1358 2699 nec
1380 2617 1503 2728 gradu
1523 2648 1608 2702 me-

177 2725 314 2811 tuendi
323 2789 337 2832 ‚
355 2726 561 2836 fomesque
571 2729 640 2835 qui
694 2751 751 2810 tas
765 2756 847 2810 non
859 2753 993 2839 egerat
1006 2727 1156 2810 radices
1172 2730 1325 2841 penitbs
1347 2733 1609 2840 extinguatur.

179 2839 308 2950 Quod
324 2843 365 2921 in
381 2836 607 2956 herpctibus
621 2834 777 2943 majoris
795 2842 990 2922 momenti
1012 2869 1094 2922 non
1116 2840 1273 2923 accidit.
1303 2839 1346 2920 Si
1366 2867 1426 2922 res
1446 2844 1499 2922 ita
1515 2868 1610 2926 eve-

178 2955 300 3057 nerit,
322 2951 595 3067 supprimenda
605 2978 720 3035 erunt
734 2952 939 3066 negotiosa
952 2948 1158 3034 molimina
1178 2953 1391 3034 curationis
1410 2953 1583 3065 operosae
1593 3018 1617 3062 ,.

178 3073 221 3146 dc
238 3063 337 3146 nihil
353 3064 491 3150 melius
506 3067 581 3148 erit
595 3062 713 3175 quim
728 3067 855 3150 hostes
875 3061 897 3147 i
912 3090 1026 3177 tergo
1039 3064 1215 3174 insequi,
1244 3061 1324 3147 bile
1342 3060 1420 3169 jam
1436 3067 1610 3150 correus

179 3177 488 3290 humoribusque
513 3178 563 3261 ad
592 3205 734 3262 naturae
757 3177 1031 3261 conditionem
1060 3181 1183 3290 magis
1210 3173 1516 3283 accedentibus,
1542 3207 1612 3292 per

179 3291 293 3374 usum
320 3289 427 3376 lastis
457 3291 640 3376 diurnum
667 3316 783 3401 atque
811 3290 1066 3395 diuturnum,
1089 3292 1143 3372 ita
1160 3315 1205 3372 ut
1224 3293 1369 3373 naturis
1392 3289 1441 3372 ad
1462 3290 1612 3372 inflam-

180 3405 389 3494 matoriam
420 3404 622 3488 diathesrm
647 3401 899 3515 vergentibus
922 3401 1142 3516 praferatut
1169 3403 1378 3508 asininum,
1409 3404 1612 3486 stomacho

179 3512 377 3598 debilibus
397 3519 627 3630 caprinum,
654 3513 720 3600 ubi
740 3542 871 3600 autem
893 3512 994 3598 nihil
1015 3517 1202 3599 metuitur
1221 3511 1460 3619 visceribus,
1482 3517 1615 3598 vacci-

179 3658 302 3731 num,
323 3627 390 3710 sea
410 3626 572 3740 simplex
590 3658 663 3741 pro
683 3633 806 3712 unico
826 3630 952 3742 pastu,
973 3626 1039 3710 seu
1058 3624 1175 3710 titulo
1199 3626 1476 3711 medicamenti
1499 3626 1615 3710 mand

180 3748 224 3824 δι
247 3739 335 3820 seth
356 3744 594 3821 concinnam
617 3747 659 3822 ὅ(
683 3768 811 3853 aptam
833 3739 940 3824 malo
961 3740 1130 3823 sufficiet
1151 3737 1376 3841 medelam3
1402 3748 1443 3824 bt
1464 3739 1562 3852 sape
1585 3741 1614 3821 st

177 3853 326 3940 virium
345 3847 504 3933 animis
520 3847 629 3934 mole
645 3855 749 3934 cotti
766 3855 942 3938 hurnoris
959 3853 1155 3969 oppressro
1173 3879 1393 3958 metuatur,
1415 3881 1509 3934 cum
1523 3857 1617 3933 hor·

181 3965 247 4050 dei
265 3962 436 4046 decotto
453 3965 634 4047 mixtum.
1738 3973 1743 3978 ’

239 4075 476 4188 Vigentibus
498 4078 603 4161 enim
628 4075 852 4190 herpetibus
879 4085 921 4163 δι
949 4078 1194 4162 dominatum
1218 4103 1288 4189 per
1311 4075 1511 4159 universos
1538 4077 1616 4162 hu-

183 4217 317 4272 mores
343 4187 643 4295 exercentibus,
669 4193 736 4274 vix
767 4192 933 4307 scopum
967 4191 1066 4275 lade
1103 4193 1293 4299 attingere
1322 4184 1478 4270 daretur
1506 4191 1617 4300 quod

184 4312 567 4418 corrumperetur&
586 4333 732 4386 novam
755 4303 1020 4388 incommodo
1044 4303 1247 4382 materiem
1271 4297 1541 4415 suppeditaret.
1569 4304 1614 4385 Si

185 4419 284 4502 verb
291 4477 304 4520 ‚
329 4443 375 4502 ut
393 4416 567 4526 quadam
585 4413 673 4496 sunt
691 4443 832 4498 naturae
843 4475 856 4518 ,
878 4411 941 4493 lac
957 4412 1100 4524 respuit
1122 4439 1265 4525 corpus
1287 4416 1493 4518 intimum,
1513 4417 1613 4499 vitio

185 4558 379 4643 peccans,
396 4527 539 4612 eodem
553 4525 670 4610 titulo
691 4527 923 4609 adhibentur
945 4519 1092 4629 juscula
1112 4521 1300 4608 &lenibus
1316 4534 1358 4608 dt
1374 4523 1613 4638 mucilagine

185 4641 354 4755 insipido
374 4641 523 4722 refertis
543 4667 768 4724 tenerorum
794 4635 1019 4720 animalium
1040 4635 1243 4743 carnibus,
1261 4637 1423 4748 „qualem
1445 4642 1615 4752 praestant

188 4784 287 4840 ranae
299 4817 313 4860 ‚
327 4752 536 4838 testudines
557 4753 579 4836 ὲ
599 4750 740 4862 quibus
754 4749 959 4866 pracsertim
973 4749 1122 4834 famosa
1131 4748 1199 4833 illa
1212 4749 1234 4832 ὲ
1248 4748 1500 4836 testudinibus
1519 4781 1617 4834 con-

185 4869 374 4962 ficiuntur
387 4862 556 4976 juscula,
573 4865 713 4980 quibus
721 4929 736 4978 ‚
748 4894 794 4954 ut
807 4869 915 4953 aiunt
922 4931 937 4980 ‚
953 4863 1105 4982 sanguis
1116 4864 1378 4978 potentissimd
1389 4864 1616 4980 depuratur3
