4246 5900
557 443 1283 538 turnouucrro.
1350 453 1414 464 ··
1602 475 1658 565 aa¹

219 610 394 737 partibus
422 609 611 726 equibus
636 613 836 700 conflatur
848 670 863 719 ,
881 613 1087 697 communi
1112 613 1315 699 consortio
1342 612 1513 724 junctam
1538 617 1652 706 malie

223 727 503 820 communibus
536 729 691 842 arguit,
722 725 791 811 sed
828 725 947 811 etiam
978 730 1167 838 quateniis
1200 728 1462 814 secretionem
1498 734 1650 846 peragit

222 872 390 956 amque
412 871 496 928 non
517 869 668 950 unain,
689 840 849 956 propria
873 840 1017 952 patitur
1032 837 1162 946 mala,
1187 842 1267 926 sive
1291 839 1359 928 illa
1384 845 1488 928 intiis
1511 845 1598 958 ipsis
1626 843 1651 928 ὲ

225 959 404 1073 corporis
428 949 693 1070 penetralibus
711 955 755 1039 in
780 978 870 1040 eam
886 953 1094 1060 irruerint,
1111 954 1190 1038 sive
1208 956 1250 1039 in
1274 953 1357 1072 ipsit
1381 959 1463 1044 nati
1474 1017 1490 1066 ,
1519 959 1561 1042 in
1581 953 1659 1044 ille

223 1075 344 1158 etiarn
360 1068 620 1156 adoleverint.

281 1182 438 1272 Fabula
458 1180 621 1292 quidem
644 1179 893 1290 airtiquorum
913 1175 989 1262 suit
998 1237 1014 1284 ‚
1041 1178 1175 1262 omnia
1193 1174 1216 1262 a
1235 1185 1413 1297 corporis
1438 1210 1577 1272 centro
1599 1187 1651 1276 ad

225 1299 380 1384 extima
400 1295 516 1401 setri,
541 1318 703 1401 eamque
724 1290 801 1376 esse
825 1315 969 1374 naturae
993 1293 1076 1374 viin
1100 1315 1146 1374 ut
1169 1293 1274 1402 quasi
1299 1298 1342 1378 in
1365 1294 1545 1383 cloacam
1557 1359 1572 1407 ,
1602 1301 1654 1390 ad

227 1436 368 1498 cutem
395 1433 502 1491 extra
526 1404 721 1490 viscerum
744 1400 918 1509 limites,
945 1407 1079 1488 omnia
1105 1405 1330 1492 amandaret
1353 1438 1470 1525 prava
1494 1421 1537 1498 dt
1567 1443 1654 1500 ma-

227 1525 356 1607 chinae
368 1516 548 1606 exitialia.
572 1517 723 1602 Omnia
737 1518 837 1602 verb
854 1519 1033 1632 corporis
1056 1520 1197 1633 puniia
1220 1547 1293 1636 pro
1323 1548 1463 1608 centro
1484 1528 1655 1616 adlionis

225 1633 336 1745 aque
354 1631 489 1717 haberi
518 1629 706 1746 possunt,
738 1631 951 1716 canterio
975 1626 1126 1716 habitet
1150 1628 1325 1744 ubique,
1342 1633 1491 1749 ubique
1503 1641 1653 1750 vivax,

225 1746 374 1859 ubique
396 1747 438 1831 in
456 1772 595 1830 omnes
620 1742 731 1856 aque
754 1741 933 1830 irradiata
975 1767 1075 1845 artes
1086 1805 1101 1850 ,
1120 1770 1283 1832 notante
1298 1773 1383 1832 rem
1402 1751 1663 1838 vetustissimo

229 1886 369 1944 natura
395 1857 649 1944 observatore
673 1856 934 1971 Hippocrate.
996 1859 1106 1940 erbm
1132 1885 1272 1943 eorum
1297 1864 1516 1976 propositio
1536 1891 1587 1948 eo
1612 1869 1657 1954 io

228 1971 337 2058 sensu
359 2001 453 2058 vera
480 1973 557 2077 est,
587 1970 694 2080 quod
716 1997 785 2086 per
814 1995 948 2054 cutem
973 1968 1285 2057 tenuissimorum
1307 1999 1655 2064 excrementorum

231 2089 437 2171 todorum
458 2087 526 2168 siat
539 2081 680 2168 ultima
702 2080 908 2197 expulsio,
927 2082 1012 2166 imb
1033 2083 1142 2194 qubd
1166 2082 1487 2175 demonstraverit
1499 2091 1657 2178 irrefra-

231 2196 368 2312 gabilis
382 2197 623 2313 experientia
638 2194 940 2309 copiosissimam
953 2193 1031 2280 esse
1046 2198 1471 2312 quaefitperextensum
1483 2204 1657 2290 maxime

233 2340 423 2425 organum
443 2311 746 2417 vacuationem,
772 2335 848 2394 nec
869 2310 1048 2394 tenuium
1071 2315 1223 2398 tantiam
1244 2316 1412 2426 partium
1428 2316 1497 2404 sed
1512 2343 1656 2404 muco·

206 2516 207 2523 Ν
232 2423 355 2508 sarum
368 2487 383 2530 ,
411 2433 453 2508 dt
479 2421 672 2509 alibilium
697 2450 767 2536 per
781 2421 846 2528 se,
882 2451 966 2533 quar
986 2424 1029 2504 in
1048 2450 1223 2537 corpore
1241 2427 1416 2513 humano
1438 2457 1487 2514 ex
1512 2456 1657 2516 naturae

240 2533 411 2622 efficacii
428 2536 511 2622 sem
539 2563 583 2620 er
604 2532 783 2643 asiuosli,
803 2531 871 2631 sed
891 2537 1003 2621 vario
1028 2537 1314 2650 principiorum
1346 2541 1498 2630 diverse
1522 2567 1659 2638 tenuat

239 2675 366 2734 torum
386 2657 428 2736 bt
441 2567 752 2736 addensatoium
773 2647 936 2754 ordine,
957 2647 1109 2760 semper
1133 2652 1311 2736 existunt.

287 2760 415 2848 Nulla
436 2761 511 2847 alia
525 2789 612 2876 pars
626 2759 729 2844 adeb
746 2785 870 2843 muco
889 2755 1106 2864 madescit,
1123 2761 1205 2843 imb
1220 2759 1413 2870 aliquibus
1430 2764 1473 2847 in
1490 2764 1660 2878 casibus,

237 2902 375 2961 tonna
395 2903 573 2960 naturam
591 2874 773 2986 quidem,
790 2867 869 2958 illis
887 2867 1027 2986 gluten
1041 2870 1160 2958 sudor
1173 2875 1357 2990 exprimit
1375 2878 1443 2989 qui
1462 2881 1659 2996 tangentia
1741 2913 1743 2920 ’

238 2989 402 3103 digitum
415 2988 591 3075 inviscat.

292 3097 574 3188 verumetiam
593 3098 938 3207 ciimliumorum,
963 3103 1046 3186 tiam
1076 3091 1431 3216 expellendorum,
1463 3111 1548 3192 tbm
1568 3112 1658 3196 retiss

235 3215 459 3300 nendorum
476 3219 570 3300 vitia
578 3277 592 3322 ,
609 3241 658 3298 ex
679 3209 882 3298 altioribus
895 3212 993 3328 saepe
1009 3215 1207 3328 principiis
1228 3221 1402 3301 oriantur
1415 3228 1465 3303 dt
1480 3223 1657 3307 conflen-

234 3355 297 3412 tur
311 3324 744 3435 moleculis,uelcodlu
758 3322 1014 3434 difficilibus,
1029 3324 1096 3412 vel
1111 3330 1228 3412 etiam
1246 3327 1518 3421 altera-'onem
1529 3331 1656 3443 illam,

235 3441 303 3527 seu
332 3443 596 3526 mutationem
628 3443 670 3524 in
695 3437 910 3551 inquilinos
935 3441 1122 3525 humores
1147 3469 1264 3552 quam
1287 3445 1513 3530 codiionem
1536 3475 1659 3532 voca-

237 3585 348 3662 mus,
367 3553 636 3668 respuentibus
650 3613 665 3658 ,
679 3549 903 3669 intelligere
921 3549 1039 3638 facile
1053 3556 1106 3638 est
1115 3615 1131 3660 ,
1147 3552 1243 3668 sape
1263 3556 1358 3638 vitia
1372 3559 1415 3638 in
1428 3559 1575 3643 intimis
1590 3587 1659 3672 pe·

222 3661 450 3754 'netralibus
474 3669 652 3781 corporis
675 3693 790 3772 nata,
818 3692 953 3750 cutem
971 3667 1159 3772 inficere,
1184 3665 1363 3781 &ipsam
1387 3673 1554 3753 omnini)
1574 3673 1659 3784 pes-

238 3781 428 3866 sumdare.
452 3781 565 3890 Quin
588 3780 684 3892 saepe
699 3805 768 3892 per
786 3775 911 3862 solam
921 3803 1039 3889 quani
1054 3807 1183 3893 graeco
1200 3783 1363 3864 nomine
1381 3776 1658 3898 aiuntsyrnpa-

240 3895 378 3978 theinna
390 3957 409 3990 ,
430 3892 700 3989 mechanismo
719 3888 849 3976 adhuc
875 3893 1044 4005 ignoto,
1061 3893 1162 3976 cutis
1180 3892 1262 4006 ipsa
1283 3891 1399 3978 sensit
1423 3899 1587 3980 crimina
1602 3895 1659 3979 la-

238 4003 414 4094 borantis
441 4002 665 4091 ventriculi.
695 4005 784 4090 Imb
808 4002 851 4088 in
872 4003 1006 4090 multis
1038 4004 1161 4090 acutis
1188 4003 1478 4118 egritudinibus
1506 4010 1606 4093 curis
1634 4007 1660 4096 b

240 4117 449 4207 ventriculi
467 4121 632 4233 regione
652 4118 746 4203 mali
765 4117 855 4202 fons
871 4117 1055 4204 scaturire
1079 4118 1182 4204 visus
1204 4121 1279 4218 esl3
1303 4117 1345 4199 id
1367 4118 1594 4229 quotidiana
1615 4123 1658 4208 in

240 4234 399 4320 variolis
423 4235 577 4318 testatur
593 4233 843 4348 experientia.
872 4232 1118 4343 Quinetiam
1144 4235 1186 4314 in
1207 4224 1390 4314 omnibus
1411 4237 1535 4318 acutis
1551 4263 1658 4319 mor-

241 4343 301 4432 bis
325 4351 427 4433 cutis
446 4377 529 4432 non
545 4345 712 4433 obscura
734 4343 889 4430 latentis
913 4345 1087 4431 necdlim
1106 4343 1271 4456 depositi
1296 4347 1439 4431 veneni
1458 4347 1563 4462 signa
1592 4349 1662 4435 dat

245 4460 494 4556 ventriculus.
508 4459 635 4570 Quod
648 4462 767 4545 etiam
781 4461 822 4540 in
842 4458 1042 4542 chronicis
1061 4451 1196 4541 multis
1218 4460 1359 4570 pariter
1372 4463 1532 4546 evenire
1541 4460 1661 4548 nobis

245 4571 486 4692 sequentium
503 4572 738 4661 morborum
752 4569 1012 4656 consideratio
1033 4569 1321 4658 demonstrabit.

301 4685 415 4775 Adde
436 4689 503 4773 hic
525 4690 644 4774 etiam
670 4686 801 4774 varios
824 4685 1011 4784 humores
1036 4711 1138 4800 quos
1166 4683 1217 4770 ad
1248 4682 1421 4796 diversos
1444 4686 1534 4772 usus
1557 4690 1660 4774 cutis

245 4827 349 4887 nunc
375 4803 547 4908 retinet,
572 4830 679 4889 nunc
710 4795 843 4910 ejicit,
865 4827 973 4886 nunc
992 4825 1131 4888 contra
1151 4788 1313 4906 sorbet,
1337 4798 1425 4886 satis
1447 4799 1514 4885 ins
1531 4803 1628 4886 icies
1640 4857 1659 4910 ,

243 4915 412 5006 totidem
443 4918 632 5009 vitiorum
670 4911 847 5028 classes,
877 4912 945 5002 vel
965 4916 1008 5005 in
1036 4939 1130 5004 cute
1156 4909 1406 5012 sobolescere
1435 4831 1564 5029 pose,
1594 4907 1663 4998 vel
