4156 5892
458 438 539 516 228
865 421 1007 510 -ΒΕ
1077 415 1443 506 MORBIS

459 587 565 674 undd
598 587 745 672 fastum
777 589 831 672 est
863 611 908 671 ut
946 584 1159 696 aliqumdb
1198 584 1348 670 scabies
1388 612 1462 701 pto
1506 577 1740 698 impetigine
1774 579 1898 672 suerit

461 701 619 810 habita,
639 699 706 788 vel
723 703 891 784 increvit
912 697 962 781 ad
983 696 1180 782 summum
1200 692 1458 782 vehementiae
1479 693 1655 801 malum,
1677 720 1775 778 runc
1795 697 1898 808 vigi-

461 811 522 900 liae
548 840 679 900 truces
707 821 749 896 bt
774 812 942 926 pruritus
969 809 1052 894 ferd
1082 808 1333 898 convulsrvus
1363 811 1533 894 maciem
1558 807 1783 913 inducunt,
1814 807 1898 892 cibi

462 925 679 1033 fastidium,
698 926 782 1009 imb
801 921 944 1008 febrim
970 921 1119 1008 lentam
1143 931 1188 1008 bt
1209 948 1390 1038 tempore
1410 921 1648 1006 succedente
1670 921 1898 1028 heslicam,

463 1037 808 1156 multiplicatoque
832 1033 940 1120 malo
970 1067 1053 1148 quar
1078 1035 1127 1120 ad
1150 1037 1275 1119 cutim
1299 1031 1420 1119 fiebat
1442 1033 1649 1148 deputatio
1666 1035 1831 1117 vertitur
1853 1036 1898 1120 in

462 1154 674 1255 interiora,
695 1147 878 1261 tussisque
891 1147 997 1232 arida
1009 1150 1193 1260 siccaque
1204 1145 1408 1235 decubirui
1421 1149 1463 1230 in
1478 1143 1690 1259 pulmones
1704 1141 1910 1259 proludit..

466 1265 568 1374 Quo
588 1263 794 1346 tristissimo
814 1287 959 1347 eventu
980 1257 1102 1346 semel
1121 1261 1250 1374 posto
1261 1321 1277 1366 ,
1298 1258 1379 1344 abit
1393 1256 1541 1343 malum
1559 1261 1600 1340 in
1620 1283 1791 1342 mortem
1812 1285 1900 1342 cer·

464 1376 659 1460 tiffimam.
691 1374 804 1458 Rarb
837 1377 880 1456 in
906 1370 1039 1460 scabie
1072 1369 1184 1458 alvus
1219 1370 1308 1456 laxa
1338 1374 1421 1479 est,
1454 1373 1707 1456 communius
1739 1367 1899 1480 scybala

466 1489 586 1595 dura,
612 1489 843 1600 nigricantia
860 1511 1008 1572 exeunt
1015 1546 1031 1591 ,
1053 1482 1184 1590 forsan
1199 1479 1222 1568 lt
1240 1484 1486 1598 pessumdato
1504 1481 1595 1567 bilis
1613 1509 1765 1570 tenore.
1786 1483 1899 1568 Nam

464 1629 563 1686 non.
585 1602 674 1682 raro
714 1594 879 1682 scabiosr
917 1597 1166 1704 flavescunt,
1201 1597 1314 1709 quod
1346 1603 1440 1682 ebm
1474 1592 1668 1710 *avigiliis
1702 1597 1900 1712 praecipue

465 1711 636 1828 pendeat
654 1710 901 1826 symptomat,
928 1735 1062 1794 tamen
1087 1709 1229 1794 *avido
1254 1707 1344 1799 bilis
1367 1708 1579 1819 aliquando
1598 1713 1722 1824 repeti
1773 1713 1897 1809 otest;

466 1824 575 1910 certe
589 1827 647 1956 'in
675 1819 864 1955 omnibus
891 1817 1171 1936 egrotantibus
1205 1824 1273 1932 qui
1302 1817 1467 1928 alicujus
1499 1824 1693 1906 momenti
1725 1740 1898 1954 dautem

465 1961 868 2165 tt,
886 1931 1636 2180 susurrantem
1656 1961 1899 2159 trun

462 2161 578 2248 'salini
596 2157 811 2271 sedimenti
831 2185 1037 2246 continere
1059 2158 1257 2245 uidentur.

468 2353 473 2360 .
522 2273 580 2360 At
602 2263 687 2359 fiue'
706 2271 749 2358 in
769 2265 1068 2360 eminentiffimd
1088 2267 1242 2377 scabie,
1264 2267 1343 2354 five
1362 2269 1403 2353 in
1426 2267 1632 2356 remissiori
1655 2271 1804 2388 papula
1830 2275 1899 2359 virt

463 2383 680 2494 differunt,
704 2387 775 2470 nist
797 2383 907 2498 quod
931 2381 1058 2468 inillai
1075 2379 1407 2496 aliquandbtbasrs
1422 2413 1470 2498 pa
1498 2379 1652 2468 ulaturn
1676 2386 1763 2472 sere
1784 2389 1899 2472 flam-

463 2527 557 2586 mea
576 2500 643 2605 stt,
673 2505 715 2584 bt
744 2486 909 2631 pruritui
930 2495 1093 2585 addatur
1115 2497 1352 2583 mordacitas
1370 2414 1548 2606 quadam
1568 2495 1699 2583 verbis
1724 2503 1792 2584 vix
1810 2499 1900 2584 des-

467 2609 668 2698 cribenda.
689 2609 863 2696 Alrunde
888 2629 964 2696 ne'c
983 2613 1025 2692 in
1044 2611 1239 2725 principio
1260 2605 1413 2724 morbi,
1439 2637 1515 2694 nec
1542 2605 1611 2694 sub
1633 2612 1749 2725 ipsrus
1774 2615 1901 2700 finem

466 2723 550 2828 ulla
570 2723 716 2840 inipso
741 2715 972 2840 papularum
992 2751 1169 2836 corpore
1199 2719 1407 2838 annotatur
1437 2721 1654 2809 differentia
1682 2721 1899 2834 notabilis,

465 2837 535 2926 sed
559 2836 712 2953 semper
732 2840 775 2922 in
797 2834 944 2922 morbo
972 2831 1159 2950 longiore
1182 2866 1316 2946 crura,
1346 2835 1429 2920 imo
1458 2844 1500 2930 δι
1526 2835 1675 2924 femora
1703 2842 1898 2928 tumentia

466 2951 722 3052 uiresfraslas
740 2949 916 3040 indicant
934 2945 1026 3062 (ιι).Ι
1068 3013 1071 3016 -
1317 2985 1320 2994 ’
1450 3007 1452 3013 1

421 3116 424 3124 -
465 3171 469 3182 Ι
526 3059 657 3146 Causa
682 3091 782 3198 ergo
815 3063 959 3166 scabiei
989 3059 1202 3152 nulla·alia
1231 3065 1412 3179 proxima
1443 3063 1647 3176 quaerenda
1678 3069 1729 3152 est
1760 3091 1904 3182 prater

469 3199 670 3262 venenum
682 3175 740 3262 stu
755 3182 934 3291 generis,
948 3178 998 3264 ad
1012 3176 1124 3285 cujus
1134 3207 1311 3288 naturam
1324 3177 1467 3264 melibs
1481 3179 1698 3264 rimandam
1710 3208 1827 3293 atque
1841 3182 1901 3267 di-

468 3287 814 3376 vinandamcausae
828 3290 976 3376 malum
991 3296 1208 3378 excitantes
1221 3319 1374 3396 attento
1386 3290 1510 3377 oculo
1520 3293 1783 3405 ponderanda
1796 3296 1902 3384 sunt.

525 3401 633 3489 Inter
656 3401 774 3490 hasce
798 3403 930 3491 causas
955 3409 1125 3519 primum
1153 3405 1260 3491 certe
1288 3405 1428 3490 locum
1456 3402 1637 3490 obtinere
1659 3405 1780 3492 debet
1801 3412 1904 3494 aeris

466 3517 680 3602 humiditas
710 3515 880 3631 frigida,
911 3549 995 3632 quae
1023 3519 1117 3628 dbnp
1145 3519 1466 3632 perspirarionem
1492 3517 1595 3601 male
1623 3517 1901 3636 supprimit&

468 3627 600 3718 subito
620 3626 764 3714 insultu
784 3633 1016 3745 incorpora
1036 3630 1293 3747 predisposrra
1307 3631 1469 3738 incidit,
1492 3625 1636 3714 scabiei
1651 3633 1780 3716 ansam
1799 3663 1901 3747 pra·-

464 3733 560 3849 bet,
580 3771 698 3852 quam
715 3769 846 3828 tamen
862 3773 933 3859 per
951 3745 991 3830 se
1006 3775 1089 3828 non
1102 3743 1301 3860 producit.
1317 3743 1586 3859 Hippocrates
1601 3745 1760 3938 ‹puidem
1772 3773 1903 3832 vernae

469 3855 684 3969 tempestati
698 3853 933 3940 morborum
946 3883 1205 3944 cutaneorum
1223 3861 1471 3972 eruptionem
1488 3855 1611 3940 adscri
1640 3861 1695 3963 it,
1714 3857 1780 3944 sed
1797 3859 1832 3942 F
1832 3888 1901 3946 re·

470 3967 627 4054 dericus
656 3963 925 4054 Hoffinannus
946 3973 1008 4055 vir
1038 3975 1170 4085 magni
1204 3976 1246 4054 in
1281 3997 1365 4056 arte
1398 3973 1618 4076 momenti,
1650 3975 1896 4056 mentionem

469 4075 605 4186 inici
632 4080 683 4166 de
715 4077 956 4193 scabicque
983 4111 1088 4166 anno
1118 4096 1224 4184 1716
1257 4081 1492 4190 Halensem
1509 4079 1647 4166 urbem
1676 4083 1901 4197 cpidemiee

471 4192 634 4290 infecitt
653 4197 756 4280 hane
776 4221 909 4281 autern
928 4193 1046 4280 unice
1062 4195 1231 4304 humidat
1249 4202 1294 4279 dt
1308 4195 1456 4308 stigidae
1476 4198 1691 4310 tempestati
1709 4195 1795 4282 vult
1811 4198 1902 4284 ads-

471 4301 711 4391 cribendam.
739 4307 889 4394 Verum
911 4307 1009 4394 licdt
1029 4307 1078 4395 ab
1104 4306 1181 4394 hac
1205 4305 1322 4392 cause
1347 4315 1390 4391 bt
1415 4309 1641 4392 affettiones
1664 4311 1904 4400 catharrales

471 4415 678 4502 nascantur
696 4425 738 4504 ὃ(
760 4423 911 4534 pellimi
932 4427 1090 4538 generis
1108 4419 1232 4529 mala,
1253 4419 1397 4506 scabiei
1414 4425 1568 4536 eruptio
1584 4421 1678 4506 inde
1696 4453 1904 4536 nunquam
1919 4404 1936 4433 '

471 4529 677 4640 nascetur,
701 4532 728 4614 st
748 4561 831 4618 non
850 4531 926 4618 alia
945 4536 1058 4622 srmul
1079 4535 1194 4622 causa
1213 4561 1435 4620 concurrat.

526 4644 584 4728 At
604 4641 896 4733 foecundiorem
919 4644 1062 4734 scabiei
1086 4646 1240 4735 causam
1263 4647 1481 4764 suppeditat
1498 4641 1625 4734 ‘vietus
1648 4649 1688 4732 in
1713 4647 1905 4740 omnibns

469 4753 554 4842 sere
571 4760 813 4872 pauperioris
834 4758 949 4845 sortis
971 4761 1142 4850 maxitne
1160 4761 1403 4850 inordinatus
1423 4771 1464 4850 bt
1478 4759 1626 4851 vitibus
1641 4789 1905 4882 concoquens¹

511 4895 573 4976 (a)
594 4887 1053 4976 Jo.1.aug.apntrr,rom.1.
