4292 5904
481 428 576 518 '666
935 411 1060 502 Du·
1108 411 1483 502 molinas·

484 586 749 690 evanescunt,
765 581 900 667 soluto
918 577 1112 688 vinculo,
1131 583 1274 664 iterum
1292 583 1333 663 in
1348 581 1542 695 aspasium
1558 575 1816 692 prodeuntes,
1833 577 1926 664 imb'

485 701 688 786 craffiores
708 696 829 780 faoae.
853 693 935 777 Sed
962 691 1110 778 malum
1134 693 1223 808 ipsa
1240 721 1322 776 non
1343 690 1655 796 constituebant,
1683 698 1724 773 &
1745 692 1809 774 nist
1835 689 1920 798 jam

484 810 595 899 malo
618 810 668 893 ad
691 808 863 918 aliquem
885 805 1048 920 gradum
1074 810 1212 890 eveiio
1224 867 1238 910 ‚
1262 837 1347 890 non
1369 829 1569 920 apparent.
1591 800 1826 887 Ulcerantur
1843 805 1917 888 ali-

485 923 648 1034 quando
654 946 724 1026 ,nt
734 921 937 1003 annotavit
946 921 1198 1018 Avicennas3
1216 917 1333 1019 locus
1349 916 1551 1001 ulcerosus
1569 913 1702 1020 dolet,
1723 922 1767 997 ἃ
1785 914 1924 1000 ulcera

386 1027 417 1042 ’κ
484 1033 555 1121 illa
565 1097 580 1140 ‚
601 1032 698 1115 licdt
718 1061 801 1114 non
821 1032 1017 1146 profunda
1034 1029 1318 1138 fint„.difficile
1337 1029 1550 1114 admodhm
1573 1028 1769 1112 sanantur.

502 1141 509 1148 ’
542 1144 649 1228 Illud
678 1173 762 1226 non
785 1175 831 1246 ¹m
859 1147 1110 1228 incarceratis
1135 1149 1287 1227 tantiam
1315 1141 1414 1226 licet
1443 1143 1678 1246 observare,
1711 1139 1780 1222 sed
1807 1144 1848 1222 in
1873 1142 1926 1224 iis

486 1254 673 1342 omnibus
696 1260 763 1366 qui
779 1261 901 1340 vitam
920 1260 962 1339 in
986 1257 1158 1340 humidis
1182 1263 1223 1339 dt
1246 1257 1444 1368 stagnante
1467 1252 1567 1364 aqui
1585 1251 1797 1337 infamibus
1817 1252 1925 1337 locis

351 1468 356 1474 p
485 1373 610 1455 vitam
630 1397 801 1478 quarere
827 1395 1048 1484 coguntur,
1071 1369 1098 1449 st
1118 1366 1230 1450 simul
1254 1370 1378 1452 vinis
1396 1368 1587 1451 craffioris
1608 1373 1649 1449 dt
1670 1369 1803 1478 inopis
1825 1393 1921 1448 con·

490 1481 625 1565 cursus
650 1481 839 1587 accedat,
866 1485 893 1564 st
920 1511 1065 1596 corpus
1092 1483 1363 1565 cachesiicum
1390 1480 1522 1563 fuerit.
1549 1480 1666 1564 Rarb·
1691 1481 1732 1560 in
1760 1474 1924 1582 juvenes

488 1595 625 1701 savit,
658 1593 843 1678 mulieres
870 1593 974 1677 male
1000 1596 1248 1678 mertstnratas
1276 1601 1319 1676 bt
1346 1591 1509 1676 lotrices
1539 1589 1732 1706 praecipue
1760 1591 1925 1674 invadit.

487 1707 678 1817 Eumque
691 1705 850 1821 pessume
872 1707 1128 1820 grassantem,
1155 1703 1312 1817 qualem
1335 1703 1681 1819 Prosperhlpimts
1697 1702 1921 1818 descripstt‚

491 1817 697 1902 observavi
723 1823 765 1901 in
785 1818 953 1904 delicati
972 1817 1159 1926 moniali,
1181 1850 1298 1930 quam
1315 1817 1455 1932 religio
1475 1825 1517 1901 bt
1534 1820 1773 1932 paupertatis
1786 1815 1923 1900 volun·

468 1927 593 2014 ‘tatia
613 1961 726 2014 amor
745 1933 921 2016 fecerant
938 1930 1113 2016 lavandis
1137 1933 1301 2018 aliarum
1318 1929 1449 2014 linteis
1469 1940 1512 2016 dt
1531 1927 1697 2015 vestibus
1717 1929 1919 2042 invigilare

489 2069 627 2156 prater
648 2072 828 2126 normam
855 2052 897 2127 ὅ(
920 2041 1128 2140 rationem,

545 2156 612 2238 Est
630 2181 726 2268 ergo
747 2153 1019 2266 elephantiasis
1036 2151 1215 2237 Arabum
1237 2156 1347 2236 aubia
1364 2158 1406 2237 in
1425 2178 1518 2238 cute
1538 2152 1684 2266 pedum
1702 2157 1745 2234 dt
1764 2181 1918 2238 crorum

490 2265 680 2352 morbose
708 2267 904 2349 craffities.
933 2264 1038 2346 Hac*
1070 2265 1253 2348 crassities
1284 2270 1337 2348 est
1366 2261 1600 2352 cellularum
1628 2273 1669 2348 dt
1701 2265 1910 2348 areolarum

491 2395 626 2461 cutem
651 2379 909 2461 efficientium
938 2378 1099 2458 inflatio.
1129 2376 1295 2490 Stagnat
1320 2381 1362 2458 in
1385 2380 1432 2459 iis
1460 2405 1613 2460 mucus.
1643 2375 1800 2462 Partem
1822 2405 1912 2490 pec-

493 2494 571 2571 cati
594 2493 635 2570 in
655 2491 696 2571 se
714 2489 871 2603 suscipit
893 2487 1085 2598 subjectus
1102 2513 1233 2590 tennis
1255 2485 1486 2588 cellularis;
1513 2488 1618 2572 unde
1640 2491 1771 2574 omnis
1792 2489 1920 2574 sonna

493 2601 622 2712 perit,
651 2605 736 2682 tum
762 2604 965 2684 constriiia
993 2604 1125 2706 cutis,
1158 2603 1385 2685 constridius
1411 2628 1541 2684 textos
1573 2597 1772 2698 cellularis
1804 2630 1918 2688 venas

496 2715 793 2826 comprimunt3
811 2713 1074 2798 extenduntur
1098 2741 1233 2819 vena,
1257 2717 1410 2798 varices
1432 2713 1606 2826 undique
1627 2713 1851 2800 nascuntur.

544 2825 637 2908 Nec
661 2851 793 2908 tamen
815 2829 1041 2938 negaverim
1066 2825 1147 2908 dari
1174 2825 1286 2940 poffe'
1311 2827 1360 2910 ad
1385 2852 1560 2918 mentem
1581 2826 1796 2911 hvicennae
1818 2855 1921 2912 mor-

493 2933 589 3017 bum
603 2937 710 3021 mers
720 2939 954 3021 varicosum.
970 2937 1072 3043 Sed,
1086 2935 1186 3023 licet
1197 2966 1336 3028 omnes
1345 2967 1465 3023 venas
1476 2937 1921 3054 inflatassnpponamns,

494 3055 536 3130 dt
567 3052 682 3132 aueo
709 3049 915 3134 volumine
944 3079 1128 3135 enomres
1143 3113 1159 3158 ,
1191 3079 1237 3134 ut
1259 3051 1375 3156 vidi,
1407 3078 1503 3134 tunc
1537 3051 1716 3164 asperum
1746 3055 1844 3159 fiet,
1879 3061 1921 3138 ἃ

494 3162 598 3268 quusi
619 3162 847 3276 serpentinis
863 3163 1083 3247 tumoribus
1100 3164 1285 3249 deforme
1300 3194 1414 3270 crus,
1436 3163 1545 3275 quod
1567 3193 1654 3247 nou
1673 3169 1763 3248 rarh
1781 3195 1922 3250 occur·

494 3274 570 3375 rit,
591 3272 657 3354 sed
680 3275 808 3356 forma
828 3301 960 3360 tamen
980 3280 1102 3359 cruris
1117 3275 1255 3360 eadem
1280 3280 1483 3370 immutata
1501 3273 1738 3382 servabitur,
1762 3305 1830 3361 aut
1847 3277 1922 3362 sal·

494 3409 576 3466 tem
606 3386 776 3468 amissam
805 3389 942 3498 aquali
970 3389 1323 3472 circumduelarum
1357 3388 1607 3480 fasciolarum
1633 3391 1920 3504 compressione

493 3497 764 3610 recuperabit,
788 3501 896 3609 quod
918 3500 1049 3598 nullus
1072 3503 1211 3609 estqui
1229 3502 1484 3586 nonviderit.

549 3607 683 3694 Causa
696 3616 817 3724 porro
830 3643 913 3722 quae
926 3615 1084 3728 poffimt
1102 3614 1396 3709 difformitatem
1414 3613 1725 3728 elephantiacam
1740 3613 1922 3700 curribus

493 3719 706 3826 inducere,
730 3751 779 3805 ex
795 3751 929 3806 earum
946 3730 1125 3808 omniurn
1141 3755 1296 3840 genere
1310 3726 1396 3809 sunt
1415 3759 1521 3837 qua,
1546 3731 1781 3812 cirmeutim
1809 3733 1921 3812 attin·

492 3858 588 3944 gam
601 3896 615 3940 ‚
660 3833 824 3948 poliunt
855 3865 924 3948 per
959 3837 1178 3926 accidentia
1216 3869 1478 3950 quacumque
1509 3843 1549 3925 in
1580 3867 1706 3953 partes
1741 3844 1922 3954 corporis

492 3945 697 4030 inferiores
729 3947 1005 4055 determinari,
1043 3957 1087 4032 &
1122 3955 1164 4032 in
1201 3980 1272 4036 eas·
1298 3953 1506 4042 amandari·
1539 3951 1743 4036 Cachexia
1778 3958 1920 4063 quavis

463 4075 472 4088 “
493 4056 542 4138 ad
569 4086 671 4142 artus
697 4061 900 4144 inferiores
924 4061 1043 4146 facile
1066 4061 1261 4148 dilabitur.
1287 4063 1422 4147 Potest
1439 4067 1536 4150 verb
1560 4064 1828 4178 elephantiasis
1850 4065 1916 4150 illa

492 4167 558 4250 vel
582 4171 743 4285 simplex
763 4172 840 4255 else
852 4237 865 4278 ,
884 4174 954 4258 vel·
969 4179 1191 4290 herpetica,
1219 4203 1287 4262 aut
1298 4177 1555 4292 scrophulosa
1573 4177 1664 4262 vere
1688 4181 1919 4292 nunctupari.

491 4276 652 4365 Etenim
683 4314 775 4366 cum
806 4289 911 4371 vitiis
950 4291 1024 4372 iliis
1061 4297 1102 4372 bt
1134 4293 1245 4372 omni
1277 4317 1521 4375 venenontm
1554 4318 1698 4403 genere
1732 4293 1919 4375 cachexia

493 4397 642 4503 potest,
669 4400 710 4480 vi
730 4401 817 4480 vira
841 4402 1137 4514 pratermodum
1163 4405 1303 4509 inerti,
1331 4403 1563 4518 complicari
1576 4465 1590 4506 ‚
1618 4429 1737 4512 atque
1763 4402 1917 4488 combi-

490 4505 605 4606 nari,
638 4509 712 4592 hic
750 4511 873 4622 positi
903 4511 1020 4622 quam
1055 4513 1173 4608 facil&
1207 4515 1257 4599 ad
1291 4543 1418 4631 partes
1454 4519 1605 4600 infimas
1641 4513 1918 4599 detemtinabi-

490 4639 566 4698 tur.
597 4615 678 4698 Sed
699 4621 796 4704 nihil
820 4619 1030 4708 efficabilis.
1045 4629 1086 4707 in
1111 4629 1180 4710 has
1207 4656 1335 4741 partes
1363 4631 1574 4712 humorum
1604 4629 1767 4712 accersit
1792 4627 1918 4712 decu·

489 4724 617 4809 bitum
640 4730 756 4836 quam
779 4739 906 4817 otium
933 4742 975 4820 in
1002 4737 1186 4822 domibus
1211 4737 1567 4832 humidioribus&
1591 4739 1693 4826 locis
1719 4740 1745 4822 d
1796 4741 1914 4826 tellis.

489 4835 589 4923 Imb-
606 4839 786 4930 debilitas
814 4847 944 4936 senilis
976 4854 1187 4968 praeprimis
1217 4856 1262 4941 in
1286 4856 1472 4942 hontines
1497 4853 1612 4968 adipe
1642 4879 1811 4940 mucoo
1839 4852 1913 4940 dil'-
