4228 5898
461 463 539 538 ¹7²
905 421 1025 518 Du?
1060 413 1436 517 'M'foilii'fl‘ffs
1575 399 1577 406 Α

459 592 584 680 linens*
603 585 819 679 accerlima
852 589 900 677 In
917 591 1002 694 'illis
1025 583 1107 704 qu'ae
1131 591 1237 680 leves
1260 593 1369 700 sont,
1394 579 1441 702 ac
1467 567 1547 677 lind
1568 587 1748 724 ppriculo'
1767 565 1892 676 stadii

425 761 429 769 ,
458 707 644 822 longiora
672 707 913 812 decurrunt,
945 703 1056 790 calor
1083 729 1198 792 urens
1230 705 1397 820 digitum
1433 731 1629 820 tangentrs
1657 699 1859 787 comburit
1869 713 1891 806 ,“

458 849 569 904 unna
602 847 724 930 aquea
757 821 810 904 est
889 845 944 904 ut1
971 817 1169 932 supprellae
1206 819 1475 935 perspirationi
1510 821 1715 932 competit.
1756 813 1894 904 Alvus·

458 932 555 1018 dura
579 931 799 1048 perstat-‚e
860 925 911 1013 'in
939 928 1196 1016 debilioribus
1221 930 1271 1014 ali
1299 931 1431 1014 uandb
1457 929 1600 1016 laxior.
1639 929 1757 1014 Raro
1778 927 1887 1034 diem
1959 942 1962 948 ’

459 1065 646 1158 quarnrm'
660 1044 818 1129 excedit
834 1040 916 1151 ejus
930 1045 1179 1128 vehementia
1198 1075 1211 1146 ;
1233 961 1358 1158 vulgo
1372 1044 1555 1160 septimus
1571 1042 1652 1126 dies
1670 1044 1890 1126 terminum

459 1155 669 1244 constituit.
692 1157 904 1248 Diarrhoea
921 1157 1057 1240 critica
1074 1155 1262 1240 morbum
1281 1155 1418 1266 tollit,
1445 1183 1511 1242 aut
1533 1152 1738 1264 sudoribus
1762 1155 1891 1254 finentf

457 1269 542 1356 ille·
556 1272 713 1383 accipit.
750 1270 861 1353 Atsr
895 1266 1004 1352 nulla
1035 1268 1148 1352 detur
1179 1263 1311 1354 similis
1338 1274 1551 1377 vacuatio,
1585 1293 1687 1353 toto·
1713 1292 1890 1380 corpore

457 1383 540 1468 vidi
568 1384 734 1466 infantes
760 1379 914 1488 inflari,
932 1379 1021 1466 vidi
1051 1377 1150 1465 alios
1176 1383 1273 1465 stran
1329 1380 1384 1465 rii
1410 1384 1569 1486 vexari,
1600 1379 1754 1491 aliquos
1777 1379 1889 1462 tusus·

387 1597 395 1609 ,
459 1495 583 1584 ferina
603 1513 699 1625 'perp
713 1493 843 1626 plures
874 1493 1030 1579 menses
1056 1481 1252 1606 angebat.¹
1316 1523 1368 1579 oc
1394 1497 1435 1578 in
1449 1491 1608 1578 ‘mo‘rbo
1636 1491 1888 1576 momentosa'
1962 1597 1965 1604 v

461 1609 628 1723 eruptio*
646 1633 783 1690 ennea
815 1608 1006 1713 nonest,
1041 1613 1083 1690 δι
1114 1603 1286 1690 salutaris
1317 1606 1396 1691 dici
1430 1636 1512 1690 non
1543 1591 1887 1721 potest‘squippd

461 1719 662 1805 silentiam
680 1718 811 1803 morbi
835 1749 917 1804 non
945 1743 1077 1825 curat,
1111 1745 1187 1803 nec
1211 1716 1316 1804 levat
1339 1718 1632 1835 symptomata‚·
1654 1727 1729 1801 nec
1753 1712 1886 1802 tamen'

459 1829 550 1920 tolli
572 1832 656 1914 stne
678 1829 856 1944 periculo
883 1830 1030 1947 pollet,
1059 1832 1149 1940 quia
1168 1859 1267 1942 quas
1284 1859 1456 1946 occupat
1472 1858 1598 1946 partes
1619 1831 1647 1913 st
1667 1859 1749 1913 non
1773 1831 1888 1913 iuva*

460 1944 560 2030 fillet
573 2005 587 2048 ,
621 1943 728 2026 certe
761 1973 942 2057 magnam
971 1943 1132 2027 inferret
1189 1946 1378 2028 etniciem
1407 1942 1578 2059 partibus
1611 1941 1694 2026 aliis
1727 1937 1887 2054 quibus-

460 2082 646 2166 cumque.
676 2055 768 2140 Nec
795 2083 924 2139 rarum
945 2059 1057 2140 estin
1084 2081 1125 2138 tu
1159 2086 1193 2164 1,
1219 2056 1308 2162 seu,
1334 2082 1379 2140 ut
1405 2061 1512 2141 aiunt
1534 2053 1738 2140 Perdulcis
1769 2055 1887 2163 atque

460 2166 689 2273 Ballonius,
710 2167 865 2282 pertussi
881 2168 1096 2274 infantum,
1116 2167 1214 2251 datis
1229 2172 1467 2278 notaminis,
1486 2171 1609 2252 cutim
1624 2163 1788 2252 maenis
1807 2159 1887 2250 ἰαὶ

463 2281 547 2386 dari
567 2305 683 2390 atque
702 2277 877 2396 papulis,
901 2309 984 2392 quae
1010 2278 1078 2364 ubi
1101 2279 1221 2365 semel
1243 2307 1454 2395 eruperunt
1476 2279 1660 2365 tollendae
1684 2310 1767 2364 non
1786 2275 1885 2392 sunt}

462 2395 531 2476 Sic
547 2396 665 2477 etiam
680 2393 762 2477 ferd
782 2393 862 2476 sem
914 2425 932 2476 r
951 2393 1149 2510 suppressa
1165 2392 1433 2507 perspirationi
1452 2391 1701 2504 quicumque
1722 2397 1763 2478 in
1777 2417 1887 2476 atate

458 2505 736 2621 superveniunt
757 2421 928 2620 popul}
949 2505 1142 2621 praecipue
1164 2504 1233 2589 ubi
1259 2503 1386 2590 serum
1412 2533 1503 2590 acre
1529 2507 1711 2591 exundat.
1744 2507 1888 2589 Serum

457 2615 567 2704 illud
580 2643 670 2702 acre
689 2618 850 2702 dolores
871 2620 1229 2704 vehementiffimos
1273 2621 1472 2702 unoorios
1488 2622 1634 2703 excitat
1649 2621 1696 2701 in'
1711 2613 1887 2702 febribus

459 2728 683 2817 mobilitate
703 2729 786 2849 ipsi
809 2730 1078 2847 desperantes,
1101 2731 1152 2816 de
1174 2651 1315 2843 quibus
1337 2757 1418 2815 tarn
1441 2731 1537 2846 sape
1559 2735 1642 2845 egit
1663 2736 1726 2836 (u)
1750 2725 1887 2812 Balloz

357 2852 361 2858 ’
455 2847 550 2930 'nius
574 2851 616 2928 ὃ(
636 2870 719 2928 tam
739 2841 878 2950 douc,
903 2869 971 2927 aut
989 2843 1131 2928 sudore
1146 2845 1307 2929 utinoso
1326 2853 1368 2930 ὃ(
1387 2843 1542 2950 fetido,
1568 2869 1635 2927 aut
1706 2836 1887 2926 nfflcuh'l

461 2952 723 3069 prurientibus
759 2953 959 3040 celsantes.
987 2955 1214 3067 Aliquando
1244 2983 1388 3041 tament
1403 2957 1531 3041 serum
1560 2951 1631 3040 illu
1690 2958 1732 3037 in
1760 2955 1888 3038 cutim

461 3067 659 3150 atilionem
685 3069 811 3150 exerit
821 3128 837 3174 ‚
873 3094 948 3150 uec
977 3070 1104 3152 rninirs
1129 3093 1261 3153 tamen
1289 3095 1417 3197 paptes
1447 3071 1615 3152 internas
1647 3075 1776 3151 vexat.
1816 3067 1888 3150 Sis

331 3235 338 3250 ·
462 3175 560 3292 saepb
582 3174 867 3262 violentiffimis
886 3176 1090 3264 doloribus
1111 3183 1318 3266 arthriticis
1338 3208 1550 3295 junguntur
1568 3173 1718 3262 summd
1738 3176 1890 3263 dolori*—

464 3293 549 3378 ficae
580 3297 622 3374 dt
649 3289 737 3374 sero
768 3289 905 3376 emillo
938 3294 1061 3376 cutim
1089 3293 1297 3378 erodentes
1350 3293 1566 3406 hlyooenaev
1586 3321 1670 3402 quae
1703 3293 1891 3376 filerunt

463 3401 565 3491 illud
590 3399 759 3510 tollant,
788 3406 930 3488 criticas
954 3403 1128 3490 dicenda
1153 3432 1303 3514 erunt,x
1321 3325 1376 3489 dn
1402 3409 1528 3489 minius
1553 3405 1887 3518 symptomaticae‚

463 3545 607 3632 agrum
621 3545 695 3631 pro
705 3513 810 3602 varii
820 3516 978 3602 ferociae
992 3515 1126 3602 naturl
1137 3515 1224 3633 plirs
1240 3515 1414 3604 minusve
1430 3541 1574 3632 angant
1591 3516 1890 3630 &torquebunt

437 3628 614 3742 smise'rd.
667 3665 672 3675 ·
744 3697 747 3704 ⁴
830 3665 866 3682 ¹·

431 4989 439 5040 .

12 5287 16 5416 r

520 3743 606 3850 At,
635 3739 745 3853 quod
765 3741 1076 3856 peffimumseli,
1107 3741 1343 3854 quandoque
1368 3742 1419 3824 in'
1435 3769 1679 3858 gangraenam
1691 3806 1705 3853 ,
1739 3737 1823 3823 imo
1845 3747 1889 3823 dt

464 3851 693 3970 sphacelum
717 3854 833 3938 versa
858 3855 956 3940 sunt.
984 3855 1194 3966 Tantaque
1217 3855 1303 3939 saevl
1321 3853 1433 3962 hujus
1457 3859 1579 3963 acris,
1601 3849 1685 3939 imb
1707 3855 1889 3940 acerrimi

451 3969 539 4052 .fuit
552 3966 759 4052 virulentia
777 3970 819 4050 in
838 3967 1038 4052 Senatoris
1061 3965 1260 4076 cujusdam
1283 3975 1325 4052 δι
1374 3993 1491 4052 encre
1512 3975 1553 4051 ot
1577 3965 1753 4053 dodtinl
1772 3957 1889 4049 orna·-

462 4079 595 4164 tilsrmi
621 4079 744 4196 pede,
773 4105 937 4186 utcum
964 4080 1165 4164 arthritide
1183 4090 1269 4163 orta
1291 4109 1317 4196 p
1339 4084 1517 4272 ¹ptisana
1536 4075 1725 4168 levissima
1749 4077 1888 4164 sensim

465 4191 670 4278 eradendo
690 4190 900 4308 phalangas
924 4219 1061 4277 omnes
1079 4192 1189 4308 pedis
1212 4190 1355 4304 sphace
1373 4219 1400 4274 o
1419 4198 1661 4306 corruperit,
1679 4197 1889 4302 virumque

462 4299 623 4388 meliori
649 4303 731 4386 fato
763 4305 801 4388 di
833 4337 928 4390 num
950 4309 1053 4390 inter
1089 4307 1284 4388 cruciatus
1314 4328 1496 4388 enormes
1520 4304 1646 4394 ¹m'orti
1682 4299 1892 4390 devoverit

446 4411 573 4498 ⁸febre
598 4443 701 4498 nunc
726 4335 832 4500 land
844 4479 859 4522 ‚
879 4443 994 4502 nunc
1016 4415 1155 4503 connd
1175 4414 1434 4500 ardentillimi
1454 4425 1495 4500 δι
1521 4413 1709 4538 acerrimi
1717 4441 1735 4524 ‚'
1754 4441 1794 4500 at
1818 4441 1891 4527 per

445 4522 692 4639 ¹irregulares
712 4527 1156 4644 paroxysmossplurium
1175 4533 1422 4644 integrorum
1440 4529 1632 4612 mensium
1650 4530 1774 4646 spatio
1794 4551 1890 4644 cor-

446 4663 632 4756 reptum.
778 4682 781 4690 ,
1383 4677 1387 4686 ·

519 4747 689 4834 Ultimus
711 4751 765 4834 est
783 4755 825 4838 in
832 4709 993 4840 morbis
1011 4757 1134 4842 acutis
1156 4763 1198 4840 dt
1213 4753 1386 4843 mammd
1402 4751 1532 4868 letalis
1548 4754 1596 4842 ad
1614 4754 1738 4844 cutim
1759 4751 1892 4845 exitus

503 4875 995 4970 (occulllibqnafin,
1072 4973 1076 4982 1
1138 4927 1167 4972 ι.
1340 4919 1344 4932 ·
