4730 5892
642 471 725 553 420
1082 427 1624 525 DE'MORBIS

645 607 779 692 sanato
809 599 887 710 jam
920 599 1065 686 morbo
1099 600 1281 714 reliquias
1309 600 1576 715 coagmentati
1605 587 1714 677 muci
1743 614 1812 708 per
1838 585 2063 710 firninculor

646 715 776 825 ejicit,
798 725 839 800 dt
859 713 1049 800 abscessus
1069 715 1375 815 furunculosos3
1401 713 1468 797 fed
1487 715 1571 794 hac
1588 704 1790 790 causarum
1810 707 2063 790 inflammato·

645 835 790 916 riarum
810 828 956 933 clalfrs,
972 835 1065 911 clun
1081 826 1207 942 vulgo
1225 833 1266 910 in
1286 825 1489 942 glandulas
1506 822 1684 907 desaeviat
1701 844 1933 928 textumque
1954 815 2065 900 cellu-

645 942 770 1028 larem
793 938 1110 1048 circumjeilum,
1126 945 1193 1026 vix
1217 945 1320 1024 inter
1341 934 1506 1038 morbos
1530 959 1720 1020 cutaneos
1740 931 1978 1018 recensenda
1994 933 2062 1030 est3

645 1083 772 1165 eaque
796 1055 842 1135 fit
869 1053 1108 1137 abfcelfirum
1135 1054 1259 1137 clalfrs
1284 1079 1402 1162 quam
1431 1049 1699 1162 Hippocrates
1726 1049 1780 1129 ait
1794 1108 1807 1151 ,
1837 1041 2064 1178 copioslsps

643 1166 735 1252 albe
751 1163 862 1248 utini
879 1167 1023 1249 affatim
1038 1165 1176 1250 educta
1198 1167 1385 1280 praeverti.
1412 1163 1473 1244 Ex
1494 1163 1554 1244 his
1575 1184 1682 1274 patet
1704 1155 1822 1270 quim
1840 1153 2063 1270 multae‘pos-

644 1282 719 1364 frnt
742 1275 965 1384 hujusmodi
985 1305 1161 1362 tumores
1189 1279 1375 1374 invehere
1401 1275 1521 1360 caufae
1543 1271 1832 1378 accidentales,
1854 1299 1905 1354 ex
1931 1267 2063 1380 quibus

642 1389 713 1476 illa
728 1421 812 1501 quae
829 1390 877 1474 ad
892 1419 965 1475 nos
980 1390 1172 1507 praecipue
1187 1391 1238 1476 de
1252 1386 1401 1472 morbis
1421 1389 1595 1470 cutaneis
1613 1382 1863 1468 traslantibus
1882 1386 2062 1497 pertinet,

644 1533 693 1588 ea
714 1507 766 1588 est
792 1533 875 1613 quae
901 1503 1066 1588 debetur
1090 1502 1261 1618 partibus
1287 1503 1479 1586 extraneis
1507 1497 1660 1582 acribus
1673 1561 1687 1605 ,
1715 1528 1800 1608 quae
1827 1525 1922 1581 cum
1952 1523 2065 1580 muco

643 1614 873 1730 jungantur,
888 1643 980 1701 eum
992 1617 1194 1724 inficiunt,
1211 1624 1253 1700 δι
1273 1616 1622 1698 inflammationem
1643 1613 1847 1696 concitant
1894 1635 1938 1692 er
1959 1638 2064 1719 quam

643 1731 853 1843 deputatio
870 1731 937 1836 fit,
953 1760 1037 1841 quae
1050 1730 1212 1840 quidem
1224 1729 1312 1811 rari>
1324 1732 1378 1811 ita
1395 1724 1574 1810 absoluta
1588 1726 1664 1831 est,
1683 1749 1729 1808 ut
1743 1752 1825 1806 non
1839 1640 1923 1806 aliis
1940 1749 2062 1804 natura

566 1911 571 1920 .
643 1868 761 1956 egeat
779 1841 913 1925 similis
933 1841 1080 1926 indolis
1103 1839 1322 1925 tumoribus
1345 1869 1414 1956 per
1436 1867 1536 1949 quos
1559 1863 1680 1920 omne
1703 1840 1812 1920 virus
1828 1833 2061 1948 expellatur3

643 1953 752 2040 unde
778 1955 824 2035 lit
844 1981 888 2036 ut
912 1957 980 2062 qui
1001 1956 1150 2068 priores
1175 1954 1381 2036 nascuntur
1405 1947 1606 2034 furunculi
1629 1958 1670 2034 dt
1687 1945 1874 2054 majores,
1896 1955 1937 2030 ὃ(
1954 1949 2062 2032 vehe-

643 2071 860 2154 mentiores
883 2067 984 2166 frnt3
1007 2069 1074 2176 qui
1093 2063 1223 2180 posted
1249 2063 1523 2171 suboriuntur,
1546 2064 1719 2148 minores
1742 2071 1784 2146 ἃ
1804 2058 2007 2146 volumine
2024 2067 2061 2144 dt

643 2177 914 2266 accidentibus
933 2176 1110 2263 evadant.
1322 2253 1325 2262 Δ

700 2291 763 2375 Ex
787 2289 861 2374 hic
891 2290 1157 2375 accidentium
1187 2322 1270 2402 quae
1296 2287 1532 2376 furunculos
1561 2293 1802 2375 comitantur
1826 2287 2059 2402 expolitione

641 2401 763 2488 facile
783 2405 835 2485 cll
856 2402 1099 2488 concludere
1122 2404 1321 2517 duplicem
1342 2404 1421 2490 effe
1450 2407 1662 2489 curationis
1689 2400 1915 2487 servandam
1941 2403 2059 2502 viam,

643 2543 721 2599 nec
744 2513 868 2597 frmile
887 2515 963 2600 elle
983 2515 1196 2599 furunculo
1216 2518 1390 2630 prasenti
1415 2517 1591 2622 mederi,
1621 2541 1687 2598 aut
1709 2514 1864 2598 causam
1884 2514 2062 2597 furuncu-

642 2625 779 2710 lorum
806 2624 967 2711 subinde
989 2627 1231 2712 nascentium
1254 2633 1457 2744 attingere.
1496 2627 1663 2712 Scilicet
1685 2625 1884 2740 duplicem
1905 2628 1970 2706 hic
1994 2621 2064 2706 dif-

642 2742 771 2851 tingui
795 2727 939 2824 debere
965 2745 1235 2848 curationem,
1257 2740 1417 2826 alteram
1440 2769 1483 2826 ut
1501 2740 1718 2852 loquuntur
1735 2737 1899 2842 fcholae,
1927 2733 2062 2848 pallia-

641 2853 786 2958 tivam,
808 2857 1023 2935 curativum
1043 2853 1233 2959 alteram,
1256 2854 1297 2937 id
1323 2859 1375 2938 el'r
1384 2918 1398 2961 ,
1423 2885 1507 2967 quae
1524 2855 1655 2939 fontes
1675 2851 1768 2936 mali
1791 2859 1830 2936 Gt
1849 2849 1999 2932 causam
2017 2849 2060 2929 in

639 2963 707 3047 san
738 2966 829 3049 uine
849 2965 1059 3048 radicatam
1081 2967 1197 3081 polfrt
1218 2993 1408 3052 evertere.

697 2993 901 3161 falliativa
916 3078 1074 3188 quidem
1092 3078 1313 3185 furunculi,
1335 3082 1550 3194 phymatis,
1566 3105 1684 3191 atque
1700 3073 1904 3193 phygetlrli
1918 3077 2064 3160 cruatio

640 3217 712 3304 per
723 3190 766 3301 fe
777 3188 937 3304 simplex
950 3189 1016 3296 est,
1034 3191 1191 3274 &mere
1206 3195 1440 3304 chirurgica.
1455 3193 1503 3276 Id
1513 3197 1619 3278 enim
1631 3222 1690 3277 ars
1702 3189 1869 3307 postulat
1884 3216 1926 3272 ut
1941 3189 2063 3272 omnis

639 3302 691 3386 ad
714 3328 851 3386 cutem
878 3302 1007 3388 delata
1033 3307 1212 3394 materies
1239 3302 1348 3387 felici
1373 3305 1651 3420 suppuratione
1676 3302 1867 3409 tollatur,
1897 3298 2065 3399 succres-

638 3442 812 3526 cantque
835 3425 946 3500 nova
979 3411 1056 3522 jam
1091 3445 1172 3498 non
1201 3419 1409 3527 inquinata
1438 3421 1562 3502 veteri
1592 3419 1793 3502 fermento
1823 3413 1989 3500 cellula.
2021 3412 2066 3496 In

639 3531 828 3724 phpmate
842 3532 970 3612 onmis
983 3533 1024 3610 in
1039 3530 1356 3646 suppurationem
1371 3528 1452 3615 abit
1467 3557 1679 3614 contentus
1693 3533 1859 3634 humor,
1876 3531 1920 3612 in
1936 3527 2065 3610 sumn·

639 3669 691 3724 cu
709 3670 737 3724 o
758 3641 923 3756 superest
943 3642 1058 3724 malla
1078 3641 1309 3756 coagulata,
1331 3647 1512 3757 pinguis,
1537 3669 1843 3755 coagmentata,
1867 3671 1952 3752 quac
2004 3665 2068 3721 ure

639 3753 967 3863 circumundique
1002 3758 1160 3861 cinila,
1194 3754 1243 3837 ab
1274 3754 1458 3840 omnibus
1487 3755 1655 3839 vinculis
1686 3751 1918 3840 exsolvitur.
1959 3670 2070 3836 Illuc

638 3895 761 3951 omne
774 3895 845 3981 per
865 3865 1122 3978 emplastra&
1143 3897 1342 3980 unguenta
1360 3872 1589 3952 maturantia
1606 3871 1812 3980 negotium
1833 3853 2068 3968 abldlvitur‚

636 3980 764 4062 modo
787 3976 900 4062 fimul
924 3976 992 4062 illa
1013 3976 1231 4062 emolliant.
1255 3980 1371 4072 Unde¹
1393 4011 1466 4095 pro
1487 4009 1529 4064 re
1548 3981 1636 4064 nati
1651 4007 1769 4091 atque
1796 3977 1954 4063 diverfis
1965 4037 1980 4083 ,
2000 4003 2070 4060 aut

637 4096 765 4196 cutis,
792 4119 858 4176 aut
877 4090 969 4175 mali
992 4091 1248 4174 carafleribus
1270 4093 1421 4204 prafert
1448 4093 1594 4176 Chirur
1651 4125 1667 4176 s
1693 4121 1797 4176 nunc
1824 4113 2073 4204 unguentum

635 4202 816 4308 fuscum,
835 4233 941 4288 nunc
961 4201 1191 4310 basilicum,
1213 4233 1318 4286 nunc
1339 4208 1458 4288 etiam
1481 4123 1697 4320 populeium
1712 4205 1843 4288 ferinis
1859 4209 2076 4288 remixtum

635 4314 749 4398 simul
769 4315 1041 4428 mucilagineis
1056 4379 1070 4422 ,
1099 4315 1290 4427 frmulque
1317 4316 1482 4402 acribus.
1509 4317 1639 4403 Antei
1666 4345 1827 4424 tamen,
1854 4319 1881 4400 fr
1909 4315 2078 4402 dolores

634 4431 807 4513 acriores
839 4427 984 4514 suerint
1013 4437 1055 4511 δι
1087 4433 1188 4512 cutis
1219 4429 1346 4514 adhuc
1380 4434 1548 4537 intaeta,
1576 4457 1724 4545 partem
1754 4429 1926 4515 emolliit
1956 4457 2079 4540 atque

636 4539 797 4624 dolores
812 4540 1058 4656 compescuit
1072 4567 1141 4652 per
1151 4539 1457 4655 applicationem
1471 4542 1789 4657 cataplasmatum
1800 4605 1813 4648 ,
1824 4541 2056 4738 parantium
2065 4606 2080 4650 ,

634 4651 949 4760 emollientium,
969 4653 1257 4762 anodynorum.
1279 4658 1336 4739 At
1356 4655 1631 4771 suppuratione
1646 4653 1765 4739 semel
1785 4655 1820 4738 fa
1860 4653 1882 4738 i
1905 4683 1970 4742 res
1990 4685 2083 4758 om·¹

636 4768 735 4848 nino
753 4791 894 4846 nature
915 4764 1223 4872 committenda,
1247 4795 1330 4874 quac
1351 4766 1461 4853 brevi
1479 4765 1623 4852 nulliirs
1643 4771 1838 4852 momenti
1858 4771 1933 4874 est,
1954 4797 2086 4880 arque
2192 4831 2193 4872 ÷

634 4875 726 4978 leve
755 4875 898 4966 vuhrus
928 4875 1217 4991 consolidatur,
1241 4881 1359 4968 ctiam
1388 4881 1469 4970 stne
1501 4877 1581 4968 ulla
1615 4884 1831 4999 cicatrice,
1868 4883 1898 4966 sr
1937 4909 2087 4968 tamen
2192 4945 2193 4950 a
