4536 5882
607 365 695 482 aar
1062 361 1167 452 nn
1232 355 1601 454 nonsrs

487 607 490 612 .
612 525 815 635 nendisja'd
824 531 907 616 hac
919 530 1012 614 loca
1023 529 1257 616 humoribus
1268 529 1527 616 foetiditas.Ut
1538 553 1668 614 autem
1678 521 1946 642 exspiscemur
1956 519 2043 644 quid

613 649 656 728 in
675 648 735 730 his
754 675 813 728 ars
827 643 980 758 valeat,
997 638 1111 750 hujus
1132 643 1260 728 foetidi
1277 645 1412 730 odoris
1428 648 1543 759 origo
1558 642 1671 727 altius
1691 641 1966 755 perpendenda
1981 647 2041 734 esl.

528 793 531 802 ⁴
612 757 663 842 Id
677 761 797 872 porro
814 762 989 840 natu'ram
1009 755 1255 843 observando
1273 763 1545 862 inveniemus,
1571 759 1704 840 omnia
1726 753 1919 840 infantilis
1933 761 2041 842 arans

614 899 812 986 corpora,
840 868 1010 955 odorem
1023 869 1238 978 eumdem,
1263 871 1342 957 srve
1371 869 1574 976 sudando,
1597 870 1675 951 srve
1695 871 1801 950 inter
1827 867 2042 954 cubandum

613 983 825 1087 exhalare,
851 984 879 1066 fr
906 1013 1054 1098 paucos
1083 988 1284 1101 excipias,
1310 984 1459 1096 eosque
1481 981 1571 1066 tuso
1598 987 1640 1064 δι
1665 1007 1790 1064 aureo
1818 979 2041 1098 capillorum

611 1097 758 1182 colore
775 1095 972 1205 donatos,
1000 1125 1092 1184 cute
1111 1099 1414 1214 praetermodum
1432 1093 1588 1201 albida,
1614 1093 1683 1178 sed
1708 1121 1832 1204 quam
1848 1096 2042 1208 lentigines

614 1209 871 1296 dedecorant.
902 1210 1022 1296 Odor
1042 1209 1112 1296 ille
1132 1241 1181 1298 ex
1208 1211 1393 1296 omnibus
1419 1209 1528 1323 aque
1558 1205 1729 1347 partibus
1756 1207 1903 1320 spirat,
1922 1209 2038 1293 forsan

614 1323 811 1408 distinslus
839 1326 962 1437 magis
988 1353 1038 1409 ex
1067 1353 1137 1410 ore
1151 1389 1165 1433 ,
1197 1323 1439 1441 &partibus
1471 1324 1581 1438 supra
1608 1319 1721 1404 dietis
1734 1380 1750 1425 ,
1780 1321 2037 1408 fermentantis

613 1440 723 1552 pastae
747 1433 934 1544 aemulus,
962 1435 1164 1548 aliquanto
1190 1438 1333 1522 fortior
1359 1465 1409 1522 ex
1436 1439 1511 1520 istis
1525 1496 1540 1543 ,
1573 1441 1615 1517 &
1643 1430 1872 1518 rancidulus
1900 1437 2036 1550 semper

615 1553 669 1635 est
691 1553 738 1632 iis
759 1551 827 1658 qui
857 1546 910 1631 ob
940 1552 1177 1662 iniquiorem
1206 1552 1353 1636 fortem
1368 1613 1382 1658 ,
1411 1558 1453 1632 &
1477 1548 1655 1633 lavantur
1679 1547 1834 1652 minus,
1862 1555 1900 1630 δι
1927 1551 2035 1634 velles

615 1663 773 1748 easdem
796 1659 928 1746 illotas
954 1663 1107 1748 servare
1135 1663 1279 1749 diutins
1308 1690 1518 1779 coguntur.
1546 1663 1602 1744 Ar
1623 1657 1693 1742 ubi
1716 1655 1795 1768 jam
1821 1687 1978 1771 utroque
1996 1667 2033 1744 in

616 1776 711 1860 sexu
740 1772 920 1889 pubertas
951 1773 1154 1885 effloruit,
1182 1775 1421 1889 evolutaque
1452 1804 1597 1888 organa
1621 1802 1751 1857 novos
1776 1771 1963 1883 liquores,
1993 1783 2032 1860 δι

615 1916 764 1972 novam
791 1887 981 1972 induxere
1005 1887 1177 2002 partibus
1202 1891 1372 1974 sormam
1385 1953 1399 1997 ,
1426 1915 1522 1972 tunc
1548 1886 1651 1970 odor
1679 1885 1878 2000 specificus
1900 1891 2030 1972 emicat

616 2000 724 2084 varie
747 2000 788 2079 in
812 2001 940 2084 variis.
968 2002 1029 2082 Ita
1051 1999 1175 2113 vulgi>
1201 2007 1242 2084 in
1267 2002 1430 2086 robustis
1459 1997 1582 2108 major
1608 2025 1725 2109 atque
1749 2000 1887 2084 fortior
1912 2029 2027 2083 anno·

616 2135 751 2214 tatur,
778 2112 819 2192 in
835 2106 1039 2208 ⁴debilibus
1065 2115 1223 2220 minor,
1252 2117 1293 2197 in
1322 2112 1530 2198 debilitatis
1554 2121 1594 2196 ὃ(
1621 2109 1642 2194 ὲ
1665 2111 1805 2194 morbo
1824 2117 1925 2224 gravi
1947 2114 2026 2226 pon

518 2215 530 2236 ⁶
616 2250 779 2336 magnas
805 2227 1062 2308 vacuationes
1093 2223 1247 2309 nullum
1274 2227 1488 2311 odoramur
1510 2257 1522 2326 ς
1553 2253 1636 2308 non
1659 2249 1807 2306 notatur
1830 2227 1961 2336 pariter
1980 2228 2019 2309 in

616 2337 836 2441 eunuchis,
857 2363 924 2418 aut
941 2335 1077 2422 saltem
1092 2338 1305 2424 advertitur
1324 2339 1594 2441 debilior.,Par
1607 2341 1723 2422 etiam
1736 2335 2024 2449 feminasregula

618 2449 935 2563 comprehendit.
960 2452 1166 2564 Viragines
1193 2456 1301 2538 enim
1324 2461 1366 2538 &
1388 2456 1429 2536 in
1448 2448 1683 2536 indomitam
1699 2476 1876 2536 venerem
1898 2478 2027 2563 pronas

618 2561 723 2644 odor
742 2561 949 2674 specificus
972 2562 1147 2676 desrgnat
1157 2624 1170 2669 ‚
1195 2564 1383 2651 delicatas
1409 2569 1546 2649 minor.
1563 2565 1762 2678 distinguit
1780 2563 1900 2668 odor,
1919 2593 2029 2676 agro-

615 2671 790 2760 tantibus
813 2684 856 2760 Gt
882 2673 1078 2788 languidis
1098 2675 1206 2762 nulla
1230 2682 1325 2764 inest
1345 2677 1458 2765 olens
1479 2679 1660 2761 secretio.
1685 2679 1833 2761 Veritm
1851 2676 2031 2762 diversrtae

616 2787 757 2900 ingens
776 2789 911 2872 odoris
929 2791 981 2872 est
995 2787 1103 2876 illisas
1123 2789 1325 2904 specifici,
1338 2821 1410 2906 pro
1430 2795 1530 2876 cutis
1550 2789 1665 2904 ipsuis
1685 2788 1907 2874 diversatate.
1923 2789 2030 2874 Rusis

618 2905 726 2986 enim
753 2909 795 2984 &c
828 2906 1028 3018 nigrante,
1052 2902 1118 2988 sed
1139 2905 1287 2990 hirsuto
1311 2909 1419 2989 crine
1442 2905 1596 2988 donatis
1623 2906 1751 3017 gravis
1778 2906 1905 2987 hircus
1925 2902 2031 2987 cubat

616 3014 689 3125 sub
715 3013 871 3123 axillis,
900 3016 950 3101 ael
969 3016 1165 3125 scrotum,
1187 3045 1254 3103 aut
1272 3016 1457 3126 vulvam,
1482 3027 1523 3102 ὃ(
1547 3045 1654 3133 pone
1675 3045 1801 3102 aures.
1822 3017 1946 3100 Sudor
1961 3019 2033 3100 exit

617 3133 762 3242 pariter
782 3128 912 3212 olidus
929 3161 941 3231 3
962 3128 1239 3240 &quanquam
1260 3161 1344 3218 rara
1361 3133 1455 3238 smt,
1477 3160 1552 3216 nec
1573 3131 1751 3246 neganda
1771 3159 1903 3216 tamen
1915 3159 2034 3215 exem·

617 3239 683 3351 pla
699 3243 908 3324 hominum
923 3250 965 3325 δι
980 3240 1002 3323 h
1015 3238 1172 3350 Boyleo
1188 3250 1230 3327 ὃ(
1249 3242 1502 3351 hveteribus,
1517 3248 1601 3328 tiam
1613 3245 1809 3354 Medicis,
1824 3253 1906 3329 tiam
1919 3245 2034 3330 Histo-

617 3356 710 3436 ricis
732 3359 942 3436 citatorum
963 3349 1104 3464 quibus
1127 3354 1328 3467 fmgularis
1353 3357 1533 3442 lsudore
1552 3359 1759 3472 fragrantia
1783 3363 1897 3444 nafes
1913 3357 2035 3466 jucun-

619 3465 770 3550 dilfrme
796 3464 1037 3580 perculerit,
1074 3491 1202 3574 teter,
1233 3471 1317 3553 imo
1349 3477 1391 3553 ἃ
1420 3469 1629 3556 nauseosus
1656 3470 1759 3555 odor
1786 3469 1808 3555 a
1839 3477 1929 3560 rufis
1953 3501 2036 3588 pta·

618 3579 737 3693 cipue
770 3578 959 3686 exhalat,
984 3578 1128 3664 sudore
1151 3586 1381 3689 concitato,
1403 3585 1527 3698 magis
1551 3582 1747 3668 notabilis.
1776 3584 1905 3671 Hunc
1931 3591 2036 3699 porris

616 3699 712 3776 cum
731 3689 752 3774 a
769 3689 896 3776 nativi
912 3694 1188 3789 constitutione
1202 3695 1395 3807 pendeat,
1419 3699 1583 3780 omnino
1600 3705 1642 3782 8(
1657 3696 1838 3784 absolute
1852 3703 2037 3818 persanare

616 3802 818 3919 piaculum
848 3807 900 3888 est
914 3865 929 3910 ,
970 3803 1203 3890 diffimulare
1234 3807 1528 3894 difficillimum.
1564 3811 1610 3893 Si
1641 3813 1707 3895 cui
1734 3837 1871 3898 tamen
1903 3815 2039 3900 semina

616 3918 756 4003 vitium
774 3915 873 4000 illud
887 3917 1096 4024 inciderit,
1113 3917 1290 4002 solemne
1308 3923 1375 4034 ipsr
1392 3923 1445 4007 est
1460 3947 1504 4005 ut
1518 3921 1684 4008 sacculis
1699 3952 1748 4008 ex
1760 3923 1937 4018 alumine
1952 3957 2040 4012 con·-

617 4030 730 4114 fechis
758 4027 859 4114 illud
891 4027 1113 4114 disfrmulet.
1155 4029 1248 4116 Hos
1279 4037 1379 4119 intra
1408 4037 1634 4119 vestimenta
1662 4037 1865 4125 consuunt
1878 4104 1894 4150 ,
1924 4043 2043 4152 sicque

616 4145 876 4255 repercutitur
894 4146 1037 4227 humor
1052 4146 1117 4226 cui
1133 4147 1282 4252 exitus,
1298 4171 1344 4229 ut
1361 4147 1455 4261 pote
1470 4154 1771 4236 excrementitio
1781 4213 1794 4258 ,
1817 4155 2042 4242 necessarius

618 4281 701 4338 erat
721 4287 735 4355 3
754 4255 858 4338 unde
877 4259 1019 4340 refluus
1034 4255 1126 4361 ille,
1143 4283 1209 4341 aut
1228 4261 1269 4340 in
1290 4285 1427 4372 caput,
1452 4263 1579 4344 autin
1597 4265 1770 4352 thoracis
1784 4265 1861 4350 vel'
1877 4267 2046 4354 abdomi-

615 4367 678 4448 nis
706 4369 854 4452 viscera
886 4366 1046 4458 millena
1074 4369 1178 4452 mala
1207 4374 1393 4478 accersit,
1419 4380 1462 4455 &
1489 4401 1659 4459 mortem
1687 4378 1808 4491 ipsam
1828 4379 2043 4467 delicatulis

614 4477 793 4587 invehit,
819 4483 887 4574 vix
909 4481 989 4566 ullai
1013 4507 1094 4568 arte
1118 4482 1359 4596 fugiendam.
1384 4487 1513 4571 Satius
1533 4490 1586 4576 est
1608 4485 1685 4571 illis
1710 4491 1923 4579 consulere
1945 4520 1987 4578 ut
2007 4498 2045 4578 in

614 4588 781 4674 lavandi
807 4621 899 4678 cute
927 4593 1051 4705 estque
1075 4596 1313 4707 detergendal
1337 4627 1382 4682 ac
1404 4599 1598 4683 mutandis
1621 4600 1790 4689 vestibus
1812 4635 1950 4690 curam
1973 4609 2046 4690 im·

614 4703 788 4818 pendant
809 4704 1043 4813 sollicitam,
1065 4708 1171 4792 unde
1189 4709 1445 4796 dissimuletur
1467 4713 1596 4819 odor,
1622 4742 1740 4824 quem
1758 4719 1863 4802 varia
1878 4720 2043 4805 admixta

609 4845 790 4924 ,aromata
815 4818 1023 4909 immutant
1050 4821 1236 4934 quidem,
1257 4823 1324 4911 sed
1345 4854 1428 4920 non
1457 4828 1662 4944 corrigunt
1692 4829 1922 4918 admodum.
1945 4831 2046 4917 Arsa

1856 4945 2046 5036 foetiditas
