4246 5900
576 419 1372 532 rnrnoovcrro·
1607 453 1664 553 m

280 595 346 684 Ad
363 591 533 714 primam
554 597 712 712 classem
738 600 959 688 referuntur
982 605 1126 716 quavis
1150 604 1335 690 irritanda
1361 627 1427 689 aur
1453 604 1655 690 stimulan-

225 713 305 816 tia,
329 739 504 822 quorum
524 717 626 796 aelio
650 719 807 828 prorsus
832 713 981 800 diversa
1010 717 1088 816 est3
1127 713 1180 800 1⁰.
1200 745 1272 830 pro
1303 717 1425 830 gradu
1454 725 1496 800 dc
1517 717 1653 803 natura

226 827 324 906 acris
345 827 552 922 irritantis3
580 824 637 910 2⁰.
658 855 732 940 pro
747 823 829 938 ipsi
844 831 945 912 cutis
968 825 1235 912 sensiliraten
1258 827 1406 946 duplici
1428 831 1510 912 hoc
1532 830 1655 942 gradu

226 935 325 1018 faeta
340 936 491 1022 diversa
505 940 546 1019 in
565 963 646 1021 arte
659 941 839 1042 nomina,
856 937 904 1020 ab
921 942 965 1024 iis
978 967 1061 1048 quae
1078 936 1390 1044 combustionem
1412 945 1651 1026 comitantur

229 1049 509 1162 phoenomenis
529 1049 743 1165 desumpta.
769 1050 944 1133 Primum
960 1059 1002 1134 ὅ(
1016 1053 1395 1136 vehementiffimum
1410 1058 1653 1140 constituunt

230 1163 508 1246 cauterizantia
531 1163 611 1246 five
628 1166 802 1268 urentia,
825 1191 994 1272 quorum
1020 1167 1121 1246 actio
1146 1170 1302 1278 prorsus
1324 1165 1509 1250 deleteria
1535 1193 1679 1276 arque*

229 1299 348 1356 urens
358 1271 555 1357 escharam
567 1275 676 1381 facit,
685 1278 762 1360 sive
775 1277 937 1359 crustam
949 1276 1655 1393 meregangraenosam‚omniprorsus

231 1385 457 1498 organismo
478 1386 695 1470 destituram
709 1449 723 1494 ‚
746 1385 816 1470 sub
844 1386 945 1498 quai,
974 1387 1133 1494 concisa
1165 1411 1282 1498 arque
1301 1392 1342 1471 in
1369 1390 1444 1474 suis
1469 1389 1656 1498 destruite

232 1501 416 1581 extremis
431 1499 519 1582 vasa
541 1497 737 1610 liquorem
754 1499 1022 1618 prosilientem
1043 1499 1136 1583 ditm
1155 1501 1362 1585 effundunt
1382 1510 1424 1586 &
1439 1529 1657 1610 coercent,

229 1611 583 1694 inflammationem
599 1613 780 1696 efficiunt
790 1675 805 1720 ,
827 1614 1303 1728 atque'suppurationem,
1331 1614 1436 1698 unde
1452 1619 1574 1699 crusta
1589 1613 1658 1712 illa

229 1720 426 1835 separetur
439 1722 595 1808 &foras
608 1723 797 1830 ejiciatur.
807 1723 989 1810 Alterum
1001 1729 1242 1810 constituunt
1253 1723 1418 1840 gradum
1431 1729 1658 1834 velicantia9

234 1859 314 1942 quae
340 1838 426 1918 cuti
450 1834 622 1950 apposrra
646 1839 792 1923 vesicas
820 1841 861 1922 in
882 1836 991 1922 illam
1014 1836 1229 1946 attollunt,
1256 1839 1350 1936 ditm
1365 1843 1514 1924 virture
1543 1839 1658 1924 caus-

230 1945 308 2030 tici
331 1947 616 2062 epidermidem
637 1949 842 2036 avinculis
864 1949 1004 2063 quibus
1029 1982 1122 2036 cum
1148 1977 1240 2037 cute
1254 1981 1323 2068 pet
1340 1951 1661 2068 Malpighianunl

231 2083 314 2144 rete
345 2063 513 2169 nectitur
535 2060 715 2148 liberant.
741 2065 852 2147 Hinc
882 2065 1010 2149 serum
1043 2069 1144 2148 inter
1168 2091 1380 2176 utrumque
1404 2064 1619 2150 effunditur
1642 2125 1661 2172 ‚
1746 2101 1767 2128 ν

233 2199 314 2254 non
337 2197 536 2256 retentum
557 2173 684 2258 solnm
693 2237 707 2282 ‚
725 2175 792 2261 sed
812 2180 931 2261 etiam
951 2205 1021 2292 per
1034 2180 1292 2262 irritationem
1313 2186 1355 2262 dr
1375 2177 1662 2291 expreffionem

233 2285 415 2367 vasorum
441 2283 621 2372 effusum.
648 2289 796 2373 Vestcae
826 2287 901 2371 illae
925 2317 995 2403 per
1020 2315 1144 2374 artem
1167 2289 1373 2404 emplastro
1395 2291 1662 2406 supputante,

238 2403 279 2479 δι
303 2395 531 2482 cicatricem
580 2401 813 2516 tapedienre
835 2406 945 2486 reela
958 2463 973 2510 ,
1005 2402 1271 2517 suppurationi
1298 2401 1436 2486 locum
1460 2401 1634 2518 prebent
1642 2441 1661 2510 ·,

240 2508 344 2592 secus
359 2508 472 2594 breul
490 2430 776 2597 exiliarentur
797 2517 839 2596 in
856 2517 1020 2597 crustam
1036 2512 1188 2621 levem,
1212 2521 1254 2599 dc
1272 2517 1314 2599 in
1333 2517 1534 2599 oscharam
1552 2511 1663 2612 mere

236 2617 513 2736 lymphaticam
533 2647 650 2736 arque
673 2625 910 2710 albicantem
934 2626 1197 2732 facesccrcnt,
1212 2625 1282 2709 sub
1309 2626 1386 2735 qui
1414 2629 1493 2710 sme
1516 2626 1663 2742 suppu-

236 2737 386 2818 ratione
401 2739 565 2820 cicatrix
586 2741 765 2821 oriretur.
789 2736 933 2822 Tertio
955 2736 1053 2821 loco
1064 2798 1079 2842 ,
1099 2740 1323 2847 minorique
1341 2723 1567 2822 irritationis
1577 2767 1663 2932 ppa-

236 2847 310 2953 du,
334 2847 472 2933 adsunt
489 2861 546 2933 'ea
568 2879 652 2960 quae
678 2850 862 2934 dicunmr
885 2847 1190 2956 rubefacienria‚
1220 2851 1409 2960 quoniam
1425 2853 1588 2934 irritanti
1617 2879 1666 2934 us

237 2957 391 3076 spiculis
413 2962 618 3076 erysipelas
637 2963 864 3068 accersunt,
891 2993 973 3074 quo
1003 2960 1074 3044 sub
1101 2962 1223 3076 gradu
1246 2983 1365 3074 atque
1389 2967 1553 3048 nomine
1573 2961 1666 3048 nul·

235 3073 318 3156 lum
332 3076 386 3158 est
407 3077 559 3158 irritans
579 3077 689 3209 quod
709 3105 792 3160 non
846 3077 936 3159 offir
956 3075 1268 3189 comprehendi,
1293 3075 1376 3160 five
1386 3077 1664 3164 mechanicum

238 3188 284 3270 stt
303 3185 434 3292 illud,
463 3215 506 3271 ut
526 3193 742 3297 macario,
771 3105 970 3296 culicum,
1005 3191 1220 3296 cimicum,
1244 3185 1451 3304 pulicum,
1482 3189 1664 3302 &apum

236 3301 388 3384 morsus
400 3363 414 3405 ,
437 3298 742 3417 autfimplicirer
759 3299 916 3414 spiculis
937 3327 1054 3414 agant
1077 3299 1256 3393 acribus,
1273 3325 1318 3382 ur
1338 3298 1428 3384 salia
1438 3364 1453 3408 ,
1475 3299 1665 3416 sapones,

236 3411 328 3496 olea
342 3417 580 3521 aromatica,
606 3417 735 3499 resmae
748 3411 960 3518 solubiles,
977 3422 1058 3498 &c
1071 3438 1242 3610 corpma
1253 3409 1476 3518 hujusmodi
1492 3438 1665 3523 quorum

236 3528 278 3608 in
288 3528 443 3610 afflone
466 3523 614 3610 summa
629 3531 826 3612 tenuitatis
850 3530 890 3610 in
905 3551 997 3610 cute
1012 3524 1140 3610 haben
1170 3527 1261 3609 aest
1275 3527 1398 3626 ratio;
1424 3529 1516 3608 clun
1530 3521 1598 3610 illa
1619 3519 1666 3608 iit

183 3691 186 3704 ·
238 3633 341 3721 cutis
367 3639 559 3752 precipue
585 3640 768 3726 laemineae
794 3638 961 3724 delicata
992 3637 1182 3745 indoles,
1215 3661 1261 3724 ut
1283 3635 1350 3722 vel
1375 3635 1563 3724 leviss‘rma
1587 3639 1666 3744 inu·

239 3745 380 3864 prcllio
404 3753 662 3835 irritationem
677 3755 826 3836 efficiar
850 3751 1294 3861 aliquandhimmancm
1306 3812 1321 3856 ‚
1348 3752 1433 3834 imo
1452 3777 1497 3833 ea
1517 3752 1562 3834 stt
1584 3745 1667 3853 eius

239 3859 439 3970 senlilitas,
456 3889 501 3948 ut
512 3861 579 3948 vel
593 3865 715 3950 tacius
734 3866 894 3973 durior,
913 3861 980 3948 vel
1000 3862 1127 3950 levior
1141 3862 1335 3982 scalptura
1351 3859 1514 3974 longam
1528 3867 1570 3947 in
1584 3855 1667 3978 ipsi

236 3979 367 4060 inurat
388 3977 691 4092 imprcffionem.
995 4066 997 4072 s

280 4087 339 4172 2⁰.
352 4085 667 4203 Constringentia
687 4094 810 4176 cutim
819 4153 833 4198 ‚
845 4093 921 4176 live
929 4090 1199 4206 adstringentia
1210 4090 1262 4172 src
1271 4087 1372 4170 dista
1381 4083 1668 4175 medicamenta

240 4203 387 4288 codem
402 4228 524 4315 agunt
534 4200 803 4288 mechanismo
812 4269 826 4312 ,
845 4207 913 4286 nifi
934 4203 1058 4313 quod,
1079 4202 1223 4283 nedum
1237 4194 1439 4318 appulsum
1452 4201 1667 4285 humorum

242 4315 292 4399 ad
307 4341 442 4400 curem
465 4345 541 4430 prae
560 4321 775 4403 irritatione
791 4315 985 4421 efficiant,
1005 4343 1099 4398 eum
1119 4320 1257 4424 conos
1274 4309 1515 4506 impediant,
1534 4313 1667 4425 fimul7

244 4455 323 4538 que
353 4429 512 4512 exituris
543 4427 758 4514 secundum
787 4455 929 4529 natura
963 4425 1144 4538 ordinem
1174 4425 1332 4509 humori
1361 4455 1409 4507 us
1425 4427 1671 4619 prepediant

247 4542 407 4624 exitum.
428 4539 538 4625 Hinc
550 4542 612 4648 ⁴ab
643 4541 721 4628 illis
742 4542 912 4624 nascitur
925 4541 981 4622 'in
996 4535 1153 4624 aridiori
1170 4535 1269 4624 fadi
1289 4565 1382 4622 cure
1402 4543 1609 4656 aperires,
1629 4547 1671 4625 ot
1724 4608 1728 4622 ,

247 4649 460 4764 aliquando
482 4653 755 4740 folliculorum
773 4655 925 4750 adeam
946 4651 1138 4743 hiantium
1152 4675 1286 4736 rumor
1298 4713 1314 4760 ,
1344 4655 1410 4763 qui
1438 4651 1507 4736 ubi
1529 4653 1577 4738 ad
1597 4651 1670 4734 ali·

248 4793 366 4877 quem
395 4767 560 4882 gradum
590 4749 780 4857 inrumuff
792 4833 805 4877 ,
840 4767 910 4853 nbi
941 4763 1095 4854 allumir
1120 4763 1243 4874 simul
1264 4767 1521 4850 irritationem
1554 4783 1672 4872 atque

246 4879 549 4996 uispatenem,
575 4884 681 4973 unde
703 4879 1020 5002 adstringendum
1045 4880 1159 4970 attio
1173 4875 1427 5076 secundam&
1442 4883 1559 4964 etiam
1577 4897 1673 4990 pros

1402 5019 1427 5102 ¹1
