4186 5908
25 875 49 964 .'
187 878 344 962 monias
368 876 636 989 quascumque
661 876 881 965 demulcire
904 895 1022 992 atque
1044 875 1210 964 delinire

656 363 1154 463 CUTAN'EIS.
1546 413 1634 496 ²07.

242 527 374 643 Hujus
388 532 496 622 enlm
512 533 711 624 existentis
724 541 869 624 veneni
883 538 1006 625 semel
1025 535 1284 654 comprobatas
1300 539 1411 652 quod
1434 541 1484 626 ad
1500 543 1632 633 nullas

188 654 371 762 cogllllas
395 653 619 736 acrimonia
640 650 789 764 species
810 653 928 767 poffit
946 654 1107 760 referri,
1154 655 1211 736 ost
1225 651 1459 740 universalia
1478 656 1630 742 inflam-

187 765 375 850 mationis
402 764 595 870 remedia,
618 767 793 850 entiuslo
815 765 1068 884 erysipelate,
1098 768 1106 784 '
1143 793 1165 849 a
1186 768 1398 880 pharmaca
1420 799 1505 879 quae
1527 776 1631 858 acri-

1259 879 1387 965 olsunt
1407 880 1631 970 adhibenda

187 988 267 1073 else
293 988 518 1076 observatio
543 991 793 1077 demonstrat.
829 990 940 1077 Tum
966 994 1066 1080 veri>
1095 910 1255 1077 summd
1271 995 1449 1108 proderit
1471 1024 1630 1083 veneno

189 1099 250 1187 illi
279 1105 322 1186 in
357 1131 530 1219 corpore
550 1109 711 1220 prorsirs
741 1131 932 1192 extraneo
946 1169 961 1214 ,
986 1133 1063 1190 nec
1093 1103 1141 1189 ab
1172 1108 1387 1191 humorum
1413 1111 1507 1193 crasa
1535 1138 1638 1224 pen·.

189 1214 310 1301 dente
334 1242 490 1302 certum
518 1219 658 1303 afferre
687 1220 850 1304 exitum.
882 1219 949 1306 Ad
978 1245 1100 1331 quem
1128 1217 1290 1330 quidem
1317 1219 1483 1335 scopum
1511 1229 1632 1309 attin<

188 1329 391 1444 gendum,
418 1327 476 1415 nil
498 1333 676 1416 cauterio
697 1335 930 1447 prestantius
954 1335 1007 1418 est
1029 1329 1161 1443 quod,
1190 1331 1285 1417 ditm
1306 1358 1458 1446 partem
1476 1335 1630 1446 irritat,

188 1440 452 1529 revulsionem
465 1471 694 1561 perpetuam
708 1447 922 1530 humorum
936 1445 1088 1552 efficit,
1110 1471 1185 1530 nec
1200 1445 1288 1530 srnit
1305 1443 1419 1551 alias,
1436 1451 1633 1565 pracipue

189 1557 385 1663 internas,
403 1585 532 1673 partes
547 1585 699 1642 novum
714 1561 940 1644 irritationis
952 1561 1142 1676 punsium
1158 1560 1310 1642 exitum
1328 1557 1511 1644 molienti
1559 1566 1632 1647 arti

190 1669 348 1754 offerre.
378 1670 423 1754 Si
440 1670 808 1786 quidemperpetua
830 1673 883 1756 est
902 1675 944 1754 in
960 1696 1102 1755 natura
1117 1668 1281 1756 officini
1296 1674 1356 1757 vis
1372 1668 1449 1782 que
1462 1675 1505 1757 in
1520 1591 1632 1761 debi-

190 1778 294 1867 liora
316 1782 465 1872 viscera
486 1811 612 1899 partes
633 1788 795 1868 nocivas
812 1783 1006 1870 amandat.

243 1895 314 1980 De
344 1924 489 2010 genere
516 1900 614 1982 verb
646 1897 827 1982 inurendi
858 1899 1022 1982 cauterii
1056 1895 1181 1982 multa
1207 1895 1295 1982 sunt
1323 1928 1407 2010 quae
1433 1901 1537 1984 hanc
1569 1901 1631 1988 illi

189 2008 472 2124 praeferendam
501 2010 738 2098 methodum
771 2010 961 2097 indicent.
1005 2011 1155 2098 Levius
1185 2013 1237 2096 est
1262 2008 1362 2096 illud
1391 2020 1433 2097 dc
1459 2015 1526 2100 vix
1557 2013 1630 2100 sub

190 2121 435 2237 epidermide
456 2124 597 2239 positas
618 2149 745 2239 partes
765 2127 922 2240 attingit
942 2124 1167 2237 quodcum
1189 2121 1303 2238 ligno
1322 2123 1417 2210 sano
1436 2128 1628 2236 inuritur,

191 2239 407 2320 maximam
433 2263 565 2322 tamen
586 2237 660 2322 seri
684 2239 783 2324 acris
806 2242 1035 2354 portionem
1054 2263 1208 2322 vacuat.
1242 2235 1482 2324 Profundilrs
1507 2248 1548 2324 ὅ(
1578 2267 1629 2326 ex

190 2346 272 2433 alto
295 2353 422 2545 magis
442 2351 601 2434 trahunt
619 2350 719 2434 sassa
736 2378 788 2435 ex
808 2347 1099 2435 cantharidibus
1117 2350 1340 2436 vesrcantia.
1364 2349 1486 2464 lpsrus
1505 2354 1629 2469 adipis

193 2461 362 2546 sedenra
391 2465 835 2548 oritur'&constanti·ori
846 2465 956 2547 fluxu
994 2461 1296 2573 rosundiorique
1306 2467 1428 2548 trafilu
1440 2467 1628 2552 humores

192 2573 363 2660 detrahit
372 2577 640 2690 chirurgicum
652 2574 751 2661 illud
765 2493 992 2687 quod‚ves
989 2580 1105 2688 igne,
1120 2574 1187 2660 vel
1201 2575 1308 2659 ferro
1320 2578 1498 2663 inuritur.
1511 2577 1629 2664 Unde

190 2687 390 2821 videretur
402 2693 507 2824 prius
519 2687 735 2804 erysipelati
748 2691 869 2886 aptari
881 2686 1021 2773 meliits
1027 2748 1043 2795 ,
1065 2689 1134 2770 nist
1144 2686 1307 2802 praesens
1320 2687 1472 2803 semper
1484 2690 1630 2775 adesset

192 2803 466 2888 exsiccationts
497 2799 732 2916 periculum.
801 2803 986 2888 osteriora
1004 2801 1103 2887 verb
1125 2798 1345 2916 prasentiiss
1369 2800 1477 2886 malo
1503 2805 1629 2889 cuivis

196 2911 361 2999 occulto
383 2919 572 3000 constanti
590 2918 826 3001 vacuatione
846 2910 1100 3030 opitulantur.

251 3028 398 3114 Verum
421 3027 624 3113 fatendum
644 3031 697 3114 est
712 3025 898 3144 periculis
916 3027 1010 3114 indd
1031 3026 1193 3112 obviam
1207 3027 1276 3133 iri,
1302 3057 1387 3112 non
1413 3025 1534 3114 causa
1559 3027 1628 3116 de·

62 3219 66 3230 .
192 3141 307 3228 trahi.
330 3141 423 3226 Nec
446 3141 625 3255 grassanti
647 3167 804 3231 verrano
826 3139 915 3226 satis
933 3144 1009 3248 est,
1032 3143 1061 3224 st
1082 3137 1411 3258 pradominetu'r,
1431 3145 1514 3228 vias
1536 3171 1629 3256 ape·

192 3253 308 3341 ruisse
325 3283 421 3366 quas
437 3253 651 3366 aliquando
666 3257 721 3340 ita
734 3257 897 3339 immani
920 3257 1069 3370 impetu
1091 3252 1288 3359 adoritur,
1312 3280 1357 3339 ut
1379 3283 1465 3368 pars
1491 3255 1629 3339 affeda

194 3371 374 3456 cauterio
395 3370 562 3453 humore
580 3366 655 3454 illo
671 3370 898 3454 immaniter
914 3367 1175 3474 intumescat,
1202 3367 1488 3474 inflammetur,
1514 3365 1630 3479 saepd-

193 3510 273 3595 ,que
295 3478 423 3596 culpae
443 3485 661 3570 immeritus
685 3483 890 3570 accusetur
912 3479 1064 3566 artifex.
1092 3477 1189 3564 Hire
1211 3506 1311 3594 ergo
1334 3482 1468 3562 omnia
1490 3476 1630 3563 delini-

194 3622 423 3682 mentorum
442 3622 587 3710 genera
612 3599 772 3682 interius
794 3593 972 3680 addenda
993 3593 1093 3696 sunt.
1120 3589 1280 3681 Juscula
1303 3589 1372 3675 illa
1393 3590 1630 3676 testudinum

196 3704 449 3795 fluviatilium
489 3717 532 3794 ὅ(
570 3706 759 3794 limacum
793 3708 1000 3795 decantata
1038 3706 1184 3790 famam
1222 3703 1459 3810 obtinuere,
1496 3703 1630 3790 forsan

197 3824 348 3908 meritis
363 3821 636 3936 grandiorem,
653 3848 720 3907 aut
735 3820 922 3907 lenientia
941 3818 1077 3906 saltem
1099 3827 1139 3904 ὅ(
1163 3815 1428 3904 demulcentia
1449 3817 1562 3922 sunt,
1587 3823 1630 3900 ὅ(

195 3939 262 4022 hic
288 3938 459 4049 reperire
484 3932 623 4020 locum
650 3933 829 4042 debent,
853 3932 951 4020 licet
978 3961 1062 4018 non
1087 3933 1176 4017 satis
1201 3932 1249 4016 iis
1279 3929 1482 4015 fidendum
1507 3929 1630 4035 stt,si

196 4078 282 4134 non
296 4051 432 4133 omnia
450 4039 585 4156 fimus,
609 4055 652 4136 dt
672 4051 713 4133 in
735 4047 853 4157 cibo,
879 4056 921 4133 ὃ(
939 4050 979 4133 in
998 4074 1098 4164 potu
1115 4069 1355 4131 concurrant
1377 4045 1420 4124 in
1444 4041 1630 4126 eumdem

197 4161 379 4278 scopum.
404 4163 461 4246 AE
490 4189 533 4247 er
554 4164 634 4248 esto
655 4160 878 4267 abstemius.
898 4160 989 4246 Imo
1008 4167 1050 4244 ὃς
1070 4157 1221 4271 profuit
1239 4153 1336 4268 saepe
1354 4182 1496 4265 aquam
1511 4183 1630 4263 quam

197 4303 271 4390 pro
300 4301 400 4389 potu
470 4303 611 4410 urpant
636 4274 831 4359 leniorem
858 4273 991 4358 facere
1016 4270 1152 4356 addito
1178 4266 1326 4352 semine
1345 4263 1442 4374 lini,
1470 4265 1629 4350 arabico

199 4415 267 4474 aut
287 4391 532 4502 tragacanthr
553 4390 732 4505 gummi,
747 4389 835 4471 imo
855 4393 897 4470 ὅ(
919 4382 1054 4468 multis
1074 4377 1252 4467 solemne
1275 4379 1351 4464 fuit
1370 4407 1512 4574 apuam
1530 4383 1632 4465 vitu-

198 4499 280 4586 lins
300 4528 418 4585 carne
438 4499 553 4587 cosli
574 4500 715 4588 leviter
733 4501 942 4614 intingere.
974 4495 1054 4580 His
1075 4495 1269 4586 adduntur
1288 4491 1399 4602 juscu
1416 4520 1438 4574 a
1458 4488 1562 4576 lenia
1579 4518 1632 4576 ex
1691 4536 1695 4544 ,

198 4613 345 4730 pullo,
379 4611 584 4724 vitulove,
612 4642 706 4701 cum
732 4611 866 4696 sarinis
894 4608 1094 4696 lenissimis
1122 4609 1283 4696 insinua
1308 4631 1369 4692 ter
1399 4630 1466 4690 aut
1494 4629 1632 4722 quater

197 4733 243 4813 in
261 4727 328 4814 die
345 4724 533 4814 exhibere
544 4790 567 4836 ,‚
583 4725 717 4840 quales
736 4722 908 4842 praebent
930 4722 1071 4808 farinas
1092 4722 1312 4828 hordeum,
1340 4747 1461 4807 avena
1470 4780 1486 4827 ,
1508 4744 1633 4828 mays.

200 4839 264 4932 Ex
282 4838 424 4956 quibus
433 4901 449 4952 ‚
472 4840 577 4960 apud
597 4839 721 4931 Italos
736 4837 966 4958 prasertim,
992 4839 1259 4929 conficiuntur
1272 4836 1408 4974 palia,
1434 4861 1518 4956 quae
1538 4829 1633 4916 dum
