4188 5916
656 358 1132 504 c‘urnuars
1192 349 1250 528 g
1541 452 1618 532 ,01
1739 515 1745 524 ,

126 687 131 698 .
176 577 447 690 adhibere&
462 577 573 666 velut
588 583 736 688 rostri,
751 578 1016 664 medicamina
1035 611 1045 663 ε
1066 569 1245 694 plerique
1257 583 1363 666 enim
1376 583 1526 695 ¹quibus
1541 588 1623 681 tale

177 693 327 780 malurn
349 692 497 780 accidit
517 696 557 780 in
577 693 662 808 ipso
686 697 805 777 artatis
827 695 928 778 flore
947 696 1148 776 constituti
1172 695 1286 797 sunt3
1336 701 1394 782 uis
1414 703 1511 784 verb
1527 703 1624 791 talia

178 837 290 892 curat
309 812 350 892 in
370 811 490 892 atatis
512 807 690 892 florentis
711 809 840 892 adhuc
861 815 903 890 dt
920 833 1069 920 vegete
1092 808 1335 893 confidentia
1350 817 1364 893 l
1382 813 1531 898 Verum
1551 815 1622 902 ubi

178 923 349 1038 pluries,
370 919 440 1010 ubi
457 925 540 1005 no'n
560 921 725 1006 erratice
745 947 1005 1036 apparuerunt
1025 917 1175 1036 papula
1193 918 1268 1004 illae
1279 983 1293 1029 ,
1316 952 1365 1008 ex
1380 927 1464 1041 ipso
1481 930 1623 1016 ordine

179 1063 323 1120 natura
337 1035 510 1121 evadunt
528 1038 569 1118 in
586 1059 887 1120 excrementum
904 1034 1100 1148 sanguinis
1118 1033 1397 1146 necessarium,
1425 1043 1535 1152 quod
1559 1071 1622 1132 ne*

180 1149 355 1264 gleilum
384 1157 426 1236 dt
454 1147 533 1258 jam
565 1146 788 1258 labentibus
818 1151 954 1254 annis,
992 1149 1158 1232 &vasis
1188 1149 1439 1262 rigidioribus
1470 1160 1623 1242 exitum

183 1261 491 1377 denegantibus,
516 1261 611 1348 cola
638 1269 679 1346 δι
705 1256 948 1348 secernicula
972 1261 1122 1366 inlicit,
1151 1257 1234 1364 jure
1258 1267 1428 1348 civitatis
1448 1271 1622 1380 potitur,

182 1376 445 1488 undequaque
474 1403 543 1491 per
569 1377 794 1462 universum
826 1376 1007 1490 corporis
1034 1371 1226 1458 ambitum
1257 1375 1550 1488 diffenrinatur,
1581 1392 1625 1468 &a

186 1490 281 1602 quid
311 1489 404 1574 inde
428 1490 612 1574 accidiffe
626 1489 795 1576 viderim
815 1485 1060 1606 repetitaque
1081 1491 1401 1576 confirmaverim
1424 1500 1639 1610 experior.

184 1603 257 1710 til,
281 1599 421 1689 licebit
436 1632 652 1719 exponere.
944 1641 947 1649 2

238 1716 497 1803 Marcescunt
523 1720 614 1832 aegri
640 1715 707 1803 vel
735 1718 866 1802 media
897 1720 999 1803 inter
1026 1716 1193 1832 pabula,
1208 1717 1329 1803 ¹lento
1354 1721 1516 1832 quidem
1539 1755 1626 1810 ma-

184 1829 312 1916 rasmo
322 1894 336 1938 ‚
357 1839 453 1915 &ut
465 1827 678 1946 plurimum
690 1834 770 1915 srne
787 1829 919 1939 febre,
941 1830 1154 1943 aliquandb
1171 1858 1305 1916 tamen
1323 1840 1416 1917 c‘um
1431 1833 1626 1924 febriculis

182 1943 322 2029 levi&
337 1942 449 2061 pulsu
463 1946 654 2052 minimo,
671 1947 791 2029 urinis
802 1943 980 2055 alioquin
995 1949 1156 2060 integris
1172 1954 1214 2030 dt
1228 1943 1479 2056 scybalorum
1496 1977 1628 2035 excre-

185 2062 297 2142 tione
315 2055 498 2173 perfelid.
531 2058 645 2142 Rarb
665 2061 705 2142 in
725 2060 926 2174 principiis
946 2056 1128 2146 laborant
1154 2058 1446 2175 inappetential,
1478 2063 1545 2146 sed
1576 2063 1626 2148 ad

188 2169 302 2255 cibos
323 2175 452 2256 minus
476 2172 579 2256 avidi
600 2169 703 2256 bene
726 2199 1013 2285 concoquunt,
1039 2175 1107 2255 nisr
1130 2174 1240 2284 qubd
1258 2175 1385 2258 ventis
1407 2174 1627 2262 &flatibus

184 2311 369 2398 urgeatur
390 2285 611 2372 stomachus
636 2295 678 2370 δι
701 2283 779 2369 illis
802 2312 958 2398 turgeat
984 2284 1007 2367 ὲ
1030 2285 1209 2400 prandio.
1245 2287 1419 2371 Somnus
1445 2288 1626 2404 inculpa-

188 2395 305 2504 bilis,
330 2427 405 2484 nec
431 2400 624 2514 perscitus
648 2425 781 2483 tamen
806 2431 816 2480 ι
842 2427 926 2480 uno
948 2397 1073 2482 verbo
1100 2399 1260 2482 causarii
1286 2397 1374 2482 sunt
1402 2407 1445 2482 dt
1473 2401 1626 2485 melan·
1741 2459 1744 2466 Δ

191 2508 371 2619 cholici,
398 2512 552 2626 sanguis
575 2511 729 2596 evenis
750 2538 820 2626 per
848 2536 971 2595 artem
994 2511 1150 2596 emilius
1174 2509 1296 2594 crusti
1317 2511 1470 2624 semper
1495 2513 1627 2599 obdu-

177 2627 293 2714 citur
313 2655 397 2708 non
424 2619 570 2730 crassi,
594 2650 660 2706 aut
682 2622 825 2728 densi,
849 2624 916 2708 sed
942 2623 1177 2708 membrana
1195 2627 1236 2706 in
1256 2624 1427 2707 formam
1450 2625 1628 2738 superex-

189 2736 319 2830 oensd,
335 2767 408 2823 nec
422 2737 539 2822 facile
553 2733 799 2837 di'vellend2i3
811 2735 926 2820 viridi
941 2735 1142 2850 obtegitur
1156 2734 1225 2819 illa
1244 2735 1405 2838 colore,
1422 2741 1488 2837 aut
1502 2737 1628 2851 squal-

182 2849 276 2937 lido
294 2861 335 2938 bt
355 2853 498 2966 griseo,

247 2965 346 3050 Hac
361 2969 412 3050 est
428 2967 552 3080 prima
566 2962 727 3072 hujusce
743 2959 838 3078 mali
854 2961 948 3049 vere
968 2963 1160 3078 herpetici
1174 2961 1360 3077 periodus
1381 2963 1422 3044 in
1436 2961 1629 3070 maribus;

193 3080 343 3162 namin
365 3079 539 3164 foeminis
557 3077 658 3163 illud
677 3074 885 3162 observare
904 3080 971 3163 vix
994 3075 1130 3183 licuit,
1158 3083 1248 3160 cirm
1268 3078 1308 3158 in
1329 3073 1407 3159 illis
1429 3082 1563 3162 omnia
1578 3081 1629 3165 ad

192 3219 346 3287 uterum
363 3191 578 3307 dirigantur
592 3199 634 3274 ot
648 3193 752 3276 fluor
768 3187 878 3275 albus
895 3192 1070 3304 pruriens
1083 3193 1291 3304 herpetum
1309 3186 1406 3273 loco
1426 3217 1628 3307 erumpat,

191 3333 268 3390 nec
283 3335 457 3416 unquam
474 3305 522 3389 ab
543 3309 624 3390 hoc
641 3301 747 3386 malo
771 3303 1099 3388 itamarcescant.
1126 3303 1334 3388 Foeminea'
1353 3304 1459 3386 enim
1480 3307 1629 3418 genita·

190 3417 245 3502 lia
269 3424 479 3504 humorem
505 3423 612 3503 hunc
639 3415 793 3501 abunde
818 3415 1081 3500 imbibunt&
1106 3417 1321 3532 excipiunt.
1345 3413 1420 3500 Ille
1440 3420 1536 3500 verb

190 3535 341 3618 hiantia
354 3533 444 3616 vasa
459 3531 632 3648 depluit,
647 3529 886 3616 sterilitatem
902 3557 945 3614 ut
956 3529 1169 3645 plurimirm
1182 3531 1356 3634 inducit,
1377 3533 1420 3612 dt
1440 3526 1536 3614 licet
1567 3560 1629 3614 an·

129 3714 133 3724 ,
187 3649 356 3763 guinem
381 3644 511 3752 aliqui
534 3650 685 3728 ratione
708 3645 901 3756 deputet,
928 3673 1011 3728 non
1031 3670 1164 3779 tamen
1185 3646 1346 3728 criticus
1364 3643 1417 3725 est
1436 3649 1479 3726 ὃ(
1497 3639 1631 3727 morbi

64 3847 66 3852 .
185 3755 442 3874 progreffum
462 3757 739 3838 tantummodo
761 3758 942 3842 retardat.

192 3919 203 3930 ·
251 3870 301 3953 In
320 3866 640 3978 secunddmorbi
661 3867 850 3980 periodo,
871 3865 1055 3976 sirmiam
1074 3871 1178 3952 anxii
1201 3867 1250 3952 de
1265 3866 1305 3952 se
1322 3873 1413 3985 ipsrs
1433 3872 1517 3952 fieri
1538 3870 1631 3954 inci·

188 3985 310 4101 piunt
328 4007 590 4094 egrotantes,
612 3989 662 4066 bt
685 4009 841 4065 marcor
870 3985 1049 4067 omnium
1072 3981 1201 4068 oculis
1228 4008 1465 4092 annotatur,
1491 4011 1631 4068 manus

193 4094 406 4182 adhibetur
427 4094 628 4210 palpandis
646 4093 860 4180 visceribus
874 4099 1098 4182 anatomica
1115 4129 1127 4196 3
1146 4121 1242 4178 tunc
1270 4091 1487 4208 depressum
1511 4093 1633 4180 abdo·

177 4237 291 4320 men
317 4213 511 4322 reperias,
540 4217 581 4292 ὃ(
607 4209 785 4316 aridum,
809 4215 849 4294 in
875 4209 1009 4295 medio
1038 4207 1115 4318 quir
1140 4204 1314 4313 volvitur
1341 4204 1460 4291 ileum
1485 4215 1648 4322 promi·

191 4319 338 4408 nulum
361 4353 373 4420 3
397 4321 607 4432 aliquando
626 4320 707 4404 lien
726 4323 897 4406 duriora
953 4345 1059 4426 aret,
1086 4320 1170 4399 imb
1190 4317 1463 4402 &adsensum
1483 4321 1636 4410 doloris

193 4463 283 4518 non
298 4439 472 4546 expertia
489 4437 575 4518 sunt
588 4434 747 4518 uiscera.
767 4436 903 4518 Crura.
925 4428 1131 4516 ubtumida
1149 4428 1260 4536 sunt,
1284 4431 1493 4516 distinetio-
1515 4435 1636 4522 febri-
1754 4471 1756 4479 J

194 4548 302 4632 cula.
328 4550 457 4630 Urina
479 4546 692 4659 aliquando
715 4544 951 4651 albicantes,
975 4543 1042 4626 sed
1059 4540 1146 4656 plus
1167 4542 1394 4629 furfuraceae
1437 4545 1526 4632 uim
1543 4551 1639 4636 verb

194 4665 337 4746 colla.
376 4663 523 4744 Verirm
556 4691 605 4745 ex
637 4655 820 4741 omnibus
850 4653 1175 4773 symptomatibus
1205 4655 1357 4742 nullum
1388 4577 1487 4746 adeo
1517 4663 1638 4750 savos

195 4773 424 4890 progrellus
451 4773 546 4855 facit
572 4772 688 4882 quim
717 4779 936 4856 marcor&
962 4771 1107 4886 pedum
1131 4799 1277 4855 tumor.
1309 4773 1411 4881 Sunt
1434 4775 1575 4887 quibus
1596 4781 1638 4872 in

194 4885 282 4974 hac
312 4885 442 4970 morbi
474 4888 642 5002 periodo
677 4889 824 4970 oriatur
854 4883 1033 4974 tufficula
1059 4885 1253 5002 fatigans,
1282 4886 1383 4973 nihil
1409 4915 1476 4974 aut
1502 4895 1639 5002 parurn
