4226 5916
105 366 312 481 ,y

496 345 588 518 us
957 403 1062 494 nn
1134 402 1505 496 noasrs

501 569 593 658 cula
618 567 641 653 i
662 595 773 669 terrm
796 567 967 654 muooso
990 567 1145 677 solvat,
1175 568 1431 682 elevatusque
1458 575 1500 654 in
1532 567 1792 686 prsyeoenas.
1829 567 1941 658 Timr

499 690 794 799 evaporatur&
805 682 1007 768 evanescit
1023 682 1150 768 serum
1158 745 1172 789 ,
1187 711 1363 769 remanet
1381 713 1537 797 magma
1550 688 1692 798 partim
1707 684 1938 794 mucosum,

501 801 646 914 partim
665 796 881 890 caseolum.
907 795 1006 880 Hoc
1024 794 1093 880 ubi
1109 794 1234 884 cuma
1251 826 1320 912 per
1340 795 1503 907 aliquod
1521 823 1679 911 tempus
1703 822 1947 882 contentum-

501 914 599 1018 lait,
619 937 751 994 mutat,
762 907 968 1017 indolem,
991 909 1276 1024 putridumlit,
1293 919 1335 996 ὃς
1350 915 1392 994 in
1407 933 1481 1024 pus
1500 913 1687 1018 vertitur,
1707 911 1775 994 sed
1796 941 1940 996 muco·

502 1025 589 1120 ¹sum
612 1023 712 1107 illud
734 1031 778 1110 ὅ(
799 1021 908 1108 male
927 1028 1107 1112 coctum.
1139 1025 1228 1107 Imb
1246 1026 1373 1140 potest
1394 1033 1436 1108 br
1459 1021 1660 1138 pelsrmam
1679 1021 1862 1108 indolem
1879 1027 1940 1108 in-

501 1137 625 1226 duere
649 1145 690 1230 ‚dr
706 1131 911 1220 -hdrrenda'
927 1134 997 1221 illa
1015 1136 1326 1222 induceremala
1348 1138 1398 1222 de
1414 1135 1578 1248 quibus,
1600 1163 1644 1222 ut
1655 1133 1760 1252 'pote
1783 1134 1833 1220 ab
1851 1141 1939 1220 uni·

502 1249 642 1336 uersali
658 1248 776 1334 causti
791 1249 1075 1364 pendentibus,
1094 1253 1248 1363 egimus
1263 1255 1305 1336 in
1318 1255 1440 1366 priori
1452 1278 1573 1365 parte.
1591 1254 1649 1334 At
1665 1249 1788 1335 semel
1801 1277 1947 1366 aperto

502 1361 577 1452 illo
597 1365 703 1474 quast
720 1361 886 1448 nattuali
899 1368 1083 1449 cauterio
1099 1362 1288 1478 depluere
1306 1367 1376 1450 bic
1398 1393 1536 1448 omnes
1544 1425 1558 1470 ,
1575 1391 1778 1475 quotquot
1793 1367 1835 1446 in
1851 1392 1939 1448 cor·

503 1503 603 1674 pore
623 1478 836 1584 vitiantur,
855 1477 1045 1564 mueosos
1063 1479 1252 1564 humores
1268 1507 1440 1592 pronum
1459 1481 1536 1581 est,
1561 1476 1706 1592 quippe
1722 1478 1772 1560 ad
1783 1505 1937 1584 ,purtem

521 1616 682 1675 erunmr
705 1587 819 1698 cujus
837 1617 962 1686 tenor
989 1593 1165 1682 infirmus
1195 1595 1319 1704 magis
1346 1595 1400 1678 est
1432 1624 1445 1692 ;
1479 1595 1573 1676 binc
1605 1590 1938 1706 complicationes

435 1751 441 1772 ·
503 1707 618 1794 rariae
642 1733 735 1788 cum
761 1701 876 1790 malis
901 1702 1125 1815 dequibus
1150 1709 1319 1818 egimus.
1355 1705 1557 1792 Differunt
1584 1731 1717 1790 ranren
1741 1702 1947 1788 bennun

506 1824 549 1903 a<
568 1819 738 1903 aehores
762 1821 863 1902 inter
881 1817 945 1924 se,
969 1818 1080 1928 quod
1102 1821 1268 1906 achotes
1291 1817 1450 1908 altiores
1468 1818 1675 1906 uideantur
1695 1818 1850 1902 radices
1870 1821 1945 1903 ba·-

503 1927 621 2036 bere,
635 1930 1226 2044 laetumensuperficiemmagis
1238 1930 1402 2037 lambat,
1418 1941 1459 2018 ὅ(
1473 1935 1514 2014 in
1526 1929 1777 2016 summbcute
1787 1934 1938 2016 haereat.

503 2043 727 2130 Lariumen
749 2042 927 2129 breviori
953 2070 1137 2159 tempore
1169 2045 1235 2128 sua
1265 2049 1459 2160 percurrit
1491 2073 1569 2130 tem
1600 2075 1702 2145 ora3
1732 2048 1819 2130 imb
1846 2043 1945 2159 sapl-

504 2182 715 2240 acutorum
744 2155 979 2243 morborum
1012 2161 1203 2242 terminos
1231 2189 1314 2242 non
1344 2159 1530 2266 excedit,
1564 2075 1793 2270 liimmdque
1825 2189 1937 2242 mun·

502 2268 604 2366 ditie
631 2268 718 2360 soll
753 2297 944 2377 curatur,
976 2270 1171 2382 stmulque
1203 2274 1397 2388 imperato
1432 2271 1617 2386 legitima
1649 2271 1773 2356 diaeta
1804 2271 1946 2356 ordine:

505 2379 672 2471 tollitis.
705 2383 852 2472 infanti
878 2379 994 2469 labiis
1019 2388 1184 2470 materni
1213 2389 1370 2499 parcior
1400 2387 1489 2470 usus
1519 2385 1792 2492 concedatur,
1819 2388 1873 2468 ita
1894 2411 1942 2468 ur

505 2523 663 2612 appetat
683 2499 967 2603 vehementer,
994 2501 1081 2586 imb
1104 2508 1147 2584 dt
1167 2496 1413 2694 aliouatenbs
1435 2501 1581 2584 famem
1603 2503 1785 2614 patiatur.
1814 2497 1945 2606 Quod

383 2616 386 2626 '
504 2617 599 2708 sirm
629 2609 915 2696 difficillimum
947 2611 996 2700 *stt
1027 2609 1224 2700 muliercu
1246 2615 1289 2744 's‘
1308 2613 1538 2726 persuadere
1571 2643 1665 2724 quas
1700 2609 1865 2718 ejulatus
1898 2619 1936 2696 δι

506 2753 533 2827 y
585 2726 661 2808 itus
689 2725 883 2820 infantum
916 2723 965 2811 ad
1000 2729 1160 2840 cojpiam
1192 2729 1357 2816 minuam
1390 2723 1499 2814 laetis
1531 2725 1789 2840 ingerendam
1826 2753 1945 2808 com·

505 2864 557 2952 pe
572 2833 682 2944 lunt,
712 2836 848 2928 saltem
879 2839 1169 2952 impetrandum
1202 2841 1254 2926 ast
1283 2865 1329 2925 ut
1360 2837 1424 2926 lac
1486 2845 1647 2924 uantirm
1677 2841 1764 2922 fieri
1792 2842 1938 2953 poterit

507 2961 628 3035 tenue
650 2951 872 3055 efficiatur,
903 2949 1096 3036 alimentis
1123 2951 1331 3057 tenuibus,
1362 2961 1405 3036 &
1430 2870 1596 3037 diluenti
1611 2955 1778 3037 nutricis
1799 2949 1936 3058 dise,

507 3067 561 3148 ita
580 3089 624 3146 ut
642 3067 770 3148 minus
786 3064 1029 3148 craffamenti
1049 3066 1195 3149 caseosr
1212 3069 1252 3147 in
1275 3062 1375 3148 lade
1398 3091 1617 3179 generetur.
1640 3063 1789 3148 Exulet
1805 3063 1937 3150 saltem

466 3281 473 3300 .
508 3174 572 3259 lac
594 3179 828 3284 vaccinum,
857 3178 1022 3272 draffitie
1047 3183 1231 3266 nutrienti
1256 3179 1604 3284 commendatum,
1629 3188 1670 3263 ὃ(
1687 3179 1879 3376 peffrmus
1898 3183 1937 3262 in

511 3286 694 3375 omnibus
723 3290 807 3374 fere
837 3289 986 3374 casrbus
1013 3290 1131 3404 pultis
1163 3293 1280 3397 usus,
1310 3291 1475 3376 sedhic
1506 3296 1683 3408 pernicio
1703 3323 1749 3375 us
1779 3324 1793 3391 3
1827 3289 1946 3398 hujus.

510 3405 616 3486 enim
637 3401 706 3486 usu
727 3400 922 3490 laliumen
942 3407 983 3486 in
1000 3409 1168 3489 achoras
1189 3431 1418 3490 verteretur.
1440 3405 1659 3490 Laebumen
1680 3410 1788 3490 enim
1810 3409 1937 3518 potiris

509 3517 562 3599 est
583 3515 724 3629 gradus
742 3515 790 3600 ad
807 3521 958 3632 αχᾶρας
976 3530 1093 3626 quam
1110 3517 1279 3624 malum,
1301 3546 1367 3627 aut
1387 3547 1555 3632 genere,
1578 3547 1645 3602 aut
1670 3521 1790 3603 etiam
1810 3519 1938 3634 specie

508 3628 720 3714 drusum.
745 3629 924 3715 Demens
939 3629 1195 3717 solemnis-est
1210 3661 1232 3716 a
1288 3632 1314 3716 d
1333 3661 1404 3716 nos
1424 3637 1571 3746 praxis,
1587 3630 1731 3742 quibus
1748 3628 1819 3714 iba
1834 3631 1940 3716 sedu-

505 3743 596 3828 litas
618 3741 811 3827 malesana
835 3748 1034 3834 nutricum
1047 3775 1203 3861 pueros
1229 3661 1312 3830 idib
1336 3745 1523 3862 perpetui
1552 3744 1763 3830 lunatione
1791 3739 1945 3830 demul-

504 3855 660 3962 cendi,
686 3885 764 3946 nec
791 3861 944 3942 ratione
958 3921 972 3963 ,
1004 3887 1080 3943 nec
1109 3864 1311 3976 praecptis
1337 3861 1506 3976 superari
1589 3855 1684 3964 rest,
1711 3883 1758 3942 ut
1784 3856 1944 3974 smgulis

423 3983 428 4016 ¹
508 3967 592 4055 fere
612 3968 808 4054 messibus
831 3971 1024 4054 infantum
1052 3972 1164 4054 fimili
1184 3972 1366 4059 ulcerost
1387 3975 1496 4058 diarb
1535 3972 1851 4077 rlabnrantium,
1877 3974 1954 4081 by·

507 4081 635 4170 berno
649 4085 857 4198 presertim
875 4109 1075 4198 tempore,
1088 4088 1447 4201 cumperspirttio,
1462 4089 1697 4210 surrigere,
1718 4087 1947 4167 autreilitui

509 4223 595 4278 non
618 4197 786 4311 potest,
822 4195 908 4282 levi
938 4201 1105 4284 cathtrli
1136 4197 1272 4284 alvum
1309 4199 1607 4304 subducamus,
1644 4197 1721 4306 quii
1754 4221 1947 4282 vacuatur

507 4309 718 4396 sumnus
736 4309 952 4396 humombs
969 4311 1151 4428 pledrora
1161 4376 1173 4419 ,
1188 4312 1384 4425 simulque
1399 4314 1426 4398 b
1438 4343 1535 4398 cute
1553 4313 1707 4426 farrago
1724 4311 1947 4425 supercreta

510 4418 731 4509 abducitur.
754 4421 882 4530 Cujus
905 4427 950 4508 io
964 4430 1024 4511 rei
1044 4431 1236 4542 grariam,
1258 4457 1431 4535 manna,
1456 4429 1620 4544 svrupos
1638 4451 1690 4510 ex
1713 4427 1953 4540 pharmaco-

511 4534 797 4650 ptia'larrmstes
815 4537 1082 4646 adlribetuttc,
1108 4540 1268 4626 rebraffi
1291 4542 1403 4647 dost,
1428 4537 1539 4626 serici
1569 4567 1613 4623 ut
1633 4537 1850 4654 plurimisos
1870 4537 1950 4621 ini·

488 4653 651 4757 tituto,
667 4655 767 4734 einn
780 4649 920 4848 posted
930 4659 1125 4768 appetitus
1142 4664 1185 4739 dt
1207 4655 1381 4770 rdurgat
1404 4659 1555 4760 acrior,
1579 4651 1820 4736 &alacritas
1845 4654 1952 4736 resti·

509 4789 652 4848 tuatur.
677 4765 777 4870 Quo

819 4766 979 4874 quidem
1002 4799 1201 4876 nunquam
1217 4770 1506 4874 damnaverim,
1528 4765 1602 4854 hec
1618 4791 1753 4854 tamen
1769 4761 1954 4850 adhibiti

510 4873 688 4988 castell,
724 4900 777 4962 ne
802 4877 895 4964 inde
925 4881 1120 4965 infirmior
1148 4879 1257 4970 alvus
1285 4873 1497 4993 reddatur,
1529 4883 1795 4997 fungaturqnc
1822 4881 1952 4968 rumis

1522 4871 1529 4884 Ι
