4226 5916
620 393 1131 516 'corruere
1528 463 1610 538 μγ

166 587 515 678 emendandusesl
546 611 666 700 atque
695 581 978 705 corrigendus,
1002 587 1068 674 vel
1098 589 1257 676 demum
1286 591 1354 706 ipsi
1383 584 1521 678 infanti
1551 611 1610 680 ar'a

166 701 405 792 adlubenda.
572 807 575 812 ,

223 815 488 902 Curationem
511 811 673 928 quidem
696 820 906 904 crustarum
931 816 1141 902 unarum
1163 821 1359 905 instituere
1383 850 1466 906 non
1488 819 1611 908 debe-

165 957 258 1014 mus
282 958 332 1014 ex
356 928 495 1036 distis,
518 932 587 1016 nist
605 930 756 1017 summa
775 961 868 1015 cum
894 930 1110 1048 prudentii.
1143 933 1187 1018 Si
1213 937 1320 1017 enirn
1351 936 1436 1016 fieri
1467 936 1607 1047 possit,
1660 957 1666 968 ·

168 1069 214 1128 ut
234 1041 330 1128 mali
347 1041 539 1128 tollantur
559 1045 841 1151 incommoda,
865 1045 956 1129 sons
974 1043 1111 1131 saltem
1133 1049 1185 1130 ita
1209 1047 1276 1130 diu
1304 1047 1476 1130 servetur
1500 1077 1610 1161 aper-

162 1179 263 1262 tus,
293 1183 345 1241 ne
378 1184 642 1272 repugnemus
671 1188 845 1271 unquam
874 1185 1046 1265 naturae,
1080 1157 1229 1270 sibique
1258 1157 1325 1242 illa
1354 1156 1609 1269 relinquatur.
1664 1211 1668 1218 ·

166 1269 269 1356 Non
289 1265 573 1387 praecipitanter
592 1273 810 1388 agendum,
835 1299 885 1361 ne
907 1274 976 1356 liat
997 1299 1042 1356 ut
1067 1270 1132 1356 vel
1153 1276 1318 1357 invitam
1343 1301 1534 1385 cogamus
1561 1275 1610 1358 ad

169 1381 330 1480 utilium
345 1383 641 1500 expulsionem,
659 1413 735 1471 nec
754 1390 810 1470 ita
827 1385 965 1470 timide
985 1411 1031 1469 ut
1046 1389 1175 1470 crusta
1193 1389 1326 1470 crustis
1347 1384 1610 1470 cumulentur.

166 1494 301 1582 Moris
321 1501 374 1582 est
398 1497 503 1614 apud
526 1525 668 1584 matres
695 1525 741 1584 ut
767 1496 911 1609 butyro
936 1496 1077 1602 leviter
1101 1506 1142 1584 dt
1165 1497 1463 1584 recentersalso
1492 1527 1610 1611 eaput

164 1609 363 1694 infantum
391 1639 507 1726 prote
536 1638 631 1719 ant,
662 1612 768 1698 unde
797 1611 951 1728 sperant
978 1617 1020 1702 bt
1050 1613 1261 1696 crustarum
1288 1609 1608 1720 emollitionem,

167 1728 225 1806 ὅ(λ
241 1726 414 1838 pruritdt
441 1643 696 1810 celiationem
723 1757 740 1826 ;·
767 1723 880 1808 simul
905 1721 927 1808 ὲ
950 1722 1030 1808 sale
1061 1724 1211 1836 aliquid
1243 1723 1394 1838 detergi
1428 1725 1612 1812 credunt.

171 1834 309 1944 Quam
326 1840 488 1950 quidem
553 1842 658 1922 axim
681 1839 774 1924 ideb
791 1867 874 1922 non
896 1836 1064 1954 probem
1087 1838 1196 1948 quod
1223 1838 1358 1924 oleum
1383 1837 1501 1921 facile
1528 1869 1613 1922 ran-

167 1949 330 2057 cescat,
360 1869 613 2063 maximdlpue
646 1949 800 2036 olidum
830 1953 876 2034 stt
908 1954 1102 2065 caputiis
1138 1950 1279 2062 quibua
1312 1951 1353 2033 id
1386 1955 1616 2064 apponitur„

169 2061 360 2150 Praeterei
384 2068 483 2150 vero
508 2069 639 2150 crustae
660 2063 768 2173 illu,
797 2090 915 2176 atque
944 2063 1055 2148 lemae
1083 2061 1179 2149 oleo
1208 2067 1275 2149 vix
1303 2060 1536 2169 solvuntur,
1568 2072 1612 2148 dr

166 2203 376 2262 vertunum
390 2183 431 2262 in
449 2179 710 2295 armngi'osum
725 2207 894 2293 magma.
915 2175 1064 2262 Melius
1080 2185 1122 2261 ὅ(
1137 2177 1344 2294 sapientius
1365 2179 1462 2260 mihi
1480 2177 1611 2263 viden·

172 2313 238 2374 tur
263 2295 346 2374 cuti
374 2294 568 2377 infantum
598 2324 619 2377 a
648 2296 720 2377 tari
748 2295 922 2376 recentia
952 2289 1050 2375 folia
1082 2288 1210 2397 beta,
1242 2288 1401 2374 laslucae
1415 2352 1429 2396 ,
1458 2293 1542 2373 imo
1569 2299 1613 2374 dt

166 2405 243 2489 ,nist
267 2401 422 2508 oleret,
441 2402 500 2486 'ob
526 2325 735 2490 alcadnam
761 2403 965 2509 indolem,
1003 2401 1172 2486 brasficae
1197 2437 1205 2485 :
1231 2404 1425 2487 siccantur
1449 2403 1612 2512 quidem

172 2515 358 2600 celeriter
381 2514 480 2600 folia
504 2514 599 2623 illa,
621 2516 690 2600 sed
714 2513 943 2600 absorbetur
973 2519 1072 2600 intral
1093 2519 1236 2613 crustas
1264 2517 1404 2600 succus
1435 2515 1617 2630 ipsorum

169 2627 447 2740 saponaceus,
481 2632 551 2739 qui
581 2654 708 2714 terrea
742 2657 876 2712 etrum
907 2625 1105 2712 elementa
1137 2628 1312 2734 dividit,
1342 2627 1450 2712 unde
1481 2627 1610 2741 posted

166 2739 413 2826 abraduntur
433 2741 569 2828 facile.
605 2739 795 2826 Praetereb
850 2740 977 2824 rodcst
1009 2741 1202 2824 infantum
1232 2766 1373 2856 caput,
1404 2739 1620 2826 volumine·¹

202 2885 252 2939 rat
272 2850 411 2940 cetera
428 2853 606 2940 membra
624 2857 796 2968 insigne,
811 2772 993 2938 liidione
1007 2853 1302 2964 srccd‘quotidie
1316 2857 1462 2967 agitare
1471 2918 1485 2962 ,
1503 2855 1614 2965 quod

169 2883 270 3054 diam
293 2972 340 3054 stt
359 2967 484 3085 uulgo
501 2968 715 3084 voluptatis
739 2966 892 3052 sensum
919 2995 968 3052 ex
997 2969 1143 3052 rimunt
1164 2966 1223 3051 illi
1236 3031 1250 3074 ,
1275 2995 1350 3051 nec
1374 2969 1455 3052 stne
1483 2973 1611 3084 pretio

175 3083 227 3166 est
245 3109 400 3196 tergere
421 3109 539 3198 caput
560 3113 658 3168 cum
672 3082 842 3166 decocto
860 2997 1081 3166 emollienti
1103 3081 1264 3188 hordei,
1283 3107 1433 3186 avene,
1453 3080 1610 3188 malvae,

175 3197 260 3278 imo
278 3203 319 3281 δι
332 3196 463 3280 infuso
483 3194 629 3283 domm
646 3193 843 3304 sambuci,
857 3193 1026 3280 meliloti
1034 3257 1048 3301 ,
1069 3192 1336 3300 chamoemeli,
1354 3220 1398 3278 ut
1411 3193 1611 3280 solvantur

177 3305 319 3394 leniter
343 3337 551 3394 concreta..

233 3422 327 3506 Nec
343 3423 421 3507 stne
438 3424 683 3531 frutluvidi,
705 3419 1268 3535 quotieainflammatumquid
1281 3421 1622 3536 compressionem

177 3537 334 3650 arguit,
359 3533 460 3650 labie
483 3545 523 3621 ὅ(
547 3536 659 3621 micd
674 3540 782 3653 panis
810 3537 951 3621 crustas
980 3535 1120 3622 fovere
1144 3564 1230 3645 quae
1257 3529 1476 3618 acescentiai
1503 3532 1622 3619 latria

175 3647 289 3732 b'revl
303 3647 572 3734 emolliuntur.
597 3651 708 3734 Hinc
728 3646 876 3732 sublata
901 3649 1191 3762 compressione
1209 3643 1358 3730 malum
1383 3649 1428 3731 fit
1456 3645 1621 3754 leuius,¹

175 3763 266 3846 imb
290 3771 331 3846 dt
358 3760 510 3847 sanatur
535 3791 603 3876 per
630 3759 789 3846 facilem
817 3759 1073 3846 abrasionem.
1107 3761 1258 3844 Veria'm
1283 3763 1349 3843 hic
1377 3787 1451 3843 nec
1479 3763 1582 3842 acria
1597 3823 1608 3863 ,

176 3903 254 3960 nec
269 3873 490 3992 emplaffica
513 3875 600 3959 sunt
617 3875 889 3980 admovenda,
913 3872 1042 3970 multo
1061 3879 1188 3966 minias
1202 3875 1322 3978 verb,
1339 3871 1436 3956 licet
1452 3871 1517 3954 alii
1538 3870 1621 3956 alia

174 3981 364 4076 luserint
376 4051 390 4096 ,
413 3988 620 4105 sulphurea
644 3989 826 4072 siccantia
837 4049 852 4095 ,
878 3985 1095 4073 aluminosa
1116 3991 1311 4104 styptica,
1326 4015 1411 4098 quae
1435 3983 1545 4069 breul
1570 3993 1613 4068 ὃ(

177 4101 459 4190 convulsionee
483 4110 523 4186 ὅ(
546 4128 718 4187 mortem
739 4100 927 4188 inserunt,
1493 4113 1496 4120 ’

229 4215 360 4325 Quod
390 4219 487 4302 uero
510 4219 745 4302 interiorem·
771 4215 1038 4300 remediorum
1061 4215 1174 4299 usum
1206 4211 1230 4294 s
1249 4213 1377 4314 edat,
1411 4232 1620 4318 nunquam·

177 4325 326 4437 majori
342 4328 496 4414 cautell
520 4359 621 4442 opua
645 4329 720 4411 fuit
733 4359 752 4427 3·
768 4356 828 4412 res
849 4333 981 4433 enim,
999 4329 1070 4408 nist
1083 4331 1124 4407 in
1143 4241 1295 4408 molem
1318 4327 1519 4438 ingentem
1543 4350 1613 4406 ex·

178 4442 356 4550 crescat,
380 4441 449 4540 libi
469 4440 725 4553 relinquenda
738 4499 753 4546 ,
780 4441 836 4521 sm
854 4442 1081 4523 acrimonia
1105 4436 1255 4521 sensum
1282 4437 1415 4520 secum
1441 4435 1624 4540 inferat„
1694 4503 1698 4516 ,

178 4555 276 4640 tunc
294 4557 471 4671 regimen
487 4557 680 4640 infantum
697 4549 897 4667 culpabile
911 4554 965 4634 et
975 4614 989 4656 ,
1015 4559 1056 4634 dt
1075 4548 1232 4635 sublatis
1253 4549 1623 4637 acrimoniarcausrt·

177 4665 354 4753 tollitur,
376 4669 505 4752 Dicta
529 4673 713 4776 tenuior,
741 4665 951 4782 presertim
973 4662 1130 4748 sublatis
1152 4693 1202 4748 ex
1223 4661 1448 4746 animalium
1470 4659 1617 4745 fortio·

178 4807 269 4865 rum
289 4779 472 4866 carnibus
496 4789 537 4866 dt
561 4811 701 4868 eorum
727 4777 914 4888 jusculis,
941 4781 1084 4862 nutrici
1102 4781 1155 4862 ita
1172 4777 1422 4892 imperanda,
1444 4802 1487 4858 ut
1509 4773 1627 4886 ipsos:

181 4923 265 4980 non
285 4891 397 4979 fallat
418 4893 597 4982 custodes
618 4892 1013 5012 imprudentissimum
1033 4893 1289 5013 secundarum
1307 4919 1444 5006 genus.
1471 4890 1626 4996 Senum
