4186 5908
658 383 1156 490 CUTllNEIS,
1543 435 1644 519 205'

183 553 307 644 mults
322 553 487 758 1pallei·
503 552 605 672 aqus
636 555 827 645 diluendi.
857 559 945 647 Stat
977 561 1043 647 sua
1069 563 1223 673 ‘cuique
1256 555 1500 650 consulenda
1531 568 1627 657 ideis

184 671 321 786 syncra
338 703 387 759 ra.
593 737 597 742 -
1537 685 1547 699 '

238 789 295 872 Ut
315 815 459 873 autem
490 785 670 874 recidiva
690 813 818 874 metus
841 783 955 871 simul
983 813 1270 902 praecaveatur,
1309 793 1421 879 srmul
1452 793 1630 910 perditus

183 902 280 988 vasls
302 927 421 1013 atque
441 905 601 1014 organis
618 901 830 988 debilitatis
850 901 1034 986 reddatur
1053 906 1190 1018 vigor,
1215 903 1353 1012 rebus,
1373 934 1419 993 ut
1442 910 1625 1020 videtur,

185 1020 227 1100 in
247 1020 446 1130 integrum
462 1017 669 1124 restitutis,
691 1018 817 1133 prima
832 1017 1063 1100 conionum
1078 1047 1172 1100 cura
1187 1015 1367 1104 habenda
1380 1025 1444 1106 est.
1471 1022 1628 1108 Sobrie-

185 1158 243 1215 tas
262 1132 318 1214 ita
334 1127 544 1235 servanda,
564 1125 649 1218 uti
668 1127 803 1214 mensi
817 1129 1017 1243 surgamus
1036 1129 1204 1235 alacres,
1223 1159 1298 1216 nec
1317 1131 1436 1219 dubii
1449 1133 1539 1244 illi,
1558 1119 1641 1222 aut'

186 1247 388 1350 irritante,
412 1239 482 1327 sed
504 1240 745 1358 srmpliciore
763 1245 868 1328 visin
890 1242 1079 1349 instituti,
1107 1242 1281 1342 oleribus
1307 1245 1429 1332 divite
1449 1255 1490 1332 &
1509 1239 1628 1336 carne

132 1392 138 1400 ¹
187 1357 433 1462 animalium,
447 1380 514 1440 aut
526 1359 828 1468 granivororum
837 1419 851 1464 ,
869 1381 936 1440 aut
951 1361 1129 1470 gramine
1137 1359 1383 1443 vescentium
1394 1359 1531 1470 molli,
1551 1392 1629 1450 nec

188 1467 355 1586 putridis.
377 1472 585 1585 Suppetias
610 1468 679 1554 fibi
705 1472 733 1556 fi
755 1467 925 1586 postulet
947 1468 1217 1577 ventriculus,
1244 1475 1312 1556 has
1328 1501 1376 1558 ex
1394 1478 1490 1560 vino
1506 1505 1629 1590 gene-

189 1584 282 1668 roso
310 1582 393 1668 leni
425 1608 603 1698 repetes,
634 1609 701 1668 aut
731 1582 852 1667 robur
884 1586 1090 1668 stomacho
1123 1585 1270 1670 addent
1296 1615 1404 1697 aqua
1431 1588 1629 1706 simplices

189 1693 375 1782 diffillatae
406 1723 456 1782 ex
488 1692 677 1804 menthi,
712 1699 979 1804 menthastro,
1008 1694 1189 1805 melissi,
1223 1699 1481 1786 cinnamomo
1511 1701 1637 1818 parcit

189 1811 271 1896 dosr
293 1811 455 1924 sumptae
473 1807 524 1893 ad
546 1809 845 1916 semi-unciam,
869 1807 1120 1922 vel-'extrasla
1138 1811 1383 1896 aromatisata
1402 1817 1631 1902 earumdem

213 1923 432 2030 lantarum,
454 1922 749 2029 confectiones,
771 1921 1177 2117 aliaque'siomachica
1187 1985 1203 2031 ,
1234 1921 1447 2035 &quorum
1462 1957 1630 2015 numero

186 1955 309 2122 liceat
335 2039 510 2122 eximere
537 2064 585 2119 ea
611 2066 695 2147 quae
722 2061 816 2119 cum
861 2037 980 2152 piritu
1010 2037 1093 2122 vini
1123 2061 1318 2154 parantur.
1355 2040 1494 2152 Agunt
1521 2047 1630 2127 enim
1686 2037 1691 2045 ’

191 2150 338 2237 duecte
357 2153 398 2233 in
418 2149 540 2264 ipsam
561 2146 730 2262 lymphae
752 2147 997 2233 substantiam
1022 2143 1138 2234 t‘nec
1166 2150 1209 2232 in
1234 2179 1344 2258 uno,
1370 2150 1437 2238 vel
1460 2157 1630 2240 minimo

189 2268 386 2350 horumce
410 2289 669 2346 cutaneorum
692 2259 957 2370 morborum,
980 2260 1050 2350 vel
1070 2289 1191 2346 unam
1215 2260 1369 2395 spiritus
1392 2269 1475 2350 vini
1497 2295 1631 2382 guttu-

190 2376 266 2462 lam
288 2376 486 2483 hauseris,
511 2377 607 2572 quin
631 2371 717 2458 fere
745 2372 860 2458 illici>
883 2373 941 2460 a'd
969 2399 1104 2460 cutem
1134 2399 1241 2460 acutt
1268 2380 1465 2463 cruciatus
1489 2405 1646 2482 tuate,

192 2494 244 2576 im
273 2487 463 2576 rudentis
491 2520 513 2572 a
542 2511 743 2572 moneant.
1085 2529 1090 2536 ·

246 2522 401 2690 larem
419 2600 590 2686 sobriam
612 2600 930 2685 &exercitatam
975 2597 1141 2712 raecipue
1162 2600 1285 2686 vitam
1305 2599 1451 2688 ducere
1474 2608 1630 2692 necesse
1669 2621 1675 2632 '

195 2721 256 2802 eil.
292 2719 362 2803 Ne
387 2717 494 2802 enim
517 2718 585 2798 hic
613 2717 772 2799 recoda
795 2716 915 2798 toties
940 2631 990 2798 de
1013 2715 1190 2796 exercitii
1211 2717 1436 2800 commodis
1457 2714 1505 2800 ab
1528 2719 1631 2854 Hip-

195 2857 361 2965 pocrate
392 2853 586 2962 praecepta
627 2826 909 2937 observataque
939 2827 1133 2910 sannoth
1165 2853 1375 2942 repetam,
1410 2829 1490 3026 ipsa
1527 2859 1630 2917 ratro

196 2944 345 3028 rndicat
365 2945 555 3055 quantiam
573 2971 616 3023 rn
633 2935 812 3055 augendi
828 2938 1132 3056 perspiratione,
1157 2965 1227 3023 aut
1244 2936 1327 3050 ejus
1344 2937 1426 3026 bell
1454 2941 1631 3030 'serendd

195 3057 460 3172 suppreffione
472 3117 488 3163 ,
517 3051 676 3139 valeant
705 3054 905 3138 exercitia.
938 3053 1031 3137 Nec
1059 3053 1088 3135 ii
1115 3080 1189 3136 nos
1218 3056 1361 3137 erimus
1385 3059 1451 3166 qui
1476 3061 1631 3142 incom-

195 3171 325 3256 modis
349 3165 917 3284 catharralibus-praecavendis
942 3167 1095 3251 onerari
1114 3195 1252 3280 ,aegros
1274 3169 1510 3255 vestimentis
1533 3169 1645 3286 prat-'

197 3287 400 3402 cipiamus.
441 3279 662 3367 Cruda'''‘'fic
687 3280 737 3364 ad
764 3305 898 3364 cutem
923 3281 1128 3364 attrahitur
1153 3283 1335 3364 materies
1365 3287 1407 3365 br
1438 3287 1630 3391 incocta,

196 3423 361 3516 augetur
391 3395 539 3502 sudor,
572 3424 620 3478 ac
652 3393 741 3479 vasa
768 3418 831 3477 tur
859 3397 964 3478 entia
992 3389 1112 3477 facile
1144 3396 1379 3508 concipiturt
1412 3394 1631 3511 erysipelas.

198 3509 353 3599 Contrb
370 3503 522 3596 salubre
540 3511 594 3594 ell
605 3509 695 3594 vasa
711 3535 833 3591 corto
892 3509 964 3591 rari
986 3503 1260 3620 frigidiusctdo
1281 3521 1421 3620 tepore
1443 3508 1492 3592 ad
1510 3538 1631 3620 quem

197 3625 465 3716 inducendum
496 3625 609 3708 aeris·
624 3620 742 3706 liberi
773 3618 897 3705 libera
922 3620 1109 3733 exceptio
1137 3617 1388 3735 summopere
1417 3623 1632 3728 conducit,

198 3741 266 3824 nisr
292 3735 417 3854 culpat
447 3737 542 3851 fuga
570 3725 645 3821 nos
674 3739 716 3819 in
741 3729 844 3818 illud
867 3736 1010 3822 vitium
1039 3728 1237 3840 deducat,
1265 3759 1311 3816 ut
1335 3759 1509 3820 extrema
1534 3738 1632 3818 a'e'ris

199 3852 326 3938 subito
357 3876 588 3968 captemus,
619 3845 869 3957 calentesque
894 3843 988 3962 gelu
1012 3842 1177 3932 boreale
1199 3844 1436 3956 subeamus,
1468 3857 1510 3932 ὅ(
1537 3847 1661 3931 ditm

198 3965 371 4082 sugimus
396 3961 647 4080 erysrpelata,
672 3965 715 4047 in
740 3958 809 4044 illa
827 3959 1062 4046 incidamus.

225 4127 229 4134 ·
255 4081 341 4166 Has
370 4082 471 4164 inter
496 4081 699 4164 cautiones
726 4077 948 4194 principem
969 4071 1040 4158 srbi
1061 4071 1202 4162 locrnn
1225 4065 1445 4159 vindicabit
1466 4067 1633 4159 balneo-

201 4223 286 4276 rum
313 4193 404 4278 usus
431 4190 657 4307 tepidorum
690 4197 733 4273 ὃ(
766 4184 1159 4303 frigidiusculorum,
1194 4181 1334 4298 quibus
1369 4187 1460 4268 clun
1493 4188 1632 4303 ingens

200 4308 317 4390 toties
349 4303 443 4389 lotis
475 4301 670 4388 meatibus
705 4298 863 4390 libertas
900 4297 1169 4409 concilietur,
1193 4299 1337 4382 minun
1365 4299 1418 4383 est
1439 4307 1634 4409 quantiam

201 4419 355 4534 egreffis
375 4416 436 4502 'ab
452 4414 551 4528 aqua
576 4415 671 4532 pers
690 4416 808 4514 iratio
829 4413 1094 4526 adaugeatur,
1144 4438 1481 4521 raecaveanturque
1504 4412 1636 4498 morbi

202 4557 335 4618 cutem
364 4533 597 4615 minitantes.
630 4443 724 4612 illio
747 4523 896 4634 verbo,
918 4523 1057 4611 eadem
1082 4445 1143 4612 erl
1161 4529 1312 4613 curatio
1337 4521 1498 4631 hujusce
1517 4528 1635 4640 eryfi-

203 4645 340 4760 pelatis
362 4670 480 4756 atque
504 4669 735 4728 caeterorum
755 4641 935 4724 omnium
962 4638 1196 4728 morborum
1225 4637 1539 4724 cathatrosorum
1551 4701 1566 4748 ,
1594 4644 1636 4722 in

204 4757 345 4870 quibus
365 4758 406 4842 id
425 4753 514 4842 ante
536 4753 609 4839 alia
629 4755 827 4872 agendum
845 4779 890 4838 ut
910 4756 1114 4841 codiones
1133 4781 1272 4842 omnes
1298 4749 1320 4838 ‘a
1343 4750 1566 4840 ventriculo
1586 4751 1637 4836 ad

201 4870 342 4959 ultima
357 4870 479 4985 usqub
493 4895 765 4983 excrementa,
785 4898 836 4956 ex
848 4867 987 4955 ordine
996 4867 1224 4956 valentioris
1238 4894 1379 4954 natura
1390 4891 1635 4980 peragantur.
