4292 5904
682 432 1227 528 cornutas,
1550 401 1649 548 a„

219 607 372 688 cratem
398 600 708 709 marcescunt&
732 597 923 682 marasmo
947 599 1058 684 arido
1081 595 1348 683 conficiuntur
1361 663 1375 708 ,
1402 603 1506 704 idem
1529 607 1647 688 etiam

113 775 117 786 .
212 713 465 796 macularum
488 716 645 796 affeuus
669 715 856 794 occurrit.
878 712 1053 795 Feminis
1081 710 1242 822 quidem
1265 715 1383 795 etiam
1407 714 1648 828 lepidilsrmis

221 824 412 911 familiare
428 827 502 931 est,
522 825 730 939 prasertim
744 825 828 937 post
847 851 976 937 partus
992 825 1202 938 repetitos,
1217 847 1262 905 ut
1276 823 1461 909 similibus
1483 828 1649 912 maculis

222 963 331 1048 genae
359 938 545 1020 horreant
579 945 621 1020 dr
651 963 829 1020 mentum
859 938 1098 1049 deturpetur.
1135 933 1302 1018 Scilicet
1336 939 1513 1049 perversa
1541 943 1653 1024 muci

219 1049 405 1158 ¹conditio
416 1111 429 1154 ,
447 1053 531 1162 post
550 1048 711 1134 sudores
732 1055 774 1132 dc
789 1054 925 1154 nixus,
939 1049 1063 1133 efficit
1082 1075 1147 1154 ut,
1168 1048 1237 1130 ubi
1257 1051 1352 1131 aeris
1368 1046 1468 1133 liber
1482 1053 1652 1136 influxus

224 1185 359 1273 patet,
389 1158 445 1243 ibi
476 1159 654 1274 plasticus
680 1167 721 1242 ὅ(
746 1161 925 1246 caseosus
945 1163 1090 1244 humor
1116 1161 1346 1265 induretur,
1372 1164 1544 1248 nitorem
1570 1167 1654 1249 cu'ti

223 1269 425 1377 detrahat,
449 1281 490 1357 ὅ(
515 1273 765 1387 epidermidis
784 1271 944 1358 vincula
965 1271 1102 1357 solvat.
1132 1273 1295 1356 Rudem
1320 1277 1441 1356 menti
1467 1282 1508 1357 dt
1533 1303 1656 1389 gena-

223 1413 311 1468 rum
339 1389 523 1468 attactum
552 1409 766 1496 queruntur
793 1384 866 1468 illae
893 1417 906 1485 ;
937 1388 1164 1495 flavumque
1187 1383 1420 1469 detestantur
1446 1384 1654 1494 colorem,

222 1493 568 1603 bilemincusant,
588 1495 721 1582 alvum
742 1497 901 1582 solvunt
921 1498 1167 1603 catharticis,
1188 1496 1254 1580 sed
1269 1520 1445 1580 remanet
1465 1501 1657 1586 immotus

203 1611 396 1712 —humor‚
420 1618 461 1692 dt
485 1641 568 1721 quae
591 1639 688 1723 puta
710 1613 816 1722 priuis
839 1636 950 1694 erant
974 1635 1279 1740 corrumpuntur
1302 1616 1343 1692 dt
1367 1607 1589 1696 alterantur.

269 1722 478 1829 „Quamvis
502 1748 634 1806 autem
658 1723 902 1806 macularum
921 1719 1078 1804 illarum
1105 1720 1298 1834 diagnosrs
1325 1721 1487 1806 evidens
1515 1725 1585 1828 srt,
1613 1728 1656 1805 dt

224 1835 431 1946 prognosrs
451 1862 519 1946 per
539 1834 578 1917 se
599 1833 765 1947 periculi
785 1863 948 1918 omnem
968 1831 1098 1946 abigat
1125 1833 1283 1938 ideam,
1305 1863 1389 1916 non
1410 1834 1504 1918 ideo
1525 1861 1659 1918 tamen

226 1948 378 2030 curatio
395 1944 546 2060 semper
561 1945 712 2052 facilis,
728 1950 814 2029 imo
827 1946 981 2058 saepiirs,
1005 1946 1074 2026 nisr
1087 1942 1237 2027 sublata
1252 1945 1386 2049 causi,
1411 1945 1659 2060 impossibilis

225 2059 291 2140 est.
331 2056 452 2140 Certe
491 2089 574 2168 quse
606 2057 654 2141 ab
696 2060 814 2142 aetatis
851 2055 1056 2171 dispendio
1096 2053 1169 2138 illo
1201 2052 1450 2139 'includabili
1483 2059 1662 2171 pendent

226 2171 473 2254 curationem
496 2169 646 2280 nullam
668 2171 906 2274 admittunt,
929 2170 1012 2250 ima
1038 2174 1078 2264 {it
1101 2165 1188 2250 illas
1210 2166 1343 2250 frustra
1364 2167 1466 2252 fucis
1486 2170 1662 2254 dilsrmu-

224 2280 310 2366 lant
331 2283 451 2365 cauta:
473 2280 742 2386 muliercule,
767 2287 861 2368 ciam
882 2288 925 2361 ὃ(
949 2281 1076 2360 minias
1101 2279 1213 2388 supra
1235 2279 1394 2361 siccatas
1418 2279 1505 2364 illas
1531 2310 1662 2390 partes

225 2393 311 2476 suci
343 2396 512 2475 haereant
526 2453 539 2496 ‚
570 2396 653 2472 imi>
682 2401 724 2474 δε
751 2391 933 2474 colorem
959 2391 1079 2470 etiam
1105 2413 1333 2472 extraneum
1363 2395 1569 2502 accipiant.
1603 2397 1666 2478 At

225 2531 312 2613 quae
327 2503 348 2584 a
366 2503 487 2586 causis
511 2506 679 2587 externis
700 2504 873 2616 pendent
893 2504 1019 2584 curari
1046 2498 1143 2611 sape
1170 2501 1302 2610 polle,
1327 2504 1396 2583 nist
1419 2507 1663 2614 antiquiores

223 2615 286 2724 jus
311 2614 380 2698 srbi
405 2617 573 2699 civitatis
598 2615 863 2698 consciverint
876 2675 890 2719 ,
918 2642 1001 2696 non
1025 2610 1127 2694 adeo
1148 2609 1385 2725 impossibile
1409 2617 1488 2716 est3
1514 2617 1666 2702 sufficit-

226 2755 274 2814 ut
297 2727 429 2838 liquor
456 2725 525 2812 ille
553 2727 637 2810 sere
662 2729 702 2810 in
730 2724 901 2810 solidum
926 2754 1070 2839 corpus
1094 2721 1263 2808 coalitus
1286 2729 1414 2810 ruralis
1443 2755 1533 2810 eum
1559 2759 1663 2811 nan·

228 2841 325 2926 cisci
357 2866 474 2950 queat
505 2842 675 2924 fluorem
710 2869 792 2950 quo
824 2837 941 2952 polsrt
974 2838 1186 2951 perexigua
1218 2832 1371 2921 tranare
1402 2839 1584 2947 vascula,
1618 2848 1664 2926 dc
1778 2935 1783 2942 ,

224 2955 420 3041 tenuitate
448 2955 611 3038 eximias
641 2951 818 3066 superate
846 2948 1022 3034 cellulas.
1055 2947 1145 3032 Vita
1173 2947 1393 3061 puellarum
1417 2951 1635 3036 umbratilis
1643 3014 1676 3058 ,-

226 3077 274 3154 &
294 3062 454 3150 cautelae
469 3092 520 3147 ne
534 3063 600 3146 sol
611 3065 755 3149 faciem
770 3089 935 3169 exurat,
956 3087 1000 3144 ut
1018 3063 1177 3148 intaslas
1197 3061 1343 3168 servet,
1366 3065 1444 3167 ita,
1468 3066 1667 3149 siluerint?

222 3173 352 3264 semel
377 3173 483 3258 malo
512 3203 715 3290 occupata
729 3237 743 3281 ,
769 3175 924 3260 affedias
957 3172 1033 3278 jam
1059 3173 1226 3258 liberare
1253 3178 1388 3288 potest.
1419 3175 1515 3261 Hire
1541 3178 1664 3260 etiam
1768 3221 1772 3230 ‚
1866 3195 1873 3208 '

226 3291 454 3378 efficaciam
475 3288 625 3373 addunt
642 3321 692 3374 va
720 3315 809 3372 ores
832 3287 1066 3390 tenuissimi,
1090 3285 1230 3370 oleoso
1248 3288 1423 3398 unguine
1442 3287 1666 3402 pollenter,

222 3430 276 3490 ut
292 3401 420 3487 serum
441 3398 580 3506 laciis,
604 3320 751 3485 emulsa
770 3395 1113 3512 tenuia⁸applicata
1140 3406 1181 3479 ὅ(
1201 3401 1395 3510 apposita,
1419 3397 1504 3505 lac,
1535 3403 1665 3484 camis

223 3512 403 3604 vitulinae
434 3517 602 3598 recentis
631 3513 789 3598 frustula
822 3515 943 3596 nodio
975 3509 1187 3612 adhibita,
1225 3511 1307 3588 imo
1338 3517 1379 3590 ὅ(
1407 3539 1670 3620 quocumque

223 3625 357 3716 modo
383 3623 529 3709 servata
551 3628 592 3704 in
614 3653 763 3738 parcen
784 3619 1147 3730 &quodammodo
1169 3620 1668 3734 reperculsa-,perspiratim

222 3766 275 3825 ut
290 3759 438 3820 norunt
450 3733 690 3818 muliercule
702 3761 772 3847 per
784 3729 964 3816 fasciolas
982 3757 1099 3840 atque
1113 3730 1349 3814 lineamenta
1362 3735 1476 3816 unua
1490 3735 1668 3822 efficere.

220 3849 348 3940 Malo
375 3845 541 3932 consilio
569 3844 747 3958 plerique
769 3844 860 3927 libri
888 3843 1094 3927 cosmetici
1115 3844 1317 3927 lamminis
1342 3843 1492 3928 scatent
1515 3851 1666 3952 acetis,

221 3959 541 4076 aut'praepatatis
566 3957 735 4043 diversis.
768 3959 875 4040 Nam
900 3957 1033 4038 omnia
1059 3958 1147 4039 haec
1171 3957 1396 4061 exsiccant,
1423 3964 1464 4040 ὅ(
1490 3957 1670 4042 maculas

223 4075 394 4187 quidem
421 4070 561 4156 colore
583 4074 813 4174 immutant,
839 4067 907 4153 sed
927 4093 1096 4152 mutatus
1122 4065 1239 4152 color
1258 4071 1298 4150 in
1317 4070 1471 4177 nigrum
1492 4069 1673 4158 maculas

222 4191 331 4274 facit
358 4185 527 4299 aspeslui
557 4183 812 4267 horridiores.
842 4181 1052 4265 Pessimum
1081 4183 1178 4265 verb
1204 4181 1256 4264 est
1287 4182 1452 4263 caustica
1481 4179 1673 4266 adhibere·

223 4331 320 4413 qua:
343 4299 570 4380 cicatricem
624 4298 681 4378 oli
702 4295 1026 4380 inflammatorioe
1052 4290 1213 4374 insultus
1239 4315 1360 4398 atque
1379 4291 1671 4404 suppurationis

220 4412 345 4514 taedia
365 4409 580 4492 efficerent.
646 4435 694 4490 ec
716 4404 857 4502 melius
884 4401 1118 4488 conducunt
1137 4404 1380 4485 cathaeretica
1427 4433 1483 4484 uae
1499 4407 1540 4487 vi
1560 4405 1674 4488 caus·

220 4522 313 4612 tica
341 4520 485 4604 leniori
512 4527 555 4602 et
582 4520 689 4629 quasi
716 4514 888 4603 cicurata
916 4541 1047 4628 agunt.
1081 4513 1127 4597 si
1155 4518 1259 4598 enim
1291 4433 1457 4598 maculis
1489 4513 1670 4606 delendis

222 4640 340 4754 paria
358 4629 495 4717 effecta
511 4632 658 4716 suerint
674 4627 768 4735 illa,
780 4626 975 4714 ruborem.
988 4651 1120 4711 mmen
1135 4629 1177 4708 in
1193 4627 1296 4710 facie
1311 4625 1536 4739 relinquunt'
1556 4663 1564 4711 :
1587 4629 1667 4711 des·

126 4741 134 4754 ’
224 4773 387 4832 tructur
408 4746 516 4829 enirn
534 4741 751 4828 reticularis
772 4765 926 4844 textus,
952 4737 1061 4845 cujus
1079 4736 1177 4823 loco
1198 4764 1356 4850 turgent
1375 4739 1560 4852 sanguine
1579 4737 1671 4821 vasa

223 4860 448 4974 sanguinea
468 4855 688 4972 supposita,
717 4849 793 4944 nec
817 4880 992 4969 unquam
1017 4849 1119 4941 redit
1146 4849 1378 4984 epidermidi
1403 4853 1567 4952 firmitas
1585 4877 1676 4964 quas
