4246 5900
478 375 553 476 64
725 361 822 448 oe
875 348 1205 446 nonnis·
1241 337 1670 438 curturis.

480 525 795 636 nemonesque
811 529 956 638 primus
972 525 1143 607 omnium
1167 513 1407 600 adumbravit
1416 505 1673 600 S'crhetberus
1684 515 1727 598 in
1740 505 1904 602 σ’ἃᾶἰω

481 648 548 728 de
563 645 663 756 pelle
684 639 916 722 L'itrainensr.
937 638 996 720 lta
1010 634 1086 718 vidi
1100 628 1261 712 infantes
1276 631 1344 738 qui
1363 625 1386 710 ὲ
1405 653 1529 712 matre
1547 627 1787 741 gravidintit
1799 651 1904 712 tem-

482 783 597 872 pore
621 751 784 836 variola
801 749 960 866 experti
978 747 1216 860 supererant,
1242 767 1400 824 tumore
1427 737 1700 853 glandularum
1722 739 1905 826 mesem-

481 866 866 978 carumodprirnum
879 889 1017 946 annum
1030 856 1175 953 emori;
1195 849 1688 949 feminaenobiliivariolis
1702 854 1904 938 recenesr⁴

487 1013 594 1066 nat:
622 1007 739 1088 quarn
766 1004 857 1062 anre
885 971 1086 1090 perfeetum
1117 965 1415 1080 depurationem
1457 962 1588 1048 morbi
1628 963 1904 1079 compresserat

486 1099 682 1198 maritus,
705 1119 865 1204 puerum
886 1083 986 1168 nasci
1008 1081 1088 1162 vidi
1110 1081 1179 1188 qui
1200 1081 1319 1162 vitam
1344 1077 1549 1192 herperico
1572 1075 1679 1162 malo
1692 1140 1707 1182 ‚
1732 1081 1902 1191 pruritu·-

483 1235 570 1316 que
581 1209 735 1290 enormi
748 1203 1007 1312 auspicaretur.
1021 1187 1160 1274 Multis
1172 1187 1376 1298 juvenibus
1390 1193 1475 1306 post
1488 1189 1901 1300 variolas‚&'quidem
2010 1283 2016 1300 ¹

485 1322 618 1404 inlitae
635 1381 651 1413 ,
676 1317 777 1400 nasci
794 1317 991 1418 hesperos,
1017 1301 1161 1416 longos
1187 1303 1442 1386 articulorum
1467 1300 1657 1407 dolores,
1686 1303 1900 1386 sevissimae

483 1433 539 1518 ad
560 1429 701 1516 oculor
717 1425 924 1520 fluxiones,
947 1419 1130 1526 quianon
1152 1419 1376 1500 annotavit?
1387 1415 1470 1498 Has
1486 1417 1605 1498 tristes
1625 1412 1902 1523 reliquiaede·

487 1544 674 1632 cumbere
698 1543 737 1618 in
756 1561 862 1614 coxae
886 1527 1058 1613 articulis
1079 1527 1212 1639 ibique
1229 1528 1461 1612 conclusum
1481 1531 1690 1611 humorem
1717 1526 1901 1634 alterari,

489 1659 688 1744 &cariem
710 1642 848 1728 offibus
860 1703 872 1746 ‚
888 1640 1069 1726 universo
1093 1646 1254 1756 corpori
1275 1641 1506 1724 marasmum
1531 1649 1576 1724 br
1595 1666 1765 1722 mortem
1782 1635 1903 1724 indu-

489 1793 604 1870 cere,
627 1763 728 1874 spem
742 1781 943 1869 parentum
963 1752 1148 1840 eludente
1167 1752 1302 1870 puello
1313 1816 1328 1859 ,
1349 1754 1451 1860 vidi,
1469 1781 1552 1836 non
1567 1753 1644 1834 srne
1656 1754 1819 1865 gemitu.
1835 1756 1902 1838 An
1971 1841 1975 1850 ,
1997 1767 2003 1780 ’

489 1883 511 1968 ξι
536 1899 730 1992 parentum
752 1863 1001 1950 malesanae
1026 1865 1218 1980 syphilide
1241 1868 1398 1950 rachitis
1419 1891 1508 1950 nata
1529 1863 1797 1971 est‚'morbus
1817 1868 1829 1948 i
1858 1865 1900 1952 si

486 1983 670 2102 svphilide
684 1981 982 2064 recentiotiAn
1005 1983 1122 2064 etiam
1145 1981 1291 2065 strumae
1305 1977 1532 2078 α’γριοῷωμα.
1559 1984 1573 2061 i
1594 2001 1639 2060 ut
1652 2006 1745 2061 cum
1759 1895 1898 2062 Ballo-

485 2090 550 2188 n'io
563 2099 710 2204 loquar.
726 2089 845 2175 Certe
857 2095 1025 2176 arthritis
1040 2093 1298 2176 hereditarius
1333 2095 1358 2174 fi
1376 2095 1461 2201 quis
1478 2089 1574 2175 alter
1585 2087 1748 2173 morbus
1765 2093 1807 2172 in
1820 2089 1898 2177 une

482 2211 665 2328 progenie
687 2205 900 2318 herpetum·
913 2205 1016 2290 facie
1028 2197 1194 2320 prodit,
1219 2209 1260 2288 in
1296 2205 1455 2288 ecundo
1475 2199 1656 2288 nasorum
1676 2203 1815 2290 ordine
1834 2233 1898 2291 re-

482 2323 594 2408 sumit
613 2316 834 2401 artlrritidos
863 2319 1137 2404 charaeterem.
1161 2316 1327 2402 Scilicet
1356 2313 1506 2432 sperma
1533 2314 1633 2398 illud
1653 2317 1894 2427 humanum,

478 2449 521 2520 er
540 2427 737 2514 muliebrio
750 2427 920 2538 quisquis
936 2432 981 2514 srt
1002 2434 1146 2534 humor
1157 2453 1179 2537 ,·
1192 2460 1275 2516 non
1292 2435 1444 2514 tantum
1459 2427 1668 2514 nutriendo
1687 2428 1802 2514 socrui
1814 2437 1895 2545 pri*

479 2573 586 2630 mum
607 2541 818 2628 conferunt
831 2541 1078 2652 symbolum,
1094 2542 1162 2630 sed
1178 2540 1290 2628 srmul
1304 2546 1534 2655 imprimunt
1545 2539 1724 2626 indolem
1735 2547 1801 2627 vix
1815 2541 1897 2632 ulle

477 2665 555 2742 huc
577 2654 697 2764 usque
716 2653 876 2767 cogniti
900 2656 1274 2752 artedestruendam.
1313 2715 1319 2726 .

530 2767 592 2852 Er
613 2765 921 2882 himmultiplici
942 2769 1143 2854 causarum
1158 2775 1454 2858 enumeratione
1479 2769 1567 2854 sutis
1588 2770 1894 2883 comprehendi·

228 2885 261 2956 ·'
429 2930 445 2946 ·
473 2913 534 2972 tur
551 2871 737 2994 quantum
756 2879 948 3007 lt-divetetl
970 2881 1112 2994 possint
1133 2886 1286 2995 origine
1300 2881 1542 3000 pendereilli
1558 2875 1625 2994 qul
1643 2879 1776 2968 c'utem
1793 2885 1895 2990 afflip

473 3021 570 3114 gunt
590 2989 744 3098 morbi,
771 3015 845 3101 rec
866 3016 997 3078 tamen
1022 2995 1156 3078 omnia
1178 2995 1386 3080 causarum
1404 3022 1547 3112 genera
1560 2999 1641 3079 buc
1662 2996 1784 3108 usque
1798 3023 1895 3084 exe*

470 3113 554 3198 euti
574 3108 727 3204 sumunt
746 3103 856 3188 alteri
870 3107 976 3190 enlm
993 3104 1098 3188 clasii
1120 3103 1238 3192 obvia
1259 3113 1317 3194 est·
1331 3115 1431 3196 cutis
1456 3133 1519 3195 tot
1541 3109 1698 3194 aliunde
1720 3115 1891 3198 externit

470 3223 671 3312 causarum
689 3215 893 3304 insultibus
916 3225 957 3304 bt
979 3220 1143 3332 impetui
1165 3218 1336 3326 objebla3
1362 3223 1470 3308 suam
1494 3226 1612 3306 etiam
1630 3220 1783 3309 obtinet
1798 3253 1892 3310 cum

468 3335 629 3424 internis
654 3327 824 3444 partibup'
851 3331 1129 3446 sympatheiam
1161 3333 1413 3445 peculiarem.
1438 3333 1675 3421 Ventriculo
1708 3341 1761 3422 ita
1793 3367 1891 3422 con·

469 3442 815 3548 terremur-mutu
833 3444 905 3538 stnt
921 3463 1094 3560 'corpora
1117 3469 1200 3556 que
1220 3451 1322 3532 intus
1341 3457 1385 3533 'bt
1398 3453 1442 3536 'io
1456 3447 1719 3537 ventriculum
1733 3446 1892 3534 admissa

469 3557 600 3648 subito
623 3560 790 3670 pruritur
808 3552 1061 3642 enomtessnd
1079 3585 1166 3644 eam
1186 3564 1383 3666 excitent,
1408 3561 1890 3756 imb‚bt1papulat-erysr-

467 3667 714 3792 pelutosao.S
743 3670 831 3754 iritu
848 3673 927 3754 vini
950 3671 1175 3770 saccharrto
1199 3681 1239 3756 bt
1252 3666 1480 3786 'aromatite
1494 3679 1534 3758 in
1553 3707 1577 3758 u
1597 3705 1665 3758 um
1685 3674 1861 3760 adhibito
1871 3738 1889 3783 ‚

466 3817 560 3874 cum
582 3785 688 3870 tenui
721 3789 884 3873 rmum&
909 3783 1058 3867 summe
1082 3781 1254 3870 volatilis
1277 3786 1408 3900 liquor
1434 3790 1567 3870 omnia
1592 3785 1659 3871 vel
1689 3792 1890 3874 intimiora

468 3901 544 3984 iuu
567 3895 677 3982 oculi
701 3893 860 4000 subeat,
878 3894 984 3980 idem
998 3897 1105 3981 effici
1127 3893 1381 3984 nihilmirum
1398 3901 1473 4002 eli,
1496 3899 1562 3984 sed
1583 3903 1752 4012 pruritus
1769 3929 1890 3986 enor-

464 4039 578 4116 mes,
607 4013 690 4094 imo
713 4017 754 4094 br
782 4005 946 4124 pullulas
969 4013 1129 4094 excitari
1159 4012 1310 4118 vioi‚fi
1338 4017 1433 4099 vino
1454 4011 1615 4128 hispano
1641 4009 1708 4096 vel
1737 4014 1890 4098 medio-

468 4153 577 4212 crem
601 4125 785 4228 cyathum
797 4119 1045 4230 -srbifhomo,
1067 4123 1242 4232 alioquin
1259 4125 1367 4208 sanus
1385 4187 1408 4228 ,,
1445 4127 1669 4210 ermitteret.
1683 4127 1886 4233 Aquamm

467 4233 712 4323 minetulium
726 4225 1040 4322 louiffimus'usus
1055 4153 1451 4352 pustulauprurlemb
1467 4233 1594 4320 subito
1609 4237 1750 4320 effeetu
1770 4263 1886 4322 extu-

468 4345 565 4436 lerat
592 4383 600 4434 r
627 4345 667 4438 itl
704 4349 846 4430 mirum
881 4377 961 4432 non
980 4353 1093 4456 reste·
1124 4355 1214 4450 citnt
1244 4355 1352 4436 :inter
1384 4373 1489 4460 aque
1507 4345 1725 4462 „purilsrmae
1764 4375 1888 4462 poto-

467 4491 527 4550 tes
541 4461 707 4548 viderim
725 4477 805 4542 non
824 4489 944 4542 unum
965 4467 1046 4570 qui,
1064 4461 1186 4546 diluti
1201 4461 1427 4553 stomaclrnli
1441 4461 1593 4546 saburrli
1606 4525 1617 4556 ,
1632 4463 1711 4546 sese
1728 4461 1886 4578 pustulis

465 4577 521 4664 πό·
536 4577 707 4662 frontem
735 4569 1133 4686 indignabaturinter'
1153 4578 1539 4662 vini-immoderatos
1566 4575 1725 4686 bibaces
1750 4603 1886 4662 recen-

464 4689 565 4794 seri,
585 4713 754 4800 quotum
777 4689 1010 4772 innumero
1034 4686 1225 4791 juniorem
1250 4683 1497 4774 lllonnclrirm
1523 4691 1654 4774 studiis
1677 4689 1883 4796 deditum,

466 4805 562 4906 merl
583 4825 679 4918 potu
696 4800 868 4884 sarrutum
882 4801 991 4904 vidl3
1011 4787 1540 4922 llllilicumqusenimlopbre
1563 4803 1807 5000 megitlationi
1822 4805 1886 4886 in-

1655 4951 1677 5000 u
1696 4945 1884 5031 gentem,
