4186 5908
472 428 554 508 270
920 386 1028 483 ΠΕ
1094 383 1464 476 MORBIS

472 557 657 680 ingredi,
686 556 755 674 qui
785 583 925 647 omnes
950 553 1088 642 ulcera
1109 553 1372 672 superficiaria
1392 549 1574 636 efficiunt
1598 571 1718 663 atque
1743 497 1913 664 crustas,

473 673 555 788 qui
577 671 662 761 sols
689 677 929 788 proprietate
953 667 1155 756 declarant
1178 695 1301 753 muco
1328 666 1369 752 se
1390 659 1633 779 coagulabili
1658 663 1849 776 insidere,
1873 673 1916 756 dt

474 792 587 876 ineo
604 786 755 872 radices
771 785 908 870 fixiffe.
928 783 1093 868 Horum
1107 785 1287 870 traeiado
1303 778 1429 898 gradu
1445 781 1738 865 nocumenti&
1751 779 1917 872 curandi

475 898 1006 1012 difficultatedistlnguetur.
1227 1015 1231 1022 .

790 1045 1485 1211 PARnGRAPHUS
1555 1116 1590 1204 I.

477 1421 483 1426 .
613 1350 683 1437 De
701 1345 916 1460 Afficiibus
939 1346 1107 1460 crusln‘ir
1129 1345 1260 1432 ladas
1280 1343 1552 1462 universalibus
1576 1341 1780 1459 infantem.

539 1577 810 1689 Quantumuit
842 1580 966 1692 prima
994 1574 1064 1660 illa
1091 1573 1257 1660 infantia
1282 1573 1448 1689 septeno
1475 1571 1605 1686 primo
1632 1552 1726 1658 nita
1748 1573 1919 1658 circuitu

481 1716 569 1777 tota
597 1692 847 1776 contincatur
878 1699 920 1775 dt
951 1693 996 1772 in
1023 1717 1075 1774 eo
1104 1685 1395 1796 concludatur,
1422 1688 1551 1817 itant
1574 1716 1724 1772 novam
1753 1687 1920 1774 induere

480 1797 1920 2032 littetls,llihidsslillishdzihillitam

481 2031 533 2116 ad
548 2030 670 2140 usque
685 2027 932 2143 pubertatem
952 2055 1156 2117 remanent
1169 2027 1562 2141 aliqumdb.‚Vetiam
1577 1947 1650 2113 illl
1663 2055 1918 2146 erumpente,

483 2141 661 2255 faiiaique
689 2145 731 2226 in
758 2145 850 2228 viris
879 2143 1037 2228 seminis
1060 2140 1309 2249 secretione,
1336 2143 1646 2254 excretioneque
1673 2146 1716 2226 in
1743 2142 1920 2230 foeminit

484 2257 793 2361 menstruorum,
815 2254 1055 2342 evolvuntur
1074 2254 1267 2370 glandula:
1288 2283 1449 2361 omnes,
1465 2281 1612 2340 novam
1629 2253 1812 2342 indolem
1827 2287 1921 2342 nan·

486 2372 685 2457 ciscuntur
715 2369 929 2476 humores,
962 2369 1142 2480 adebque
1167 2397 1217 2455 cx
1242 2396 1353 2462 novo
1380 2370 1595 2453 humorum
1625 2399 1672 2454 ac
1699 2365 1921 2456 solidorum

485 2509 655 2592 tenore,
689 2477 757 2566 alii
785 2479 921 2568 morbi
954 2482 1198 2590 nascuntur,
1228 2508 1304 2566 nec
1335 2478 1415 2590 jam
1448 2479 1597 2596 aliquid
1627 2485 1790 2599 pristina:
1820 2481 1921 2574 labis

484 2624 673 2688 remanet.

539 2712 690 2796 Verirm
714 2709 812 2797 licet
834 2716 877 2796 in
902 2712 1018 2798 novis
1039 2710 1196 2825 organis
1220 2705 1371 2794 summe
1397 2703 1661 2814 flexibilibus,
1686 2715 1728 2793 dt
1753 2707 1926 2826 srmplici

486 2825 593 2910 vidlu
620 2823 819 2910 exhalatio
848 2831 967 2935 atque
993 2827 1209 2907 humorum
1239 2823 1444 2938 deputatio
1474 2817 1664 2906 facillima
1689 2823 1735 2906 stt
1746 2884 1761 2928 ,
1787 2822 1926 2908 multat

489 2936 578 3021 sunt
602 2939 722 3022 causae
744 2969 817 3022 cur
838 2940 923 3021 haec
949 2963 1037 3022 atas
1065 2934 1240 3030 maxime
1262 2933 1455 3021 morbose
1476 2933 1725 3049 depurationi
1747 2932 1926 3024 obnoxia

486 3049 537 3133 stt
563 3075 634 3181 per
659 3053 795 3134 cutim.
829 3047 1029 3136 Mollities
1052 3051 1159 3134 enirn
1182 3047 1401 3134 solidorum
1422 3055 1464 3132 dt
1482 3047 1697 3134 flacciditas
1717 3052 1820 3134 cutis
1839 3079 1927 3136 cau·

491 3161 539 3246 srs
563 3160 854 3276 rmpellentibus
881 3162 1052 3270 cedunt,
1075 3191 1150 3248 nec
1174 3163 1317 3249 cedere
1335 3161 1533 3268 deserunt,
1559 3163 1629 3245 nili
1651 3158 1720 3245 ubi
1740 3163 1926 3248 vasorum

490 3275 580 3360 finis
606 3277 677 3382 ht,
707 3279 775 3386 qui
807 3278 896 3361 finis
926 3276 977 3362 ad
1008 3303 1143 3361 cutem
1170 3274 1436 3393 amplissimus.
1477 3271 1666 3360 Pretetel
1693 3277 1735 3360 in
1761 3275 1927 3364 infantis

491 3388 704 3472 humorum
719 3395 933 3504 proventus
950 3393 1143 3476 maximus
1159 3393 1232 3497 est,
1250 3398 1293 3474 dt
1309 3389 1518 3506 proportio
1532 3386 1700 3505 lympha
1712 3387 1762 3472 ad
1772 3417 1927 3506 partem

491 3498 648 3586 rubram
677 3510 722 3586 dt
746 3503 995 3589 addensatam
1027 3502 1165 3612 major.
1196 3503 1312 3588 Unde
1339 3501 1433 3589 vete
1462 3502 1626 3588 affercre
1651 3501 1856 3618 poffumus
1882 3513 1924 3592 dt

491 3613 729 3702 methodum
744 3614 823 3727 qud
835 3619 1024 3704 humores
1037 3617 1252 3732 degeneres
1266 3619 1367 3702 liunt
1373 3679 1388 3724 ,
1403 3615 1629 3732 &proinde
1644 3619 1745 3702 cutis
1759 3615 1927 3704 morbos

493 3728 662 3814 omnino
676 3725 725 3814 ab
740 3729 967 3816 adultorum
980 3730 1131 3818 morbis
1146 3726 1334 3816 abludere
1348 3729 1711 3848 atquediscrepare.
1727 3729 1927 3844 Adcbque

491 3867 569 3926 nec
589 3841 729 3930 eadem
747 3841 825 3928 elie
845 3841 993 3930 debat
1009 3846 1301 3960 phoenomena,
1319 3873 1396 3931 nec
1413 3845 1576 3930 ctrrandi
1596 3842 1809 3930 methodus
1826 3846 1928 3932 sami·

492 3953 564 4061 lis,
588 3957 673 4042 inrb
693 3985 769 4042 nec
790 3955 879 4073 ipsae
898 3956 1020 4042 causat
1039 3959 1220 4060 eamdem
1239 3959 1391 4044 servare
1413 3959 1680 4044 aetuofiotem
1698 3956 1872 4074 poliunt.

548 4067 688 4154 Morbi
711 4069 904 4156 infantum
934 4075 1091 4156 cutanei
1114 4073 1354 4190 depuratorii
1377 4071 1501 4156 dividi
1523 4070 1670 4158 debent
1694 4076 1736 4156 in
1761 4069 1930 4162 morbos

497 4178 682 4268 omnibus
705 4183 879 4271 statibus
903 4213 1138 4272 communes
1161 4193 1205 4272 dt
1227 4181 1393 4272 morbos
1415 4188 1518 4272 aetati
1537 4182 1708 4272 infantili
1757 4190 1928 4302 roprios.

496 4289 565 4376 De
579 4293 640 4378 his
661 4294 756 4382 solis
775 4300 842 4384 hic
862 4303 1012 4414 aginnrs
1021 4363 1036 4407 ‚
1056 4305 1246 4411 quatenbe
1265 4298 1364 4415 sape
1381 4300 1487 4417 apud
1501 4303 1679 4386 auderes
1692 4217 1763 4384 rub
1780 4299 1929 4388 eodem

496 4406 662 4492 nomine
679 4409 1000 4523 confunduntur,
1021 4420 1065 4499 dt
1085 4413 1207 4532 aliqui
1224 4416 1356 4500 minus
1375 4413 1619 4502 confidente
1637 4413 1821 4502 eamdem
1842 4441 1931 4500 me-

498 4513 617 4603 dendi
636 4523 872 4610 methodum
892 4525 1093 4615 adhibent.

551 4627 686 4716 infans
705 4663 786 4744 quo
800 4664 982 4755 ternpore
998 4640 1047 4726 ab
1062 4669 1179 4729 utero
1198 4667 1379 4730 materno
1399 4641 1649 4751 excluditur,
1673 4639 1791 4730 rubet
1805 4643 1936 4730 unde·
2082 4619 2083 4622 l

493 4741 672 4852 quaque,
686 4748 782 4834 valis
801 4755 977 4838 mancis
990 4752 1207 4870 sanguineo
1219 4755 1343 4842 latice
1354 4755 1540 4871 perfude,
1558 4757 1772 4870 madctque
1787 4759 1935 4848 humo-

490 4883 582 4956 rum
601 4881 868 4952 maternorum
880 4863 1070 4956 colluvie.
1085 4869 1247 4984 Cutim,
1261 4865 1644 4992 liultraperspicins,
1658 4869 1935 4990 pellucentem
