4246 5900
524 339 1340 502 ·ruruoovcrro.
1594 435 1646 526 n

35 553 36 570 r
114 675 121 684 ι
214 604 383 670 neotum
418 573 559 663 causas
604 579 788 664 atstiores
831 575 1041 692 ligaturae,
1077 583 1119 662 &
1155 579 1341 662 strisliora
1379 577 1551 666 vincula.
1574 585 1648 670 'Ita

214 693 262 778 sae
290 694 571 778 b'memorem
604 716 741 776 notam
771 698 815 775 &
839 695 922 774 cuti
948 689 1172 776 indurandae
1185 751 1200 798 ,
1224 697 1266 774 δι
1293 694 1330 774 ei
1357 693 1646 782 contundenda:

213 725 388 890 inserunt
415 800 637 917 puellarum
666 801 802 888 loricae
826 803 1032 908 duriores,
1063 800 1340 912 femorumque
1370 802 1646 918 subligacula‚

214 946 300 1028 quae
320 943 449 1048 partes
473 916 748 1052 conmndunt3
768 913 959 1047 vesiculas
979 917 1104 1046 etiam·
1126 913 1337 1046 aliquandi>
1359 923 1401 1000 δι
1421 915 1529 1050 leves
1555 920 1648 1116 sugu-

213 1023 1647 1255 llllllgfl‘gssffln,¹ssslpssll⁸0i{lll{2”lllsshllllllll

214 1256 256 1336 in
282 1251 460 1338 manibus
477 1253 686 1338 nascuntur
707 1253 803 1337 dura
826 1251 1072 1337 traslantium
1093 1252 1368 1357 instrumenta,
1383 1252 1533 1338 sensrnn
1553 1256 1647 1342 sub-

212 1368 428 1478 positorum
478 1367 618 1450 artium
642 1363 983 1450 obtundentium
1001 1359 1168 1467 nullibi,
1189 1389 1265 1448 nec
1282 1390 1363 1446 tam
1380 1366 1549 1454 diffimili
1562 1371 1647 1454 for·

213 1475 282 1560 ma
289 1541 304 1584 ‚
323 1477 422 1560 adeo
442 1483 455 1561 i
490 1480 744 1588 'frequentet
768 1502 978 1590 erumpunt
997 1501 1117 1588 atque
1139 1478 1181 1556 in
1203 1474 1398 1588 pedibus,
1429 1481 1534 1564 unde
1559 1508 1644 1567 tor-

214 1579 386 1700 quennir
415 1588 703 1705 elegantiorum
733 1587 963 1674 calceorum
995 1590 1217 1700 gestatores.
1239 1589 1364 1672 Nunc
1393 1593 1499 1676 eni'm
1522 1592 1645 1679 callus

213 1701 389 1786 articulis
412 1701 516 1786 claui
529 1702 581 1788 ad
595 1707 707 1786 instar
721 1701 859 1784 affixus
878 1700 1159 1815 suppositarum
1173 1703 1341 1812 partium
1355 1707 1646 1816 compressione

218 1817 495 1900 &irritatione
515 1814 675 1900 dolores
702 1812 912 1898 arthritidis
939 1816 1154 1917 mentitur,
1191 1841 1298 1896 nunc
1332 1811 1471 1927 planta
1496 1819 1644 1931 pedum

215 1921 377 2036 taloque
410 1927 627 2041 suppofitus
657 1925 806 2011 soleam
838 1923 1064 2028 emulatur,
1099 1923 1310 2034 aliquando
1344 1930 1462 2009 etiam
1500 1931 1645 2016 affidari

146 2144 153 2154 Ι
214 2040 504 2152 compressione
515 2103 529 2145 ‚
556 2042 660 2150 qua-st
676 2038 746 2122 fibi
770 2039 839 2151 ipsi
862 2067 1003 2122 cavum
1023 2037 1158 2142 cudit,
1185 2036 1288 2120 undb
1306 2036 1534 2125 evellendus
1563 2047 1663 2151 ests

217 2179 297 2234 non
329 2152 411 2236 line
443 2151 513 2234 usu
544 2150 758 2236 artificiosa
783 2151 1074 2263 Chirurgorum
1104 2150 1252 2232 mamis,
1285 2151 1379 2235 Nec
1410 2150 1491 2235 alia
1513 2162 1642 2268 partes

216 2261 327 2348 callis
341 2265 650 2356 immunes.sunt
660 2328 674 2370 ‚
691 2263 901 2348 nascuntur
914 2266 1021 2346 enim
1034 2259 1094 2346 illi
1111 2262 1160 2345 ad
1179 2259 1357 2345 cubitum
1371 2267 1411 2346 in
1432 2268 1479 2348 iis
1493 2273 1560 2376 qui
1572 2271 1642 2383 ipsr

217 2373 312 2488 sape
332 2373 603 2483 scmunbunt,
632 2377 681 2460 ad
699 2379 883 2490 genua'in
896 2372 974 2458 illis
990 2377 1057 2484 qui
1071 2372 1168 2486 saepe
1186 2375 1297 2458 flexis
1313 2374 1480 2488 genibus
1503 2381 1640 2466 Deum

219 2513 400 2594 exoratu,
423 2490 510 2574 imi)
537 2497 578 2576 δι
596 2489 771 2575 tid-aures
797 2489 871 2573 vifia
884 2487 973 2571 sunt
992 2485 1098 2570 nasci
1114 2489 1158 2570 in
1175 2485 1253 2570 illis
1273 2491 1341 2599 qui
1356 2516 1477 2604 caput
1499 2493 1640 2579 sorribs

223 2595 625 2704 obstrixsrevinculis.

269 2711 402 2796 Aliam
422 2713 658 2798 morborum
673 2737 944 2820 *cutaneorum
963 2709 1126 2794 classem
1150 2712 1200 2795 ad
1222 2709 1334 2796 illam
1354 2711 1404 2794 de
1428 2710 1504 2822 qual
1533 2743 1641 2798 nune

215 2827 364 2936 agimus
392 2827 639 2912 referendam
670 2827 911 2912 constituunt
935 2823 1077 2908 insesla
1092 2827 1200 2916 ¹uaria
1225 2854 1341 2934 quae,
1367 2821 1433 2907 vel
1459 2828 1542 2906 cuti
1568 2854 1639 2940 ap-

213 2964 441 3046 ponuntur,
466 2937 532 3024 vel
552 2944 598 3024 in
628 2943 640 3022 i
669 2937 710 3023 sal
735 2936 1000 3022 innascuntur.
1031 2936 1311 3045 Quamtumvis
1337 2961 1477 3022 autem
1512 2933 1636 3051 longe
1789 3018 1794 3026 .

213 3044 377 3136 absimus
389 3050 438 3134 ab
456 3049 618 3137 illorum
704 3050 885 3136 dirorum
898 3051 1086 3162 opinione
1102 3051 1170 3158 qui
1184 3045 1409 3162 praejudicio
1424 3053 1521 3162 ra'pti
1536 3053 1637 3135 exis-

213 3162 354 3247 timant
378 3167 513 3248 omnia
547 3191 804 3275 quaerunque
838 3162 1046 3246 affesluum
1074 3163 1396 3274 contagiosorum
1418 3189 1561 3274 genera
1588 3164 1636 3248 ab
1664 3185 1672 3194 “

211 3271 364 3360 inseslis
395 3274 445 3360 ab
479 3280 560 3362 hoc
585 3303 757 3390 corpore
790 3278 838 3356 in¹
859 3271 959 3357 illud
984 3277 1104 3386 raptis
1132 3274 1304 3386 pendere
1334 3277 1526 3379 omnino,
1554 3274 1636 3387 ple-

213 3385 355 3497 rosque
366 3388 559 3504 pracipue
570 3393 671 3474 cutis
687 3385 875 3492 morbos,
892 3384 1090 3496 scabiem,
1104 3388 1310 3499 herpetes,
1326 3390 1420 3470 huic
1437 3385 1557 3469 causae
1570 3391 1637 3470 tri-j

211 3495 405 3606 buentes‚
438 3529 571 3588 tamen
605 3499 814 3586 fatebimur
839 3529 923 3582 non
952 3528 1073 3584 unam
1095 3497 1172 3585 elie
1196 3496 1429 3584 morborum
1464 3498 1636 3611 speciem

211 3641 296 3720 quae
315 3610 365 3696 ab
391 3611 467 3698 haic
493 3612 610 3700 cause
636 3612 848 3726 repetenda
867 3613 926 3694 fit
952 3611 1053 3720 Quo
1073 3610 1234 3720 quidem
1260 3614 1302 3696 in
1324 3638 1470 3725 genere
1493 3609 1635 3720 disqui-

211 3723 358 3812 sitionis
386 3725 469 3812 duo
491 3729 604 3840 praec‘
635 3755 685 3810 ua
714 3727 949 3810 infestorum
958 3727 1103 3826 ,cutim
1126 3722 1349 3808 laedentium
1383 3749 1529 3836 genera
1560 3722 1635 3807 dis-

211 3838 427 3950 tinguenda
444 3839 546 3924 sunt
626 3842 660 3922 'a
685 3841 791 3923 enim
811 3859 882 3920 aut
957 3864 974 3917 r
1008 3848 1094 3920 aera
1117 3834 1287 3923 uolitant
1300 3900 1315 3943 ,
1349 3862 1564 3944 cutemque
1593 3840 1635 3918 in

209 3946 320 4034 illam
345 3950 454 4036 illata
473 3951 742 4067 pertundunt,
757 3976 826 4034 aut
839 3951 881 4032 in
912 3977 987 4034 oca
1003 3951 1185 4034 humanis
1205 3948 1333 4036 usibus
1354 3949 1540 4030 destinata
1562 3951 1636 4034 ho-⁶

210 4065 580 4177 minique'proxima
599 4064 735 4152 nidum
755 4079 938 4178 ponunt,
966 4061 1072 4146 unde
1089 4065 1132 4144 in
1148 4087 1282 4146 cutem
1297 4059 1530 4143 deferantur.

262 4173 611 4290 Priorumgenera
622 4237 637 4283 ,
661 4201 826 4291 utpote
849 4177 891 4257 ln
920 4178 1035 4258 variis
1048 4179 1174 4256 'terra
1209 4166 1436 4282 regionibus
1460 4175 1565 4254 varia
1592 4182 1634 4258 bt

207 4287 363 4374 diverse
386 4287 645 4404 multiplicata
673 4289 876 4374 recensere
899 4283 1062 4372 difficile
1082 4285 1188 4366 soret
1199 4343 1214 4386 ,
1267 4287 1278 4310 ⁸
1348 4281 1494 4368 suismr
1515 4285 1636 4371 Ame-

209 4403 298 4484 ricae
314 4399 470 4488 -culices
485 4464 499 4510 ,
531 4401 590 4484 sui
611 4402 730 4494 etiam
758 4401 846 4512 Lap
875 4395 1017 4482 onibus
1037 4403 1081 4480 &
1110 4393 1172 4478 Bo
1293 4425 1351 4482 us.
1369 4395 1513 4480 incolis
1550 4428 1632 4508 quo

210 4504 392 4629 tempore
409 4513 473 4599 sol
497 4541 616 4600 terras
634 4504 721 4596 illas
740 4514 807 4606 vix
829 4429 994 4614 cissent,
1021 4535 1125 4618 quos
1144 4511 1210 4592 vix
1233 4509 1379 4624 poffint
1392 4512 1516 4596 vitare
1527 4571 1542 4614 ‚
1563 4513 1634 4596 nist

210 4627 304 4739 pice
331 4627 503 4713 obdusla
533 4625 703 4710 babeant
724 4651 911 4738 corpora.
936 4619 1000 4704 Ex
1025 4625 1170 4706 horum
1196 4619 1460 4815 generesunt
1483 4619 1634 4706 culices

210 4741 328 4822 nostri
341 4743 555 4825 fluviorum
579 4741 671 4871 ripis
687 4737 916 4844 affidentes,
946 4742 987 4819 bt
1011 4731 1177 4822 lierbosa
1194 4777 1198 4782 ·
1213 4761 1288 4817 oca
1307 4732 1528 4820 incolentes
1539 4795 1552 4838 ‚
1567 4763 1633 4818 va-

42 4873 43 4876 ‘
208 4854 282 4970 rii,
309 4858 378 4968 qui
393 4852 594 4940 stimulum
612 4881 656 4938 m
669 4847 833 4943 vulnere
857 4846 1085 4964 relinquunt
1103 4846 1329 4959 evidenter,
1347 4871 1463 4963 apes,
1478 4845 1635 4960 respa,⁴
