4228 5898
457 398 1259 546 :rxraonucrrn
1533 468 1609 553 in

183 599 395 712 eruperunt
411 595 517 686 male
534 595 741 707 judicatis,
768 599 853 682 imo
878 602 1202 686 &inconcinnas
1222 597 1453 686 insertiones
1473 603 1608 690 similis
1638 703 1640 706 ,

183 710 346 795 mucosa
370 709 456 796 lues
484 711 618 797 secuta
641 715 706 798 est.
735 710 851 797 Unde
881 714 929 797 sit
949 738 995 797 ut
1019 717 1112 796 clini
1140 739 1282 798 catera
1307 741 1608 826 praememorata

184 825 411 936 eruptiones
435 849 570 910 cutem
589 823 810 910 nullatenus
836 850 1058 932 excavent,
1086 824 1254 910 viderim
1275 824 1373 940 seps
1398 823 1424 912 h
1448 827 1608 941 pustulis

182 933 261 1021 illis
281 935 480 1026 obstinatis
495 966 605 1024 veras
627 943 904 1026 excasationes
919 935 1122 1042 variolosis
1136 936 1290 1025 similes.

194 1128 199 1134 .
241 1048 324 1134 Sed
335 1045 416 1157 jain
436 1054 566 1138 tacitis
581 1050 844 1168 progressibus
861 1075 949 1137 atas
962 1049 1190 1158 invalescit,
1205 1052 1442 1141 evolvuntur
1460 1075 1609 1167 organa

182 1164 288 1276 prisia
313 1159 490 1271 silentia,
514 1164 565 1250 ad
589 1164 802 1281 pubertatis
827 1167 971 1248 florem
994 1163 1276 1278 disponuntur;
1306 1159 1466 1274 omnia,
1492 1191 1537 1252 ut
1565 1170 1608 1250 in

185 1273 418 1360 oeconomih
439 1276 626 1387 animali,
653 1280 706 1362 sic
726 1277 776 1364 ad
796 1305 930 1362 cutem
948 1301 1160 1360 mutantiu.
1186 1276 1276 1366 Jam
1293 1279 1447 1364 fervent
1475 1283 1609 1362 omnia

186 1388 195 1406 ’
229 1415 282 1473 ne
297 1417 417 1473 novo.
431 1390 581 1476 Mucus
599 1419 676 1476 nec
697 1390 798 1476 adeb
822 1389 1041 1505 glutinosus
1066 1414 1246 1504 apparet,
1261 1419 1337 1476 nec
1360 1391 1460 1475 adeb
1480 1392 1611 1504 insipi-

184 1415 274 1585 ἔξω.
292 1501 424 1611 Spirat
440 1529 489 1587 ex
503 1501 577 1588 illo
596 1501 790 1590 seminalis
815 1532 908 1587 aura
922 1497 1116 1609 volatilis,
1134 1511 1176 1587 dt
1198 1500 1301 1586 odor
1327 1501 1501 1588 animalis
1524 1503 1612 1615 spe-

187 1615 329 1696 cificus
349 1641 421 1728 per
440 1621 541 1702 cutis
561 1614 752 1732 spiracula
777 1613 934 1701 exhalat
961 1649 969 1698 ε
996 1639 1092 1699 tunc
1111 1640 1157 1698 ut
1182 1612 1314 1699 morbi
1341 1619 1384 1700 in
1406 1640 1496 1700 toro
1523 1644 1613 1699 cor-

214 1753 285 1809 ore
311 1724 483 1814 violenti
501 1733 652 1843 magis,
679 1732 733 1814 sic
758 1733 827 1840 qui
852 1728 1061 1812 nascuntur
1081 1726 1132 1810 ad
1152 1753 1318 1834 cutem,
1355 1754 1422 1813 aut
1444 1728 1614 1840 erysipe-

187 1754 298 1921 iatosi
304 1842 536 2034 partientes
545 1904 561 1949 ‚
577 1869 644 1926 aut
662 1839 732 1959 phl
785 1841 939 1926 monosi
952 1867 1074 1926 acres.
1090 1837 1220 1924 Nullo
1240 1837 1320 1924 alio
1342 1866 1523 1955 tempore
1545 1840 1614 1926 sa-

189 1953 274 2064 piiis
342 1980 448 2060 oris,
479 1982 587 2068 gena
610 1870 811 2042 saisisti
894 1977 958 2036 tur
984 1956 1216 2068 perpetuis,
1246 1955 1301 2036 ita
1327 1977 1373 2036 ut
1403 1983 1487 2036 uno
1515 1951 1615 2036 desi·

190 2089 307 2148 nente
325 2063 425 2150 alter
444 2071 615 2175 emicet,
632 2078 675 2152 dt
693 2067 790 2182 sape
829 2069 933 2152 acies
955 2069 1082 2150 nitens
1103 2061 1329 2178 &pulchra
1349 2063 1456 2149 unde
1483 2063 1613 2174 uaqud

189 2177 360 2262 inficitur
383 2178 661 2294 suppuratoriis
683 2177 917 2268 tumoribus.
935 2177 1068 2264 *Tunc
1089 2175 1250 2262 dolores
1274 2177 1323 2262 ad
1345 2094 1534 2264 coculos
1551 2177 1616 2260 sa-

193 2289 341 2374 ceffunt
373 2295 417 2376 in
439 2292 645 2409 erysipelas
656 2355 673 2402 ‚
700 2301 743 2379 dt
766 2297 808 2378 in
834 2293 948 2378 omni
972 2290 1111 2376 affeetu
1133 2287 1258 2374 subest
1281 2288 1433 2405 semper
1460 2292 1617 2382 inflans

193 2404 348 2489 matorii
382 2402 564 2516 aliquid,
595 2407 706 2518 quod
723 2404 813 2521 ipsa'
836 2407 942 2520 puris
963 2429 1101 2488 natura
1130 2399 1303 2489 declarat
1339 2402 1484 2516 aperte.
1517 2402 1618 2487 Hoc

193 2538 371 2627 ternpore
398 2522 466 2628 qui
485 2519 689 2605 infantiam
720 2545 837 2630 atque
868 2519 1075 2631 pueritiam
1095 2540 1332 2600 vexaverant
1360 2512 1458 2599 olini
1487 2513 1619 2600 morbi

195 2632 349 2740 prorsiis
369 2632 564 2716 evanuere
576 2695 590 2739 ,
619 2661 702 2717 non
718 2629 882 2737 subitis,
909 2627 979 2718 sed
1011 2628 1149 2712 sensim
1180 2624 1354 2740 depositi
1379 2631 1619 2732 tenacitate,

195 2767 267 2842 uec
282 2739 495 2828 infeliciter
514 2743 676 2855 quidem
685 2745 743 2852 ‚si
761 2747 845 2826 no'n
857 2739 1038 2826 violento
1055 2737 1245 2824 concussu
1264 2734 1395 2820 morbi
1407 2740 1620 2828 vehemen-

195 2875 251 2938 tes
274 2853 570 2969 dispositionem
593 2856 703 2944 illam
729 2855 1016 2969 destruxerint,
1039 2850 1107 2937 sed
1130 2849 1373 2965 pedetentim
1394 2857 1437 2935 dt
1459 2850 1623 2938 sanioris

193 2991 336 3052 innita
354 2969 494 3054 ordine
507 2973 747 3056 evanuerint.
1551 3047 1552 3052 i

254 3078 495 3190 Quanquam
507 3111 638 3168 autem
655 3086 811 3193 utrique
825 3078 934 3164 sexui
947 3075 1015 3163 lex
1028 3075 1167 3162 eadem
1179 3099 1395 3192 competat,
1403 3072 1623 3161 notandum

195 3214 329 3277 tamen
348 3195 402 3278 est
427 3197 493 3280 hic
514 3193 662 3308 aliquas
681 3196 917 3280 intervenire
939 3191 1244 3304 discrepantias3
1272 3218 1363 3273 nam
1386 3189 1456 3272 etsi
1482 3215 1623 3272 mutus

196 3307 315 3390 etiam
344 3333 519 3392 mutetur
541 3312 582 3392 in
635 3306 750 3394 uallis
772 3316 815 3393 dt
839 3308 883 3388 in
907 3303 1163 3418 sanguineum
1193 3299 1355 3387 laticem
1384 3297 1623 3404 evidenter,
1753 3335 1757 3346 ·

194 3418 493 3531 erumpentibus
509 3450 574 3508 me
677 3421 709 3505 is
719 3483 735 3528 ‚
757 3415 940 3522 nceffat,
958 3443 1091 3504 tamen
1112 3415 1308 3498 cachexia
1327 3437 1423 3497 nota
1440 3441 1524 3520 quae
1537 3406 1626 3542 ple-

196 3529 326 3642 risque
336 3559 427 3616 ante
438 3533 650 3646 persedam
665 3535 950 3620 menstruorum
963 3531 1212 3644 eruptionem
1223 3527 1388 3614 inuritur
1395 3551 1483 3629 ,eas
1498 3525 1630 3620 ruiniit

195 3643 508 3730 inflammatoriis
528 3651 629 3734 cutis
643 3637 1242 3740 tumoribusteddit-obnoxias3
1271 3663 1311 3722 at
1330 3621 1428 3729 iicet
1440 3639 1629 3722 vari-non

196 3754 371 3871 persefiis
379 3757 582 3870 sanguinei
592 3761 665 3844 sint
675 3758 767 3865 ‚sed
802 3749 1631 3858 otiussetosi,salsi,acrei‚n0ntamenun·

197 3897 317 3979 quam
338 3896 406 3954 aut
427 3871 610 3957 rarissime
632 3901 755 3958 muco
771 3899 784 3952 i
800 3869 965 3985 perstant
983 3875 1026 3952 ὁ(
1044 3860 1112 3952 illi
1134 3861 1304 3948 infantili
1322 3862 1533 3946 tenacitate
1553 3886 1630 3948 me
1710 3875 1711 3878 ‘

197 3981 347 4068 tuendi.
371 3983 418 4066 In
432 3980 508 4068 hic
520 3986 608 4072 vita
626 3984 861 4072 conditione
871 3983 1000 4070 ninus
1021 3979 1104 4064 cuti
1117 3973 1338 4091 periculum
1350 3974 1559 4071 imminet;
1592 3995 1631 4060 at

198 4092 414 4182 visceribus
430 4096 677 4230 &precipue
693 4093 929 4212 pulmonum
940 4091 1167 4192 tenuissimis
1181 4088 1277 4170 vasis
1294 4082 1549 4176 metuendum
1565 4086 1631 4172 est.

253 4205 504 4336 Labtibus
524 4239 633 4293 aruris
657 4206 837 4316 juvenilis
867 4202 1133 4318 compescitur
1156 4201 1338 4301 flanona,
1367 4193 1483 4282 ardor
1502 4199 1632 4287 extiti-
1683 4197 1696 4221 “
1749 4277 1753 4290 ,

267 4347 333 4404 tur
347 4352 360 4420 ς
373 4319 617 4408 'adultorum
645 4326 746 4406 cutis
776 4318 935 4432 rigescit
958 4315 1214 4423 aliquatenus.
1239 4306 1359 4394 Tunc
1391 4310 1632 4421 potissimhm

199 4349 290 4522 §aspa
311 4435 387 4540 est,
414 4440 455 4518 dt
474 4435 543 4518 nisi
561 4437 604 4517 in
619 4430 767 4516 biliosis
786 4433 956 4534 naturis,
977 4448 1180 4537 autpravo
1201 4423 1306 4506 viflu
1325 4418 1525 4508 utentibus
1535 4443 1552 4527 ,'
1566 4437 1633 4512 aut

202 4573 361 4644 aarum
383 4547 633 4632 humidaruin
654 4543 798 4636 incolis
808 4604 823 4650 ‚
848 4537 916 4626 vel
937 4536 1097 4623 tandem
1112 4535 1278 4648 impexis
1292 4563 1339 4620 ac
1359 4532 1523 4620 sordidis
1545 4536 1634 4616 rarii

203 4655 422 4750 admodum
443 4662 544 4750 cutis
569 4660 740 4745 vitiatur.
759 4656 878 4741 Tunc
895 4647 1010 4760 calli,
1033 4647 1253 4763 asperitates
1275 4648 1378 4732 cutis
1389 4707 1406 4753 ‚
1429 4643 1634 4748 lichenes,

203 4769 366 4864 macula
380 4769 539 4861 scenam
555 4767 776 4890 complent,
786 4765 964 4880 alioquin
980 4756 1288 4856 accidentalibus
1304 4756 1499 4848 ,omnibus
1514 4756 1637 4846 causis

205 4881 439 4977 obnoxiam.

1336 4981 1383 5076 0
1441 4953 1450 4968 .
