4250 5898
682 427 1199 530 curtante
1574 462 1655 541 „7

222 613 316 703 quat
340 593 528 682 aridiores
558 590 781 704 &liquido
810 592 983 679 alluente
1011 593 1139 676 minias
1165 592 1339 704 irriguas.
1370 591 1469 678 Hac
1497 595 1658 704 quidem

221 708 411 794 sententia
450 710 524 792 viri
561 705 737 819 alioquin
774 707 982 795 dosliffimi
1017 707 1204 816 quantlrm
1243 732 1425 791 anatome
1466 735 1660 825 repugnet

222 845 371 922 norunt
391 847 542 904 omnes.
1053 877 1058 892 ·

279 935 431 1018 Verbm
452 932 502 1017 de
519 931 679 1018 calvitie
696 930 835 1017 contri
854 957 1029 1016 naturam
1047 925 1275 1044 agentibus,
1294 930 1429 1037 idest,
1449 935 1499 1020 de
1514 937 1559 1023 eal
1574 972 1658 1052 quae

223 1045 414 1132 morbose
443 1048 612 1162 ingruit,
639 1045 689 1130 de
712 1045 871 1132 calvitie
899 1041 1066 1128 naturali
1096 1047 1247 1126 tantiam
1275 1045 1318 1125 in
1346 1045 1427 1126 hoc
1481 1057 1657 1165 roposrto

224 1160 421 1274 agendum
444 1160 497 1243 est
507 1219 522 1264 ,
543 1185 588 1244 ut
609 1158 825 1243 scrutentur
845 1159 976 1242 causas
999 1187 1082 1268 quae
1100 1157 1242 1238 vitium
1262 1153 1361 1240 illud
1378 1077 1524 1273 pollint
1542 1165 1660 1258 indu-¹

224 1299 330 1358 cere.
354 1271 550 1382 Adeoque
573 1271 722 1357 notasse
745 1271 915 1372 sufficiet
936 1275 977 1354 in
999 1296 1169 1383 genere:
1335 1293 1344 1298 ·
1541 1335 1542 1342 .

230 1441 235 1450 -
288 1385 343 1470 1⁰.
361 1384 531 1469 Senibus
548 1383 615 1470 vel
630 1385 854 1491 calvitiem,
870 1380 936 1470 vel
951 1386 1138 1468 canitiem
1153 1410 1204 1466 ex
1219 1381 1359 1468 ordine
1377 1411 1519 1470 natura
1536 1387 1659 1477 obtin·

225 1525 346 1615 gere,
375 1504 418 1583 ὃ(
447 1497 544 1613 saepe
574 1523 781 1610 utramque
808 1495 921 1583 simul
945 1522 1184 1582 concurrere
1205 1527 1218 1598 ς
1241 1498 1325 1579 imb
1353 1502 1441 1582 rarb
1470 1503 1562 1585 viris
1590 1509 1659 1614 qui

225 1611 440 1697 canescunt
462 1609 643 1696 eamdem
668 1642 753 1724 quae
779 1611 905 1696 suerat
929 1607 1044 1698 antei
1065 1607 1273 1722 obtingere
1299 1612 1520 1716 confertam
1539 1616 1661 1732 capil-

225 1723 361 1810 lorum
382 1723 622 1810 densitatem.

234 1911 238 1924 .
286 1835 346 1921 2⁰.
371 1837 481 1921 Verb
494 1840 601 1922 viros
621 1834 711 1922 ante
730 1833 895 1922 seminas
912 1843 954 1921 ὃ(
975 1832 1197 1919 calvescere
1219 1838 1260 1915 dt
1279 1836 1507 1944 canescere,
1525 1867 1660 1949 quarn-

224 1952 286 2035 vis
310 1957 351 2032 δι
374 1952 434 2034 his
453 1975 662 2061 utrumque
682 1952 765 2035 hoc
788 1952 994 2061 contingat
1017 1947 1343 2053 incommodum,
1363 1950 1431 2034 sed
1453 1950 1596 2038 tardibs
1617 1963 1661 2040 dt

224 2065 268 2148 in
286 2088 395 2148 aetate
413 2067 536 2176 magis
552 2061 773 2177 decrepiti,
792 2064 968 2172 quamvis
983 2059 1148 2160 feminas
1167 2088 1248 2143 non
1264 2057 1486 2150 calvescere
1502 2065 1664 2152 censue-

225 2179 306 2260 rint
327 2182 367 2259 dr
388 2175 656 2289 Hippocrates
677 2179 718 2262 in
737 2172 984 2288 Aphorismis
1006 2177 1046 2254 ὃ(
1065 2168 1309 2255 Aristoteles.

287 2287 344 2392 3⁰.
370 2286 471 2372 Illos
494 2289 586 2388 ante
610 2315 749 2373 omnes
775 2286 875 2370 alios
906 2283 1129 2368 calvescere
1157 2286 1225 2391 qui
1256 2280 1330 2364 soli
1359 2285 1509 2370 nudum
1542 2317 1663 2408 caput

227 2398 476 2506 objecerint,
500 2407 542 2482 dt
567 2401 758 2513 temporis
780 2392 937 2502 injurias
956 2393 1129 2510 perferre
1151 2393 1372 2484 didicerint.
1405 2397 1541 2511 Quod⁸
1557 2407 1664 2522 apud

226 2515 390 2598 rusticos
415 2513 679 2627 experientia,
700 2509 769 2595 seu
790 2509 922 2622 potiits
943 2505 1164 2592 observatio
1192 2510 1369 2593 constans
1391 2511 1549 2600 edocet.

232 2680 235 2688 ·
286 2625 347 2730 4⁰.
377 2625 460 2710 Eos
488 2628 557 2734 qui
584 2623 716 2739 sapibs
744 2621 931 2708 raduntur
959 2621 1103 2706 tardiirs
1133 2620 1219 2704 fieri
1248 2617 1413 2729 calvos,
1430 2651 1593 2715 notante
1618 2632 1664 2718 id

228 2739 448 2826 Herodoto
476 2737 527 2822 de
548 2737 763 2850 AEgyptiis.
1192 2831 1196 2839 ¹

237 2929 241 2938 ,
290 2852 347 2960 5⁰.
366 2853 413 2936 ln
433 2858 636 2964 genere&
654 2851 816 2932 nimiam
836 2873 1043 2930 comarum
1063 2873 1198 2930 curam
1216 2843 1290 2956 quai
1306 2872 1417 2932 tortae
1435 2853 1664 2964 trahuntur,

227 2972 273 3050 &
292 2964 398 3048 varie
418 2967 714 3069 cincinnantur,
735 2969 777 3048 ὃ(
793 2989 926 3045 earum
940 2960 1138 3074 impexam
1153 2956 1353 3044 sorditiem
1369 2963 1477 3073 atque
1492 2967 1541 3052 ad
1556 2968 1665 3053 indu·

137 3141 140 3146 ,
227 3077 398 3164 cendam
416 3075 616 3162 calvitiem
632 3102 882 3162 concurrere.
900 3072 1063 3186 Quippe
1078 3099 1248 3182 utroque
1264 3076 1306 3155 in
1321 3074 1410 3158 casu
1424 3075 1662 3166 divelluntur

227 3188 374 3298 bulbi,
401 3219 449 3274 ac
471 3189 577 3276 varie
601 3215 803 3275 vexantur.
835 3187 951 3271 Cutis
976 3184 1056 3298 ipsa
1082 3187 1322 3300 pruriginem
1348 3185 1535 3276 facillime
1562 3223 1665 3278 con-

226 3306 374 3404 trahit;
393 3312 434 3387 ὃ(
456 3302 479 3387 a
493 3307 642 3418 pruritu
657 3301 729 3386 illo
746 3299 846 3416 sape
862 3325 1042 3384 tumores
1060 3305 1102 3382 ὃ(
1118 3301 1225 3383 varia
1242 3299 1543 3389 inflammatoria
1556 3306 1667 3392 mala·

140 3513 145 3526 ,
227 3422 273 3506 in
291 3415 374 3530 ipsa
396 3443 489 3502 cute
507 3419 743 3502 excitantur.
1216 3446 1219 3452 ·
1494 3417 1498 3422 ’

289 3527 348 3613 6⁰.
381 3528 593 3636 Dembm,
611 3537 653 3614 dt
676 3530 721 3614 id
748 3525 946 3642 precipue
971 3523 1189 3608 notandum
1217 3525 1294 3629 est,
1317 3520 1377 3606 illi
1405 3532 1447 3610 ὅ(
1476 3532 1666 3614 canitiem

226 3640 431 3746 induunt,
463 3648 505 3725 dt
534 3641 734 3726 calvitiem
761 3639 970 3751 preprimis
983 3640 1190 3832 lpatiuntur
1202 3697 1219 3743 ,
1251 3637 1318 3749 qui
1351 3642 1480 3745 curis,
1506 3646 1663 3752 anxiis,

226 3749 472 3842 moeroribus
486 3813 501 3860 ,
528 3751 662 3866 longis
687 3747 958 3859 indesellisque
1022 3745 1184 3834 boribus
1209 3774 1363 3834 atatem
1387 3752 1665 3842 confecerunt.

227 3867 502 3977 Quantum-vis
523 3868 629 3950 enim
652 3892 713 3949 res
732 3891 815 3948 non
833 3860 1056 3948 universalis
1083 3863 1155 3968 stt,
1178 3857 1256 3947 illis
1283 3863 1476 3978 precipue
1501 3895 1665 3979 praema-

90 4037 95 4048 -
226 4007 321 4070 tura
337 3976 533 4064 incumbit
552 3967 756 4085 calvities,
780 4004 881 4087 quos
898 3975 1046 4086 aliquid
1065 3975 1321 4090 improvisum
1340 3975 1362 4058 ὲ
1379 3976 1665 4070 sanitatisstatu·

227 4098 289 4180 ita
303 4087 544 4198 deturbavit,
562 4119 607 4176 ut
622 4117 741 4209 caput
762 4095 804 4174 ὃ(
821 4115 931 4174 mens
952 4088 1034 4172 hos
1054 4091 1106 4172 ita
1127 4092 1339 4172 maximam
1361 4088 1491 4173 morbi
1511 4119 1666 4205 pattena
1785 4133 1789 4142 ·

227 4205 420 4294 senserint
444 4210 485 4287 dt
507 4205 743 4319 susceperint
760 4234 772 4302 ς
791 4201 896 4286 unde
915 4200 938 4285 a
960 4119 1166 4286 dosbribus
1191 4228 1307 4311 atque
1332 4204 1434 4284 curis
1455 4233 1661 4317 praematu-

231 4348 325 4405 rum
348 4315 497 4400 senium
526 4321 683 4402 oriatur.
709 4315 763 4399 Et
785 4315 833 4398 ab
856 4315 931 4398 hac
960 4313 1119 4424 quidem
1140 4344 1215 4427 pra
1245 4314 1351 4398 rimis
1373 4341 1514 4438 parte,
1543 4317 1667 4404 calvi-

232 4435 311 4519 ties
332 4455 448 4538 atque
463 4433 626 4516 canities
642 4427 824 4514 naturalis
843 4423 1191 4542 praeternaturalent
1208 4343 1257 4512 tle
1274 4422 1348 4539 qni
1369 4455 1448 4532 tam
1466 4431 1668 4543 agendum·

233 4545 292 4629 est
316 4543 524 4654 attingunt.

292 4652 617 4738 Praeternaturalis
631 4656 737 4736 enim
758 4650 933 4738 calvities
949 4679 995 4738 ea
1010 4655 1063 4738 ell
1082 4681 1165 4763 qua
1185 4649 1273 4735 ante
1291 4677 1469 4768 tempora
1487 4653 1667 4740 bnatoris

235 4765 407 4856 instituta
425 4763 640 4876 juvenilem·
655 4791 806 4854 aetatem
829 4765 979 4882 affligit.
1005 4765 1144 4880 anue
1165 4763 1262 4886 sape
1279 4765 1374 4854 verb
1393 4767 1578 4856 morbosa
1596 4769 1670 4858 est.
