4228 5898
470 475 550 554 ιη
903 441 1010 531 nn
1077 438 1443 581 nona1s

466 613 570 697 intiu
595 607 802 724 putredine
821 608 873 698 &⁸
884 607 1097 692 humorum
1118 635 1235 693 corru
1264 608 1376 694 tione
1393 607 1435 692 in
1456 605 1591 694 ortem
1607 603 1899 720 diffundantur,

469 749 574 807 nunc
605 719 676 806 sub
704 718 946 804 macularum
979 715 1191 804 lucidarum
1225 635 1382 827 lbrmi,
1415 747 1522 804 nune
1554 716 1625 804 sub
1660 720 1900 852 pustularum

468 836 661 920 hiantium
689 841 730 917 dt
756 832 964 916 fetidarum
989 829 1168 938 catervi,
1202 833 1280 918 srve
1312 831 1472 918 dembm
1504 831 1753 920 anthracrbue
1784 833 1899 952 spha-

471 946 612 1034 celosrs
637 948 760 1029 cutim
779 943 1013 1058 perfodiant.
1041 943 1434 1030 Exundatvenenum
1444 1006 1460 1053 ‚
1482 951 1525 1029 dt
1540 971 1712 1032 mortem
1730 949 1901 1037 intentat

471 1059 744 1165 cercilltmam,
765 1059 921 1166 quoties
946 1057 1069 1140 statim
1090 1055 1139 1142 ad
1161 1060 1286 1142 cutim
1306 1059 1464 1141 emicat.
1483 1057 1623 1142 Mitibs
1645 1089 1739 1144 cum
1763 1063 1901 1152 naturd

471 1177 619 1288 agitur,
648 1173 804 1281 quoties
833 1198 917 1254 non
941 1172 1066 1256 lhtim
1083 1173 1185 1256 cutis
1214 1169 1400 1254 inficitur.
1426 1166 1507 1254 Ubi
1536 1172 1621 1286 post
1640 1171 1793 1284 aliquot
1812 1176 1900 1266 dies

471 1310 682 1418 erumpunt
696 1283 914 1390 anthraces,
935 1309 1003 1366 aut
1015 1280 1177 1367 macula
1189 1280 1444 1415 gangrenosae
1455 1281 1562 1399 spem
1575 1281 1747 1396 aliquam
1761 1287 1899 1374 lunare

342 1479 346 1486 ,
473 1398 685 1486 curationis
710 1394 948 1506 relinquunt.
980 1395 1136 1480 Malum
1160 1423 1266 1482 emm
1289 1393 1338 1480 ab
1359 1394 1611 1482 interioribus
1631 1396 1682 1481 ad
1704 1404 1901 1488 exteriora

470 1515 512 1598 vi
534 1537 677 1594 namra
699 1509 791 1593 ferri
808 1509 1021 1622 designant.
1046 1507 1162 1594 Unde
1187 1511 1306 1594 etiam
1331 1533 1443 1593 natus
1463 1534 1573 1594 error
1592 1511 1796 1626 pellimus,
1821 1516 1901 1601 else

472 1622 662 1710 cardiacis
673 1628 714 1706 dt
728 1624 949 1706 aromaticis
963 1649 1159 1706 venenum
1171 1619 1279 1706 extri
1290 1619 1620 1738 propulsandum,
1637 1629 1730 1708 siun
1742 1621 1900 1714 aliunde

471 1737 560 1826 satis
578 1735 881 1822 demonstratum
902 1736 949 1818 srt
967 1737 1026 1819 his
1045 1732 1229 1822 dmnibus
1251 1735 1400 1820 intendi
1420 1741 1462 1819 dt
1475 1739 1617 1848 ,augeri
1637 1737 1897 1852 putredinem.

473 1849 555 1936 Sed
566 1874 611 1932 ut
621 1845 1019 1932 curatioimoderari
1029 1850 1183 1932 abbione
1194 1873 1337 1932 naturae
1351 1847 1514 1962 pendet,
1527 1852 1581 1932 ita
1595 1877 1655 1933 ars
1667 1855 1902 1969 antiputrida

471 1963 524 2050 ed
549 1957 744 2046 medelam
763 1957 951 2045 adhibens
973 1960 1281 2074 medicamenta,
1308 1959 1403 2043 diun
1420 1959 1471 2044 de
1483 1961 1689 2076 putredine
1707 1964 1899 2078 detrahit,

472 2073 621 2162 viribus
645 2099 786 2158 nanrrae
806 2073 926 2158 addit.
955 2073 1036 2158 Sed
1058 2102 1142 2183 qua
1173 2075 1293 2156 llatlm
1321 2078 1364 2156 dt
1392 2101 1486 2158 cum
1516 2071 1662 2162 morbo
1691 2105 1713 2160 a
1768 2106 1901 2188 arent,

473 2189 540 2276 etsr
559 2215 683 2300 pauca
695 2187 788 2292 sint,
803 2183 937 2271 feralia
952 2187 1060 2291 sunt,
1078 2193 1120 2271 dt
1134 2186 1299 2302 peffimae
1313 2107 1901 2300 spei,vixqu‚ealiquidbledico

473 2301 660 2386 hesitanti
672 2298 868 2411 agendum
888 2297 1123 2410 relinquunt.
1137 2296 1410 2413 Adimplendae
1425 2297 1585 2409 quidem
1599 2299 1649 2384 ad
1669 2331 1765 2412 quas
1782 2304 1902 2393 febris

473 2440 590 2610 uapor
608 2410 893 2608 irpcpicationes:
918 2411 990 2607 seg·
1004 2409 1143 2496 contri
1164 2409 1530 2608 dimidiam
1547 2441 1647 2496 vana
1667 2417 1746 2502 effe
1768 2425 1903 2616 onpnia

474 2553 499 2614 e
542 2551 599 2612 xrt
680 2553 691 2606 ι
748 2550 913 2610 ocrates.
981 2553 1020 2608 rc
1055 2551 1218 2610 memrm
1245 2551 1312 2608 me
1336 2555 1377 2608 vr
1405 2555 1417 2606 r
1449 2552 1615 2608 eanum
1640 2553 1810 2616 veneras
1839 2563 1903 2618 ana

474 2667 560 2751 quae
591 2643 633 2724 in
664 2553 773 2722 febie
804 2634 967 2752 maligni
994 2639 1119 2722 moris
1144 2635 1221 2747 qui
1247 2636 1429 2721 confeila
1455 2634 1583 2744 obiit,
1613 2637 1761 2725 nullam
1783 2644 1903 2732 aliam

476 2777 613 2836 notam
626 2747 796 2834 habebat
805 2777 940 2868 prater
952 2748 1149 2836 maculam
1165 2752 1448 2864 nigricantem,
1463 2776 1538 2835 nec
1552 2749 1673 2836 latam
1685 2781 1839 2864 nmen,
1856 2763 1901 2843 in

473 2861 583 2978 labio
614 2863 813 2950 inferiore.
849 2863 968 2948 Hanc
996 2860 1104 2948 nulla
1137 2893 1197 2947 ars
1218 2861 1394 2980 expulit,
1425 2870 1467 2947 dt
1493 2867 1584 2948 cbm
1609 2895 1707 2979 agra
1726 2865 1832 2956 belle
1861 2871 1903 2958 se

475 2975 623 3061 babere
652 2975 920 3061 videretur&
951 2979 1085 3060 omnia
1114 2973 1270 3060 aliunde
1305 2978 1348 3058 in
1379 2975 1484 3060 vado
1515 2977 1796 3089 crederentur,
1824 2981 1905 3070 levi

478 3084 619 3175 delirio
644 3114 824 3202 correpta
851 3085 1005 3172 marculi
1033 3085 1113 3174 sese
1134 3087 1371 3174 extendente
1396 3091 1498 3174 intra
1519 3089 1586 3174 sex
1609 3093 1797 3178 horarum
1816 3097 1904 3212 dpa-

477 3201 580 3290 tium
604 3199 784 3284 confecia
806 3201 870 3286 est.
895 3199 1087 3311 Quod&
1111 3203 1154 3284 in
1175 3204 1215 3285 ni
1311 3199 1477 3316 fimplici
1502 3201 1553 3286 ad
1575 3203 1735 3290 dorsum
1757 3207 1907 3324 pustuli

476 3316 545 3400 vix
565 3313 732 3428 diginrm
748 3309 992 3420 unum'lati‚
1014 3311 1083 3398 sed
1099 3313 1166 3397 ins
1224 3313 1287 3422 rli,
1307 3313 1489 3400 accidille
1506 3314 1651 3428 pariter
1665 3319 1762 3406 vidi.
1788 3323 1907 3412 Adeo

476 3451 615 3514 venum
642 3428 695 3512 est
719 3429 875 3510 axioma
899 3424 1001 3510 illud
1022 3423 1166 3512 Galeni
1191 3429 1300 3540 qubd
1316 3456 1518 3542 nmquam
1543 3429 1706 3550 impture
1726 3437 1841 3550 nigra
1865 3441 1907 3524 in

477 3567 650 3656 corpore
671 3541 846 3624 humano
869 3552 1088 3656 erumpant.
1370 3615 1372 3624 .

504 4161 539 4196 ’ν
583 4171 670 4278 Dc
697 4177 871 4284 morbis
900 4175 1052 4282 acutis
1083 4217 1271 4320 quorum
1301 4175 1439 4323 crista
1454 4175 1526 4319 fit
1549 4179 1616 4284 ad
1638 4178 1795 4284 cutim.

482 4353 1034 4644 quarumcunque
1062 4450 1193 4536 morbi
1213 4454 1318 4536 acuti
1340 4481 1510 4564 quorum
1532 4455 1662 4538 exitus
1683 4453 1729 4538 lit
1750 4457 1792 4538 in
1811 4483 1911 4542 cute

485 4591 539 4644 nu
574 4558 591 4591 Λ
624 4564 776 4649 ratione
799 4563 992 4673 recenseri
1019 4565 1122 4649 inter
1144 4563 1308 4650 morbos
1331 4593 1521 4652 cumneos
1546 4564 1739 4672 debeant,
1769 4563 1911 4680 illique

475 4677 584 4760 inter
608 4667 736 4760 febres
761 4673 846 4782 jure
867 4683 909 4760 δι
935 4677 1077 4758 meriti)
1102 4705 1379 4788 numerentur,
1406 4677 1586 4790 adebque
1613 4679 1663 4764 de
1688 4677 1767 4763 illis
1795 4709 1913 4766 accu-

481 4783 564 4871 rate
586 4785 746 4872 meare
768 4817 851 4872 non
869 4789 915 4873 srt
934 4789 1083 4872 animus
1094 4850 1109 4897 ,
1132 4815 1265 4876 tamen
1285 4817 1329 4874 ut
1348 4821 1431 4902 quae
1452 4790 1503 4875 de
1519 4789 1668 4877 morbis
1684 4789 1779 4876 vere
1799 4819 1911 4880 cuta-

479 4903 571 4990 ucia
591 4897 836 5014 insequenti
856 4901 1086 4988 ammone
1112 4927 1226 4990 enare
1251 4901 1420 4990 dicenda
1444 4901 1585 4992 melius
1611 4902 1883 5020 intelligantur
1894 4967 1910 5014 ,
