4250 5898
665 400 1160 516 curtante
1552 383 1662 542 5ff‚

199 587 358 708 placide
372 589 649 693 excuduntur,
674 587 772 674 licet
785 590 965 674 sanentur
986 593 1103 674 eriam
1121 609 1338 706 paucorum
1352 581 1510 676 dierum·
1523 592 1657 678 inter:¹

201 705 323 789 vallo.
356 702 432 786 Pili
463 731 588 786 eruca
612 705 653 784 in
680 717 819 786 cutem'
838 705 1019 816 accepti,
1045 703 1239 816 precipue
1259 703 1355 786 vero
1382 731 1500 787 eruca
1523 710 1659 818 pinita·-

202 816 251 900 ab
272 820 392 902 Aetio
414 823 474 921 (a)
501 814 754 926 reformidata
773 820 858 897 turn
881 813 1089 921 acredine,
1122 820 1205 898 tiun
1233 815 1373 899 duritie
1401 843 1517 926 atque
1543 822 1660 932 rigi-·

204 929 325 1013 ditate
344 929 584 1044 spiculorum
601 954 732 1040 agunt.
757 928 847 1010 Inrir
859 935 925 1032 dt,
944 955 1106 1010 notante
1126 925 1192 1011 Cl.
1212 927 1262 1010 de
1281 929 1500 1040 Sauvages,
1521 929 1657 1016 frusta»

205 1040 388 1125 ciborum
405 1040 432 1124 a
443 1038 831 1145 muribusldemorsa,
850 1049 891 1123 dt
904 1038 1034 1151 postea
1049 1040 1331 1154 imprudentius
1347 1038 1394 1120 ab
1409 1041 1637 1130 hominibus

203 1155 459 1260 manducata,
481 1178 607 1266 partes
623 1147 838 1237 venenosas
860 1152 1042 1236 videntur
1063 1152 1249 1258 servasse,
1275 1156 1367 1235 clim
1382 1155 1532 1235 constet
1547 1157 1636 1267 ipfi,

204 1294 275 1379 per
299 1265 592 1370 observationes
617 1268 798 1379 repetitas
818 1291 864 1348 ea
890 1273 932 1347 &
956 1261 1081 1369 labia,
1110 1274 1151 1348 dt
1178 1295 1224 1348 os
1250 1267 1529 1364 inflannnalle3
1554 1292 1658 1376 quat'

203 1380 463 1462 inflammatio
486 1377 616 1492 plures
640 1406 709 1491 per
732 1377 815 1460 dies
844 1375 1089 1491 perdurabat.
1129 1381 1194 1459 An
1218 1377 1355 1460 emissit
1379 1376 1490 1460 urinai
1514 1381 1656 1462 vene-‘

175 1489 294 1572 *natal
327 1500 368 1574 dt
396 1490 553 1601 liquore
583 1490 633 1574 ad
666 1489 707 1572 id
737 1489 889 1572 servaro
919 1515 1090 1593 noceat,
1122 1489 1216 1572 ditm
1244 1489 1517 1574 vividiffinram
1554 1495 1655 1574 cuti

204 1603 557 1687 inflammationem
583 1603 702 1686 infert
716 1664 730 1706 ,
766 1601 871 1684 Bufo
903 1605 1072 1707 nostras,
1099 1599 1195 1685 licet
1221 1603 1261 1685 id
1287 1632 1359 1714 pro
1393 1627 1561 1716 accepto
1594 1612 1660 1686 &-

206 1713 469 1799 demonstrato
494 1714 663 1798 habeant
685 1715 837 1819 rustici,
861 1713 969 1794 nullia
993 1713 1080 1796 satis
1104 1713 1210 1796 certi
1228 1712 1501 1797 observatione
1519 1715 1638 1797 cons-

206 1831 312 1933 titit,
345 1826 476 1911 donec
500 1825 633 1910 multis
662 1823 767 1908 circa
795 1828 876 1908 hoc
901 1823 1044 1908 animal
1072 1823 1410 1909 observationibus
1436 1827 1544 1908 dives
1570 1826 1656 1911 Cl·
1729 1862 1733 1868 ·

207 1939 410 2026 Demours
428 1969 511 2050 quae
535 1940 615 2056 ipse
636 1936 773 2020 seduli>
798 1936 1018 2021 observavit
1039 1935 1189 2049 publici
1212 1935 1304 2043 juris
1328 1939 1474 2036 faciat;
1499 1943 1639 2021 veriam

206 2056 421 2137 contrarias
452 2054 633 2164 opinioni
659 2053 754 2134 huic
814 2047 1038 2154 racjudicatae
1077 2047 1371 2134 observationes
1414 2049 1531 2132 refert
1570 2049 1659 2133 Cla

210 2165 261 2250 de
277 2165 489 2276 Sauvages.
509 2164 704 2273 Quamvis
719 2081 842 2244 mulia
857 2161 1094 2274 congesserit
1108 2159 1311 2245 observata
1328 2164 1435 2274 circi,
1446 2161 1645 2247 horun'rce

207 2273 434 2364 animalium
462 2301 638 2358 naturam
668 2279 709 2356 in
737 2273 923 2358 Americrl
950 2271 1018 2356 sub
1055 2273 1265 2356 ardentiori
1294 2273 1408 2376 caelo,
1435 2272 1500 2356 Cl.
1526 2274 1660 2359 Hans-

208 2376 358 2472 Sloane
373 2388 459 2490 (b),
483 2387 590 2468 nulla
610 2412 743 2468 tamen
763 2384 965 2468 observata
987 2413 1069 2494 quae
1094 2411 1178 2467 rem
1199 2385 1438 2468 confirment
1462 2384 1658 2497 pratalia·

210 2497 332 2582 Certe
347 2525 437 2581 acre
452 2494 572 2603 illud,
589 2498 615 2578 st
631 2499 771 2601 exstet,
782 2497 990 2600 ‚effluvium
1006 2499 1088 2579 cuti
1106 2523 1254 2580 nocere
1268 2500 1412 2609 potest,
1433 2497 1640 2610 prasertim

208 2613 425 2696 tenerrima
449 2607 692 2724 puellarum,
724 2607 834 2718 quod
859 2607 1068 2691 sufficitur
1097 2606 1383 2721 multiplicibus
1412 2609 1499 2689 ansa
1528 2609 1660 2692 detur.

209 2717 364 2826 fabulis.
377 2723 527 2807 Veram
541 2725 601 2804 his
614 2723 779 2804 insistere
797 2725 953 2835 prorsus
967 2716 1105 2803 inutile
1114 2721 1166 2802 est
1177 2781 1192 2826 ,
1211 2749 1330 2830 quum
1348 2719 1470 2834 magis
1489 2723 1643 2808 curiosa

212 2835 332 2948 quint
350 2833 487 2942 utilia,
510 2862 575 2918 aut
592 2835 805 2918 referantur
823 2833 871 2916 ad
890 2835 1079 2938 caustica,
1103 2857 1170 2914 aut
1189 2833 1238 2915 ad
1258 2861 1304 2915 ea
1323 2863 1405 2942 qua
1422 2834 1462 2916 vi
1482 2836 1662 2917 mecha·

212 2946 304 3032 nied
327 2974 460 3062 agunt.
486 2948 760 3031 Caullicorurn
781 2973 932 3049 autern,
957 2954 1067 3028 ut&
1093 2947 1194 3058 ignis
1218 2945 1354 3058 ipsuis,
1378 2947 1571 3027 aaronem
1599 2952 1658 3032 in·

212 3087 346 3146 cutem
369 3059 488 3143 altius⁴
504 3063 700 3169 inquirere
724 3056 863 3142 inutile
885 3059 965 3156 est3
991 3087 1074 3167 qua
1096 3057 1256 3167 quidem
1278 3061 1401 3140 cutim
1424 3055 1644 3166 lacellunt,

209 3174 279 3257 sed
298 3177 454 3257 anione
471 3168 645 3285 cogniti.
665 3171 756 3254 Nec
777 3199 850 3284 pro
871 3167 1013 3252 morbo
1036 3167 1176 3252 haberi.
1188 3173 1315 3363 potest
1337 3171 1438 3252 aelio
1457 3168 1645 3277 evidens,

212 3287 436 3390 aurinis,
466 3309 532 3366 aut
565 3313 753 3392 aquarum
783 3284 1013 3394 stygiarum,
1045 3309 1111 3364 aut
1143 3282 1185 3364 so
1203 3286 1386 3364 utionutn
1420 3285 1648 3391 quatumvis
1683 3337 1708 3354 ο

211 3316 499 3510 metafiicarum
528 3425 612 3506 quae
641 3390 922 3482 evidentiilimd
951 3398 1105 3478 afflone
1138 3397 1262 3477 cutim
1288 3393 1511 3499 destruunt,
1533 3394 1645 3476 »unde

213 3535 282 3592 aut
300 3509 496 3592 escharam
508 3570 523 3613 ‚
554 3533 621 3591 aut
642 3505 915 3622 phlyeloenas,
944 3533 1061 3616 atque
1076 3505 1300 3618 erysipelata
1324 3505 1517 3587 inducunt
1537 3538 1549 3603 ς
1578 3505 1647 3588 fed

216 3623 304 3704 rari)
334 3618 618 3733 phlegmonem
649 3617 848 3703 accersere
883 3617 1073 3731 poliunt,
1107 3620 1179 3700 nisr‘
1210 3615 1343 3700 natural
1375 3615 1444 3700 sub
1477 3615 1650 3700 escharis

214 3731 394 3816 laborem
409 3761 560 3814 novum
573 3730 807 3842 auspicante.
867 3733 933 3842 uip
963 3728 985 3810 ὲ
991 3727 1202 3854 phlegma,
1218 3731 1286 3814 etlr
1301 3730 1425 3812 cutim
1463 3729 1650 3834 erfodiat,

216 3875 298 3943 non
312 3844 372 3962 ad
396 3842 517 3958 ipsam
540 3845 732 3956 pertinet,
756 3840 823 3924 sed
847 3840 897 3924 ad
937 3839 1133 3947 abacelam
1157 3867 1310 3928 textum
1332 3757 1577 3925 cellnlrern.

563 4011 1273 4142 nnrrcunusrr
1553 4015 1557 4024 ’

330 4237 397 4322 De
422 4237 565 4320 aeliane
588 4237 629 4318 in
650 4235 766 4319 carim
789 4233 952 4329 veneni,
977 4235 1059 4316 trlm
1080 4263 1132 4315 ex
1154 4229 1442 4344 vegetantibus,
1463 4229 1562 4313 rrlnr'
1598 4291 1606 4316 1

559 4378 611 4430 ex
634 4346 961 4458 animalibusque
986 4347 1102 4426 cutim
1120 4369 1309 4458 pangant.

241 4591 249 4601 ·
276 4538 467 4624 Plurimae
491 4516 567 4624 ell'e
589 4495 763 4655 plantas,
789 4533 900 4650 plura
922 4533 999 4618 effe
1022 4533 1203 4638 animalia
1222 4564 1305 4644 quae
1327 4535 1548 4640 donentur,
1572 4531 1655 4616 illae

221 4655 339 4768 spinis
366 4662 407 4737 ὃ(
430 4649 602 4757 aculeis,
632 4656 714 4735 haec
741 4676 873 4732 autem
896 4645 1077 4730 dentibus
1101 4675 1218 4762 atque
1240 4646 1399 4732 stimulis
1410 4710 1427 4772 ,Ι
1453 4676 1577 4774 uerno-
1595 4650 1653 4729 cll.

262 4817 314 4892 (a*r
339 4813 418 4872 Ten.
434 4837 469 4882 a,
486 4809 564 4872 serm.
582 4831 605 4872 r.

263 4893 321 4971 (l)
345 4891 425 4958 Hans
439 4893 560 4964 slatus,
577 4889 1097 4966 nar.hir.0f.Jtmnc‚t0n.2,1ib.
1113 4910 1141 4953 ιι
1177 4977 1179 4988 Ι
