4186 5908
18 431 20 512 l
628 464 1147 554 curantis
1533 501 1610 576 η,

18 565 20 714 l
171 630 367 716 auaores.
391 625 550 713 Verhin
576 628 804 746 erysipelate
830 625 900 714 illa
925 630 1174 746 depuratoria
1200 629 1249 714 ad
1274 659 1349 714 nos
1379 586 1615 748 norberti-

169 769 301 830 nent:
333 742 385 826 de
407 745 453 826 iis
470 740 581 852 quod
604 741 819 828 dicendum
840 757 924 828 erat
943 740 1021 850 jam
1041 743 1189 828 dicum
1210 745 1275 829 est.
1303 743 1467 829 Possunt
1486 749 1586 831 verb
1597 810 1613 855 ,

25 960 30 968 ι
168 857 243 942 etli
268 858 393 940 rasilis
415 855 592 962 accidat,
617 851 761 942 lentina
787 853 1011 963 hujusmodi
1036 884 1189 942 venena
1213 858 1473 944 intumescere
1503 867 1545 946 dc
1571 863 1614 948 in

172 973 411 1055 ‘chronicam
438 965 569 1054 labem
594 968 803 1056 facescere.
833 971 929 1056 Nec
954 970 1189 1056 crediderim
1215 970 1324 1084 polie
1350 970 1451 1058 adeo
1476 971 1613 1058 secure

18 1091 19 1104 '
173 1080 441 1170 concubitum
461 1113 557 1166 cum
578 1079 656 1168 illis
676 1086 853 1168 exerceri
875 1088 943 1194 qui
967 1081 1193 1199 eryhpelate
1212 1083 1392 1170 familiari
1418 1083 1612 1174 laborant.

176 1196 295 1308 Quid
314 1199 423 1282 enim
438 1201 457 1279 'i
481 1201 575 1280 clim
594 1195 675 1312 ipsa
694 1200 863 1283 arthrisis
884 1195 981 1312 sape
999 1201 1068 1282 vix
1089 1194 1313 1282 refellendis
1336 1201 1612 1312 experimentis

173 1310 356 1396 videatur
374 1310 496 1394 'duaa
523 1312 751 1424 contagio?
784 1312 852 1395 An
881 1340 964 1395 non
993 1308 1094 1394 illud
1122 1309 1327 1426 erysipelas
1356 1313 1466 1424 quod
1491 1313 1613 1428 ipsam

103 1513 104 1518 Ν
173 1426 329 1540 excipit
348 1424 464 1540 polsrt
487 1425 607 1508 etiarn
627 1423 766 1509 eadem
791 1423 870 1508 fata
887 1421 1049 1509 subire?
1072 1420 1288 1535 Nunquam
1312 1451 1447 1512 tamen
1472 1424 1614 1514 suniles

173 1537 289 1622 casus
318 1536 430 1646 vidi,
463 1565 538 1622 nec
573 1538 646 1620 nisr
683 1533 908 1644 conjeslurb
938 1537 982 1621 id
1014 1537 1159 1648 assequi
1190 1536 1303 1680 polle
1333 1539 1487 1626 videor.
1534 1541 1615 1625 Sed
1754 1569 1765 1585 ·

178 1648 414 1846 radopdem
437 1650 587 1736 sufficit
614 1651 692 1736 elie
718 1646 1009 1759 conjesluram,
1042 1677 1089 1736 ut
1119 1649 1212 1734 inde
1242 1654 1422 1738 ineantur
1459 1653 1616 1739 medica

172 1766 284 1851 cons
305 1768 353 1848 ia.

235 1878 388 1962 Forsan
410 1879 530 1963 etiam
547 1906 637 1961 non
651 1875 894 1963 ⁴videbuntur
913 1878 959 1960 in
982 1874 1057 1961 hsc
1081 1874 1317 1992 eryhpelatis
1337 1879 1455 1963 nostri
1481 1880 1615 1965 causa·

175 2021 267 2078 rum
287 1994 587 2076 enumeratione
608 1991 697 2076 satis
723 1990 1008 2106 comprehendi
1032 1987 1114 2074 aliae
1139 1989 1270 2074 multa
1294 1986 1506 2105 poffibiles
1534 1994 1617 2078 Sed

176 2113 274 2191 cbm
304 2105 541 2190 methodum
568 2108 736 2189 nostram
764 2105 812 2189 ad
837 2105 988 2219 praxim
1015 2105 1210 2188 instituere
1235 2103 1356 2191 fuerit
1376 2107 1552 2213 animus,
1573 2110 1616 2191 in

177 2217 586 2335 verbiqaucupandis
622 2245 776 2333 tenipus
807 2243 934 2302 terere
966 2215 1111 2301 inutile
1147 2218 1201 2301 est
1220 2247 1237 2317 3
1273 2218 1381 2301 hisce
1408 2221 1454 2302 in
1489 2219 1614 2306 caulis

177 2331 438 2419 concluditur
465 2332 656 2443 quidquid
679 2335 807 2448 praxis
832 2331 955 2415 videt.
985 2331 1054 2414 De
1072 2327 1217 2414 morbo
1238 2329 1415 2414 distinslo
1436 2333 1589 2445 agimus
1597 2396 1612 2440 ,

182 2475 263 2530 non
291 2444 344 2528 de
370 2442 486 2529 classe
507 2445 731 2553 causarum,
757 2470 803 2528 ut
821 2441 969 2529 ,clarius
993 2440 1197 2558 apparebit
1215 2469 1270 2526 ex
1295 2441 1342 2527 es
1366 2473 1483 2555 quarn
1507 2451 1652 2530 nunc·

177 2561 414 2644 instituimus
438 2558 625 2673 diagnosr.

239 2672 451 2794 Diagnosrs
475 2668 710 2788 erysipelatis
727 2669 926 2783 ,praesentis
953 2665 1079 2753 facilis
1106 2667 1157 2752 ad
1187 2665 1351 2751 oculum
1374 2693 1498 2780 pates
1529 2669 1618 2785 Ipse

175 2783 392 2900 distinguet
420 2783 588 2893 oculus,
615 2813 674 2867 :an
695 2781 858 2897 simplex
884 2783 930 2866 srt
956 2776 1185 2896 erysipelas,
1211 2807 1260 2862 an
1281 2808 1339 2866 ex
1370 2778 1443 2864 illo
1471 2808 1616 2894 genere

182 2901 291 3012 quod
316 2903 472 3010 antiqui
504 2894 612 2994 νῗμας
627 2923 901 3003 vocaverunt,
928 2895 974 2980 id
999 2896 1052 2978 est
1076 2923 1252 3010 vagans,
1281 2893 1616 3089 srveperodicum

181 3017 258 3123 sit,
286 3016 361 3098 sive
391 3013 639 3097 erraticumd
671 3010 778 3093 Nam
804 3008 1041 3128 erysipelatis
1067 3038 1149 3094 non
1174 3009 1264 3121 vagi
1291 3035 1404 3092 caua
1438 3011 1615 3096 constans

183 3135 228 3213 ἃ
245 3125 515 3242 utplurimum
528 3127 580 3208 est
594 3123 778 3231 evidens,
801 3150 868 3210 aut
885 3123 1118 3240 epidemica.
1135 3123 1295 3236 Vagum
1308 3121 1335 3202 sr
1347 3117 1616 3234 prims-fronte

186 3273 267 3328 non
286 3239 546 3350 judicaveris,
573 3237 653 3323 tale
670 3239 709 3322 se
729 3241 854 3353 prima
874 3235 1039 3322 docebit
1066 3235 1250 3320 recidiva.
1284 3234 1366 3318 Sed
1390 3234 1617 3348 periculum
1714 3348 1718 3352 ⁵

185 3359 303 3441 estne
327 3353 462 3438 redeat
484 3351 690 3468 erysipelas
711 3351 843 3462 quod,
865 3377 1077 3461 antequam
1091 3371 1294 3464 erumpat,
1320 3348 1442 3432 causae
1461 3346 1624 3440 latentis,
1756 3431 1763 3440 ,

181 3470 385 3554 interioris
406 3469 511 3581 ligna
531 3465 673 3598 dedite·
687 3463 840 3599 scilicet
859 3465 887 3546 sr
904 3466 989 3579 post
1002 3465 1221 3546 anxietates
1239 3487 1421 3574 appareat
1430 3465 1615 3595 previas,

182 3609 335 3803 {llll
362 3579 925 3794 lllhzllalhll·
938 3573 1230 3774 diffisis
1246 3573 1619 3801 rlssiib’sississ

180 3811 383 3928 praeocia
409 3811 495 3892 linis
516 3805 608 3915 det,
636 3811 729 3890 clun
752 3830 885 3888 tamen
904 3806 1070 3919 praevius
1096 3799 1287 3884 tumultus
1310 3829 1474 3914 magnus
1500 3800 1619 3884 suerit

184 3934 230 4011 dt
242 3921 492 4010 metuendus.
517 3920 729 4006 Latentem
746 3921 880 4024 enim,
901 3945 985 3998 non
998 3915 1168 3998 sanatam
1185 3911 1340 3998 causam
1360 3912 1524 3996 indicat*
1554 3943 1619 3995 rae·

182 4042 340 4151 postera
350 4033 531 4141 solutio,
551 4035 738 4145 adeoque
757 4031 948 4117 recidivas
967 4058 1016 4115 ex
1037 4028 1295 4143 Hippocratis
1316 4021 1495 4108 oraculo.
1521 3941 1620 4110 sra-

185 4150 296 4237 tereb
329 4148 505 4234 formido
543 4151 625 4232 hac
661 4145 824 4262 aug'etur
862 4143 884 4229 a
919 4144 1120 4229 causarum
1159 4139 1418 4250 cognitione,
1454 4167 1619 4247 quarum

180 4265 253 4350 dia
282 4263 386 4347 nolis
398 4265 447 4344 'in
463 4260 711 4377 erprelate,
730 4268 832 4346 ut&
846 4261 887 4342 in
903 4257 986 4342 aliis
1004 4253 1154 4338 morbis
1168 4253 1328 4334 maximi
1345 4253 1397 4334 est
1410 4257 1616 4339 momenti.

241 4297 459 4489 ibiagnosrs
488 4373 564 4486 qui
594 4375 750 4459 causam
786 4369 1021 4488 erysipelatis
1058 4363 1318 4451 catharrosam
1357 4363 1616 4480 agnoscemus

178 4487 382 4608 pendebit
408 4487 458 4572 ab
487 4491 732 4574 enarratione
759 4513 892 4570 earum
921 4509 1050 4567 rerum
1077 4511 1159 4588 quae
1187 4477 1505 4592 perspirationem
1524 4479 1619 4596 sup-

178 4609 361 4722 primere
375 4625 614 4718 pomerum,
635 4598 768 4686 li'illas
788 4595 981 4712 praecipu'b
999 4591 1213 4677 contuleris
1233 4621 1325 4676 cum
1343 4595 1619 4707 phoenomenis

174 4755 183 4774 ν
218 4749 278 4801 uo
291 4718 320 4800 'b
336 4717 528 4800 sanione
547 4713 682 4802 vitiatl
698 4708 1056 4829 polsuotpendere.
1082 4703 1268 4790 Praeterea
1288 4703 1491 4820 eryhpelas
1510 4706 1620 4817 quod

19 4923 20 4926 p
181 4749 243 4916 :ib
268 4825 336 4914 illa
355 4829 501 4943 pendet
521 4828 635 4914 causa
659 4831 746 4913 rari)
762 4824 891 4911 solum
914 4823 953 4908 se
972 4821 1130 4937 prodit,
1153 4819 1220 4904 sed
1240 4817 1377 4902 adsunt
1396 4817 1509 4902 srmul
1528 4823 1620 4903 hor-

18 4941 20 5082 ᾗ
175 4945 461 5061 sores,'rigor
486 4942 647 5058 quidam
669 4940 849 5030 calorem
873 4937 1022 5027 alterne
1041 4937 1263 5053 excipiens,
1293 4961 1465 5046 coryza,
1486 4931 1618 5046 guis,
