4186 5908
502 458 585 532 280
939 441 1074 530 DJE
1108 437 1168 526 M
1197 435 1482 528 O'RBIS

500 613 632 696 curius
658 607 885 692 sublimatus
903 604 1035 690 'dulcis
1064 635 1232 720 quorum
1246 607 1374 722 grana
1396 603 1518 722 plura.⁸
1529 599 1687 717 possunt
1710 601 1875 691 innoxie
1897 609 1940 694 in

499 724 694 808 infantum
729 750 899 834 corpora
930 721 1164 828 intr'oduci,
1196 725 1224 804 st
1256 721 1465 834 ptaesertim
1498 745 1640 801 eorum
1675 718 1856 804 efficacia
1889 753 1938 807 ac

499 833 789 952 penetrabilitas
804 832 1058 946 purgantibus
1081 841 1135 919 ita
1150 831 1399 946 retundatur,
1418 858 1463 915 ut
1481 834 1653 914 maxima
1672 833 1836 916 remedii
1850 865 1939 948 pars

499 950 725 1034 detrudatur
749 975 817 1060 per
843 947 975 1028 alvum
989 1012 1003 1052 ‚
1034 957 1075 1032 dt
1103 948 1171 1032 ubi
1198 949 1299 1030 dosts
1326 944 1473 1030 viribus
1500 945 1808 1057 proportionalis
1836 951 1936 1032 intra

496 1065 726 1176 sanguinem
738 1061 896 1171 irrupit,
913 1060 1051 1143 iisdem
1065 1063 1288 1170 catharticis
1301 1056 1324 1141 a
1337 1057 1775 1171 sanguineesiminetur.
1786 1061 1934 1146 Verum

496 1181 538 1260 in
551 1177 658 1258 hisce
671 1172 855 1366 sapientia
867 1171 1020 1260 Medit'i
1029 1174 1170 1258 elucet
1184 1171 1210 1279 ,ζ
1222 1175 1296 1255 n'ec
1315 1171 1472 1276 timide,
1490 1197 1556 1254 aut
1569 1173 1796 1256 cunelanter
1811 1176 1933 1259 medi-

496 1291 651 1372 camina
680 1315 702 1368 a
731 1288 975 1369 ministrantis
992 1315 1016 1390 ,·
1037 1315 1113 1371 nec
1139 1289 1301 1400 agentis
1337 1287 1524 1400 praecipiti
1562 1285 1727 1367 ratione.
1768 1287 1934 1402 Semper

494 1405 598 1486 vires
628 1402 807 1512 corporis
833 1395 903 1481 ille
929 1398 1138 1512 inspiciet,
1170 1409 1211 1484 ἃ
1237 1403 1291 1482 ita
1315 1424 1425 1512 aget,
1459 1423 1502 1480 ut
1526 1399 1567 1478 in
1593 1396 1742 1480 malum
1765 1402 1818 1480 im
1849 1405 1932 1487 erio

493 1542 670 1640 potens,
701 1511 786 1594 nec'
810 1517 1063 1617 marcorem,
1093 1540 1176 1596 nec.
1202 1516 1461 1596 irritationem
1491 1508 1625 1592 solidis
1657 1511 1778 1594 indat.
1867 1515 1930 1599 alo

493 1658 571 1733 Jam
592 1625 728 1709 abatto
743 1632 792 1706 bt
809 1651 981 1738 corpore
998 1655 1119 1738 puro,
1136 1625 1243 1708 laetis
1258 1624 1354 1707 :usus
1377 1621 1527 1706 summe
1547 1622 1723 1736 proderit
1739 1657 1754 1723 ς
1775 1628 1884 1736 quod
1905 1631 1932 1712 st

494 1743 681 1825 maturius
696 1738 979 1822 administretur
991 1743 1224 1852 ,corrumpi
1239 1736 1355 1820 facile
1374 1737 1640 1849 &particulas
1660 1765 1769 1821 acres
1787 1744 1931 1826 retine-

495 1862 595 1939 re&
616 1854 755 1936 fovere
774 1879 932 1964 aptum,
950 1849 1174 1964 prainnatd
1189 1853 1300 1934 muci
1323 1848 1462 1962 copias,
1485 1847 1651 1932 nocebit
1665 1852 1929 1963 podbs,quhm

493 1967 626 2076 juvare
651 1965 791 2079 posset.
811 1964 924 2046 Idem
955 1963 1035 2051 dici
1061 1968 1179 2048 etiam
1204 1965 1322 2079 possit
1346 1963 1397 2046 de
1425 1959 1618 2046 alimentis
1644 1963 1822 2046 farinosrs
1848 1997 1929 2052 non

494 2082 738 2166 fermentatis
769 2106 852 2187 quae
879 2079 1005 2158 nimio
1032 2079 1158 2162 studio
1188 2079 1418 2190 ingeruntur
1439 2072 1651 2158 infantibus
1674 2109 1683 2159 :
1709 2074 1779 2160 illa
1799 2103 1928 2164 tamen

492 2190 880 2307 uegetalemservant
894 2186 1237 2290 indolem3verbm
1252 2186 1326 2272 alii
1340 2192 1491 2272 ratione
1504 2185 1661 2302 possunt
1672 2191 1775 2274 inter
1786 2196 1928 2278 nociva

495 2334 668 2417 corpora
699 2303 893 2388 recenseri
906 2353 932 2409 ‚v
951 2304 1060 2412 quod
1083 2307 1186 2387 vires
1215 2302 1615 2412 stomachirsrangant
1628 2364 1642 2408 ‚
1671 2303 1781 2412 quod
1807 2305 1926 2416 chylo

494 2418 677 2505 crudiora
702 2417 743 2502 su
772 2416 950 2533 peditent
977 2420 1193 2531 principia,
1219 2414 1455 2524 viscoso'que
1479 2414 1502 2496 ὲ
1523 2413 1710 2528 sanguine
1735 2417 1926 2506 viscosam

491 2532 576 2646 lym
604 2535 719 2638 ham,
741 2449 864 2615 bilem
883 2527 1080 2614 viscidam·
1097 2529 1269 2614 eliciant.
1287 2526 1448 2611 eontra
1466 2535 1565 2639 ergo
1588 2526 1773 2614 alimenta
1795 2535 1925 2617 tenuia

492 2563 689 2758 eucllyma
699 2705 714 2752 ‚
745 2643 885 2730 herbas
917 2637 1098 2752 olentes,
1134 2641 1299 2728 tenellas
1323 2637 1523 2750 juniorum
1541 2639 1766 2726 animalium
1789 2673 1925 2732 carnes

492 2761 644 2878 profuit
670 2757 867 2843 adhibere.

545 2876 695 2956 Verhm
723 2872 764 2954 id
789 2875 980 2986 imprimis
1008 2899 1196 2959 annotare
1218 2870 1341 2957 velim
1368 2869 1478 2982 quod
1505 2873 1603 2954 mihi
1627 2898 1709 2953 non
1733 2867 1809 2953 uni
1833 2875 1925 2957 vice

492 2986 663 3089 accidit,
685 2982 890 3068 inutilibus
911 2987 1095 3071 omnibus
1120 2987 1417 3084 medicamentis
1436 2985 1626 3068 mutando
1651 2983 1818 3068 infantili
1838 2981 1926 3068 san·

491 3099 625 3212 gumi,
652 3097 929 3210 principiisque
949 3099 1157 3183 alterandis
1176 3129 1261 3210 quae
1284 3126 1431 3182 novam
1453 3096 1612 3227 semper
1624 3095 1924 3212 depurationem

490 3207 701 3294 crustosam
716 3272 730 3313 ,
759 3208 1006 3318 ulcerosam,
1037 3213 1276 3296 horrendam
1303 3211 1456 3324 aspesiu
1484 3209 1740 3315 eshciebant,
1775 3210 1925 3298 nullam

489 3321 608 3407 aliam
624 3321 858 3409 methodum
878 3353 944 3408 me
961 3325 1175 3410 adhibuisse
1218 3321 1311 3408 uim
1332 3321 1603 3407 omnimodam
1623 3331 1665 3406 ὅ(
1688 3327 1926 3437 penitiorem

487 3438 611 3522 visitis
631 3439 891 3519 mutationem
910 3469 922 3536 3
950 3440 1003 3520 ita
1027 3465 1073 3521 ut
1090 3437 1209 3522 illisa
1254 3440 1364 3520 omni
1381 3432 1534 3542 jusculo
1554 3463 1728 3542 carneo,
1752 3435 1924 3551 piscibus

486 3549 786 3654 interdicerem,
803 3545 1061 3661 jussissemque
1076 3577 1120 3635 ut
1133 3578 1253 3664 pane,
1268 3546 1443 3633 oleribus
1455 3546 1663 3654 mollibus,
1709 3577 1812 3634 auco
1825 3553 1920 3636 vino

487 3664 692 3769 adhibito,
716 3689 760 3746 ut
773 3661 920 3748 viribus
935 3666 1125 3748 stomachi
1142 3663 1390 3768 sufficerent,
1408 3664 1608 3763 viverent3
1626 3579 1799 3774 idtleque
1818 3663 1924 3750 sana·

486 3783 641 3863 tionem
656 3775 830 3860 secutam
844 3777 951 3884 vidi,
969 3777 1199 3892 insperatam
1216 3775 1298 3860 fere
1311 3773 1440 3882 illam,
1462 3783 1502 3858 δι
1519 3773 1567 3859 ab
1583 3774 1666 3862 aliis
1680 3775 1922 3866 derelictam.

485 3894 576 3976 Imo
594 3897 687 3976 ciant
707 3891 874 3987 mutatio
889 3888 1040 3973 summa
1056 3900 1098 3976 bt
1113 3887 1162 3973 ab
1180 3893 1268 4007 ipsis
1287 3891 1486 4004 principiis
1501 3889 1681 3976 facienda
1694 3888 1824 3996 soret,
1838 3921 1922 3980 non

488 4004 748 4089 dubitaverim
772 4007 866 4113 quin
893 3999 986 4086 solis
1012 4000 1185 4088 oleribus
1208 4006 1387 4087 viventes
1415 4011 1456 4086 ὅ(
1475 4000 1547 4085 sub
1568 4006 1650 4087 hoc
1673 4003 1780 4088 visbu
1808 4033 1923 4089 mor-

485 4114 626 4223 bidos,
648 4115 764 4202 unici
783 4117 960 4199 carnium
976 4113 1306 4200 administratione
1316 4119 1456 4228 pariter
1469 4115 1719 4217 sanavislem5
1735 4145 1794 4202 ars
1814 4120 1923 4204 enim

485 4227 529 4316 in
554 4233 922 4347 mutationeposrta
947 4229 1033 4321 fuit.

644 4450 662 4498 t
854 4381 1544 4536 Phanontunus1t

728 4599 795 4684 De
820 4600 1034 4714 Affidibus
1054 4604 1222 4717 crustofis
1243 4605 1372 4690 lodtis
1390 4632 1675 4718 puerperarum.

542 4785 740 4872 Omnium
767 4825 850 4904 quae
878 4827 930 4883 co
979 4783 1024 4881 us
1049 4803 1265 4886 humanum
1290 4804 1499 4884 immutant
1525 4805 1567 4884 &
1590 4826 1702 4882 novar
1729 4795 1930 4888 addicunt

484 4897 672 4990 existendi
692 4903 858 5020 format,
888 4943 941 5000 nu
1015 4915 1068 5036 ess
1088 4913 1268 5002 conditio
1291 4943 1374 5025 quat
1393 4914 1518 5028 magis
1538 4907 1734 5107 notalpples
1756 4912 1929 5042 inducat

930 5058 932 5060 ·
1675 5049 1894 5109 tetauones
1905 5083 1928 5138 2
