4186 5908
461 389 544 468 ,μ
865 288 1462 444 ‘nantoatis
1611 292 1625 304 ”

462 556 513 612 ex
539 521 763 610 sudoribus
790 519 988 608 annotasse
1018 515 1218 632 nunquam
1246 520 1481 635 digestiones
1506 503 1720 600 violentius
1745 537 1896 630 pertun

460 639 571 743 bari,
591 641 767 724 intestina
791 638 963 721 ferocius
985 633 1270 742 circumvolvi,
1296 633 1532 745 dysenterias
1552 630 1770 714 atrociores
1789 628 1897 715 nasci

461 743 644 863 quirnea
660 751 879 835 dentitione
904 783 913 830 :
940 745 1081 860 quibus
1102 747 1217 834 rebus
1235 751 1289 832 ita
1305 747 1346 832 se
1367 740 1620 849 habentibus,
1668 740 1736 824 uid
1749 745 1895 826 mirum

461 867 491 951 st
523 867 643 950 etiam
675 873 717 948 ὃ(
747 859 945 948 exhalatio
974 869 1016 946 bt
1045 861 1273 976 perspiratio
1306 861 1620 975 pervertantur?
1688 858 1899 940 ervertimr.

461 976 661 1063 exhalatio
686 1005 755 1090 per
783 975 1068 1090 spasmodicam
1090 977 1404 1058 constrictionem
1417 1035 1432 1079 ,
1461 969 1690 1090 perspiratio
1707 969 1806 1052 verb
1824 983 1895 1082 per

463 1094 606 1179 vitium
631 1092 874 1173 cofflonum.
900 1089 1012 1173 Hine
1035 1091 1181 1172 haerent
1201 1087 1250 1171 ad
1264 1088 1447 1173 vasorum
1471 1086 1566 1168 ostia
1585 1084 1774 1168 humores
1793 1081 1896 1165 cras-

463 1205 607 1308 fiores,
628 1231 711 1285 non
732 1199 812 1311 iarn
835 1204 942 1286 catu
963 1205 1068 1304 &in
1087 1200 1155 1286 sus
1175 1199 1313 1287 indole
1336 1195 1563 1315 degeneres.

517 1318 670 1401 Vitium
698 1313 799 1403 illud
822 1314 844 1398 *a
866 1316 1086 1401 dentitione
1105 1314 1355 1403 coitionibus
1375 1313 1543 1400 inditum
1567 1310 1614 1394 sae
1641 1308 1664 1393 ὲ
1689 1305 1777 1424 iapr
1836 1305 1896 1391 os-

461 1454 551 1515 tero
575 1426 844 1514 adhibitorum
868 1429 1147 1516 alimentorum
1171 1429 1311 1515 ordine
1332 1427 1491 1543 pendet.
1566 1339 1640 1507 uid
1653 1425 1792 1508 enim?
1851 1420 1897 1504 rsr

463 1543 579 1630 causa
602 1545 688 1627 vitii
715 1542 875 1651 differt,
905 1545 1050 1630 vitium
1076 1569 1209 1628 tamen
1235 1543 1342 1628 idem
1369 1545 1450 1649 est,
1479 1547 1522 1622 dt
1568 1535 1648 1620 'ebt
1675 1533 1847 1645 aliquam
1873 1529 1897 1616 a

462 1653 594 1740 nativa
614 1655 895 1771 alimentonrm
912 1655 1149 1742 vitiosorum
1163 1654 1301 1742 indole
1316 1655 1577 1740 differentiam
1592 1647 1662 1732 srbi
1677 1647 1898 1734 consciscat

464 1798 548 1881 quar
574 1767 694 1854 abiis
721 1769 891 1855 nascinrr
913 1767 1046 1877 labes,
1077 1769 1212 1856 tamen
1239 1799 1359 1856 unam
1387 1769 1466 1854 effe
1489 1793 1578 1880 qua
1600 1759 1770 1846 infantili
1794 1761 1898 1843 atati

463 1906 668 1995 competat
684 1882 945 1996 perspiratorii
965 1886 1142 1968 humoris
1160 1885 1211 1969 de
1239 1882 1569 1986 enerascentiam,
1591 1874 1762 1992 probare
1778 1872 1899 1958 facile

464 1998 529 2080 est.
559 1991 855 2080 Alimentorum
874 2000 980 2080 enirn
1002 1913 1267 2083 iventricrfio
1288 1993 1391 2082 male
1415 1995 1705 2079 concociorum
1725 1985 1898 2098 reliquia

463 2107 514 2194 ad
527 2105 781 2220 spontaneam
792 2113 1061 2224 vegetantium
1074 2113 1334 2196 mutationem
1349 2093 1501 2223 semper
1513 2129 1703 2220 vergunt,
1718 2101 1898 2212 adebque

467 2221 687 2328 acescunt,
723 2229 765 2306 bt
788 2221 1082 2310 fermentationi
1116 2221 1296 2308 amulam
1321 2223 1668 2337 degenerationem
1691 2216 1897 2300 inducunt.

462 2331 577 2418 Hinc
598 2333 828 2448 depravatus
853 2367 994 2422 mucus
1013 2367 1062 2451 ag
1090 2335 1292 2422 lomeratis
1310 2333 1563 2420 solidioribus
1611 2326 1757 2416 artibus
1780 2329 1897 2413 icho-

463 2473 550 2530 rem
574 2471 735 2532 tenuem
764 2448 955 2557 exsudat,
983 2367 1090 2534 unus
1114 2450 1306 2536 roduntur
1325 2453 1498 2564 primum
1524 2481 1550 2533 v
1591 2477 1637 2552 a,
1660 2442 1754 2528 dein
1785 2467 1898 2556 rupta

376 2671 377 2676 Ν
465 2584 656 2672 corrupto
682 2590 804 2645 muco
832 2561 1077 2650 exuberant:
1105 2567 1274 2678 pnrrirus
1301 2566 1424 2648 oritur
1445 2560 1538 2647 inde
1565 2560 1738 2645 enormis
1762 2557 1900 2666 &qui

462 2669 563 2785 saepb
586 2671 734 2758 tenella
756 2674 958 2770 convellat
988 2705 1170 2792 corpora.
1203 2675 1320 2762 Unde
1344 2674 1444 2761 loco
1468 2677 1597 2759 omnis
1620 2668 1737 2755 alieni
1759 2666 1899 2752 odoris

466 2783 566 2898 saepb
596 2815 707 2872 nares
736 2786 898 2874 vellicat
925 2795 1104 2906 pungens
1130 2819 1255 2898 acor,
1288 2815 1354 2874 aut
1381 2793 1422 2872 in
1451 2791 1631 2873 tenuiore
1656 2781 1764 2867 malo
1791 2779 1897 2866 odor

466 2903 550 2982 exit
568 2897 693 2984 veluti
717 2900 986 2988 fermentantis
1012 2906 1120 3016 pasta
1145 2931 1244 2987 cum
1266 2901 1400 3014 aliquo
1425 2901 1449 2985 s
1469 2905 1559 2985 iritu
1583 2899 1748 2982 uectore.
1777 2893 1899 2980 Licet

465 3011 564 3092 verb
584 3013 837 3125 magnitudo,
861 3014 1110 3132 amplitudo,
1137 3014 1290 3099 diffirsro
1306 3014 1404 3098 labis
1417 2929 1520 3098 iliius
1536 3013 1665 3129 primb
1679 3008 1840 3122 quidem
1855 3015 1898 3092 bt

466 3122 509 3208 in
533 3121 599 3207 suis
625 3127 778 3238 origine
802 3127 1039 3235 acescentis,
1064 3129 1155 3214 dein
1176 3155 1391 3245 corrupta,
1411 3126 1569 3215 scenam
1593 3127 1725 3242 primo
1742 3121 1899 3238 alpeau

465 3233 658 3320 diversam
687 3241 892 3324 concitent
904 3302 919 3345 ,
952 3244 994 3324 in
1022 3237 1173 3325 morbis
1201 3244 1375 3327 cutaneis
1404 3241 1598 3324 infantum
1628 3240 1900 3356 phoenomena

466 3347 679 3436 effentialia
710 3351 847 3466 eadem
878 3352 962 3437 serb
995 3352 1114 3438 sunt:
1146 3357 1188 3438 in
1244 3357 1351 3438 rimis
1383 3352 1539 3438 scilicet
1565 3346 1696 3434 morbi
1725 3347 1900 3436 exordiis

464 3459 622 3575 pustulae
639 3462 850 3549 nascuntur
873 3465 1176 3580 agglomerata,
1195 3385 1284 3552 saio
1304 3495 1346 3551 re
1373 3464 1486 3572 letae,
1511 3494 1608 3551 mox
1629 3491 1751 3546 muco
1773 3461 1898 3546 crasso

463 3603 697 3688 coopertae3
717 3579 776 3662 hae
795 3579 878 3662 citb
895 3583 938 3663 in
957 3585 1099 3669 crustas
1118 3577 1286 3688 abeunt,
1311 3498 1383 3664 sub
1403 3578 1545 3690 quibus
1565 3574 1762 3663 transudat
1780 3575 1899 3660 ichor

463 3688 723 3820 purisormit,
750 3691 818 3786 sed
840 3690 970 3778 lentus
994 3699 1111 3808 atq'ue
1135 3691 1335 3786 mucosus.
1368 3693 1489 3806 Deest
1514 3689 1668 3777 scilicet
1691 3691 1752 3774 vis
1775 3685 1898 3804 phlo-

462 3802 794 3914 grsttcanaturarn
810 3808 1017 3918 concitans
1035 3817 1079 3894 bt
1097 3806 1354 3893 vellicatione
1375 3805 1572 3891 annosam
1590 3803 1771 3890 reddens.
1794 3802 1901 3886 Inte·

464 3913 531 4018 rel
554 3918 692 4004 vicinat
715 3943 843 4033 partes
868 3917 1055 4017 similibus
1080 3919 1239 4032 pustulis
1264 3920 1414 4007 scatent
1438 3919 1620 4004 eamdem
1646 3913 1900 4000 induentibus

464 4025 827 4144 formamuiitaur.
911 4029 1047 4136 etota
1073 4036 1175 4118 cutis
1198 4036 1307 4122 hunc
1333 4037 1376 4118 in
1394 4032 1561 4118 modum
1579 4029 1833 4146 deturpeuu,
1855 4035 1899 4114 ὰ

464 4134 614 4222 malum
634 4143 732 4256 saepb
757 4171 827 4258 per
849 4173 980 4259 putes
1004 4143 1157 4244 menses
1179 4143 1317 4246 esdem
1340 4149 1384 4232 in
1406 4143 1536 4232 sormi
1560 4146 1724 4265 perstet,
1748 4143 1833 4228 irnb
1855 4149 1901 4227 bt

464 4248 924 4345 adannosex'tendatttt.
966 4302 971 4320 ·
1197 4291 1210 4339 ῖ
1302 4319 1309 4338 .
1443 4324 1447 4336 ,
1564 4268 1568 4276 ’

482 4473 492 4491 .
516 4361 644 4449 Ratio
667 4367 761 4452 mali
782 4366 1026 4482 aliquatenus
1044 4373 1196 4461 diverse
1214 4377 1268 4462 est
1284 4377 1328 4459 in
1348 4373 1512 4460 illorum
1531 4369 1769 4458 morborum
1787 4395 1901 4483 erup

463 4497 575 4608 trpne
586 4537 601 4582 ,
628 4482 907 4590 phoenomenis
927 4512 1053 4597 atque·
1069 4487 1205 4574 naturd
1234 4515 1407 4602 quorum
1432 4515 1549 4572 causa
1569 4479 1837 4580 occasionalis,
1851 4476 1900 4565 ab

464 4597 553 4675 ³⁸⁶oe
572 4591 717 4702 pendet
735 4602 777 4679 bt
790 4594 840 4681 ab
859 4599 1150 4714 athmosphaerae
1161 4605 1279 4692 vitiis.
1295 4601 1359 4686 Hi
1371 4601 1479 4685 enim
1493 4598 1625 4683 morbi
1638 4597 1901 4682 rarbuniver·

461 4694 560 4840 salpe
578 4727 706 4814 partes
720 4703 805 4792 illas
817 4705 920 4794 solas
932 4739 1233 4827 occupannqua
1240 4718 1323 4800 'atri
1339 4739 1604 4827 exponunurr.
1618 4713 1737 4823 lique
1745 4706 1900 4814 morbi,

460 4811 538 4907 ssa
564 4815 714 4908 retentus
741 4821 1022 4936 perspiratione
1041 4827 1266 4942 pendunt,
1296 4827 1449 4945 semper
1469 4825 1901 5028 vitiatamscofiiionem

1667 4959 1901 5056 imponunt,
