4250 5898
633 443 1165 538 corruera-
1533 444 1619 560 5't3,
1751 458 1754 470 ·

187 609 303 700 'debet
314 622 335 723 ,'
352 611 472 699 raribt
493 599 597 730 apud
613 642 687 702 not
706 611 842 700 videre
859 613 933 720 est,
959 611 1063 810 apud
1084 613 1187 724 quoe
1203 601 1270 696 vel
1290 603 1479 698 tenuioris
1502 603 1614 700 'sortia

189 729 366 812 homines
387 725 560 839 aliquam
583 727 790 814 munditiei
811 726 950 812 ideam
989 753 1123 923 emper
1142 721 1307 809 servant.

233 841 390 926 .Verbm
415 867 672 953 quocumque
702 840 828 928 modo
857 839 939 954 sele
968 867 1029 924 res
1085 837 1224 944 abeat,
1255 839 1331 921 five
1361 842 1543 926 crinones
1573 844 1618 922 bt

189 953 431 1050 comedone's
454 955 535 1038 vivi
560 981 714 1041 vermes
742 955 843 1060 sint,
874 953 985 1065 quod
1010 955 1137 1038 minus
1164 948 1398 1066 probabile,
1428 953 1619 1063 siquidem

190 1069 329 1178 agitata
348 1063 417 1149 illa
432 1093 603 1181 corpora
620 1064 738 1152 nullis
754 1093 887 1150 tamen
904 1062 1104 1150 ulceribus
1124 1062 1377 1180 procreandis
1400 1093 1488 1180 apta
1507 1067 1597 1148 sunt
1603 1123 1619 1170 ,

190 1177 267 1261 five
289 1177 459 1292 pendeat
478 1176 641 1286 morbus
659 1183 691 1263 ia
712 1181 734 1262 ὲ
757 1175 912 1264 difficili
932 1181 1162 1263 excretione
1183 1175 1383 1293 pilorum,
1407 1187 1449 1262 ὅ(
1474 1177 1624 1262 bulbo*

193 1321 282 1375 rum-
307 1293 407 1376 vitio
439 1288 624 1377 dolorem
657 1294 922 1408 &pruritum
955 1291 1176 1397 afferente,
1210 1319 1293 1372 non
1325 1313 1456 1400 tamen
1495 1295 1625 1376 minin

193 1431 330 1490 verum
355 1405 409 1489 est
430 1402 617 1488 morbum
638 1407 752 1490 'hu'nc
772 1409 874 1490 inter
902 1406 1061 1488 affeflua
1089 1406 1190 1487 cutis
1216 1404 1293 1487 elle
1319 1405 1601 1489 recensendum
1607 1461 1633 1508 ‚,

63 1545 66 1550 ·
192 1519 336 1628 suaque
355 1517 436 1630 sym
464 1543 618 1606 tomata
637 1517 782 1604 habere
801 1517 852 1602 de
871 1515 1012 1628 quibus
1033 1521 1234 1623 tortores,
1261 1519 1500 1630 potillimlrm
1525 1520 1627 1604 Ger·

191 1634 298 1714 mani
326 1635 394 1742 qui
424 1549 477 1716 de
504 1627 655 1717 morbis
686 1632 881 1716 infantum
911 1629 1180 1746 scripserunt,
1215 1631 1347 1744 sapius
1379 1636 1625 1716 mentionem

193 1740 393 1850 injecere,
429 1745 634 1830 consistere
667 1747 766 1831 verb
794 1749 849 1830 ‘in
882 1739 1041 1828 externit
1077 1747 1313 1858 pundorum
1350 1745 1628 1857 nigricantiurn
1696 1763 1698 1768 “

194 1856 346 1944 summe
366 1859 624 1971 pungentium
644 1861 874 1973 emptione,
896 1883 981 1968 quae
1000 1853 1088 1972 plus
1107 1858 1283 1938 minbsve
1303 1855 1514 1966 aliquandi)
1534 1863 1632 1942 emi·

193 1995 316 2074 nent,
345 1970 423 2052 slve
449 1997 495 2053 ea
527 1972 697 2054 exterius
723 1973 783 2054 vis
808 1973 897 2053 vita
925 1996 1032 2052 nune
1064 1965 1269 2082 impellat,
1301 1997 1407 2050 nune
1432 1973 1630 2081 retrahat,

194 2086 274 2167 five
293 2081 374 2164 vita
397 2081 485 2194 ipsra
509 2089 551 2164 bt
576 2083 819 2194 organismut
845 2104 1088 2195 competant.
1210 2134 1213 2140 ·

251 2193 349 2310 Sym
395 2219 528 2276 ornata
561 2193 649 2276 sunt
679 2201 764 2301 (p),
800 2197 969 2308 pruritus
998 2193 1174 2276 enormis
1203 2195 1323 2274 noblu
1352 2193 1558 2328 prasertim
1588 2205 1632 2284 dr

196 2308 331 2394 calore
372 2308 447 2390 eei
468 2304 741 2419 exasperatus,
761 2305 867 2388 unde
889 2304 1123 2414 inquietudo
1141 2306 1307 2414 ingens,
1329 2304 1472 2417 vigilia
1484 2369 1498 2410 ‚
1519 2335 1635 2394 atrox

195 2419 279 2505 sese
305 2417 536 2501 continendi
563 2419 826 2530 impotentia,
855 2416 923 2499 sed
946 2413 1089 2498 affidua
1109 2417 1193 2498 hirc
1223 2423 1264 2498 dt
1292 2414 1387 2500 illltc
1417 2415 1634 2531 intimatio}

197 2555 320 2642 atque
338 2527 549 2614 volutatio.
569 2527 700 2634 Tum,
721 2525 817 2611 licet
835 2525 1047 2612 secundem
1067 2526 1221 2642 aliquos
1240 2532 1417 2612 nudiores
1436 2532 1540 2615 farne
1553 2563 1635 2646 pre·

196 2669 356 2730 mantur
376 2639 540 2745 allidui,
564 2649 607 2725 dt
626 2639 731 2725 belle
751 2640 965 2728 comedant
985 2643 1094 2752 agri,
1115 2669 1206 2722 nam
1225 2637 1290 2723 alii
1312 2644 1499 2756 prosterni
1521 2675 1639 2760 appe-

195 2759 318 2844 titum
341 2759 476 2863 aium,
505 2771 800 2840 ramentorum
826 2779 996 2868 corpora
1018 2759 1146 2837 macie
1174 2755 1463 2862 coniiciuntur,
1494 2763 1639 2867 consti-5

188 2867 292 2988 μή
314 2895 448 2954 tamen
469 2864 560 2952 alvo
573 2886 591 2968 '3
618 2869 703 2952 -imo
730 2873 773 2952 δι
792 2870 946 2951 notavit
972 2863 1285 2951 Haffenrefferus
1309 2869 1371 2973 (b)
1400 2869 1534 2954 cordia
1559 2873 1641 2985 pal·

196 2985 436 3099 pitationem
462 2985 563 3064 inter
589 2984 801 3066 erinonum
826 2979 1120 3094 symptomata,
1149 2987 1192 3064 δι
1217 2979 1374 3064 Hieron
1402 2995 1487 3066 mus‘
1513 2983 1641 3070 Mon·
1680 3077 1685 3087 ,

197 3123 294 3182 tuus
320 3100 381 3201 (c)
407 3090 596 3178 lethalem
619 3091 843 3209 epilepsiam
866 3089 914 3175 ab
940 3095 986 3176 iis
1011 3095 1105 3176 oliri
1131 3090 1200 3176 srbi
1223 3011 1440 3206 persuadet.
1468 3098 1535 3179 An
1556 3127 1641 3183 non

195 3209 334 3326 potibs
361 3203 636 3313 tremendam,
663 3215 704 3291 br
730 3207 1006 3318 certaelmortis
1031 3209 1282 3319 praenuntiam
1307 3203 1355 3288 ab
1380 3211 1645 3297 emaciatione

196 3318 521 3408 convulsionem.
544 3317 651 3402 Nam
671 3345 825 3404 certum
846 3320 899 3401 est
919 3316 1145 3444 omnesqui
1172 3315 1193 3401 i
1213 3315 1442 3404 crinonibus
1468 3328 1665 3412 morino·

197 3461 269 3521 tur
292 3431 460 3517 infantes
479 3430 572 3516 tabe
594 3431 755 3516 absumi.
785 3431 979 3546 Quippe,
998 3429 1068 3514 ubi
1088 3461 1164 3536 pam
1185 3429 1316 3542 longis
1335 3434 1509 3518 consedi
1532 3436 1644 3522 fuere

199 3543 447 3634 cruciatibus
471 3545 627 3651 miseri,
656 3541 736 3650 jam
763 3573 845 3627 non
871 3545 962 3626 suut
984 3569 1167 3626 remanet
1193 3567 1310 3627 tenor
1336 3550 1378 3627 dt
1403 3547 1516 3629 crasls
1541 3547 1644 3662 legi-

198 3663 305 3748 tima
333 3657 455 3741 succo
488 3662 680 3762 nutritio,
710 3655 816 3740 undb
848 3657 1016 3768 reparari
1046 3651 1184 3739 ablatis
1219 3651 1448 3741 crinonibut
1482 3666 1643 3746 materia

202 3773 370 3858 nutritia
395 3768 523 3883 polilt.

264 3881 326 3968 Hi
352 3882 449 3966 verb
477 3909 528 3963 an
555 3880 674 3962 etiam
702 3877 913 3990 aliquandi)
938 3883 980 3963 in
1009 3905 1184 3964 tumores
1210 3878 1404 3994 assurgant
1432 3889 1473 3966 bt
1500 3883 1660 4000 suppu-·

201 3997 367 4086 ratione
377 3992 581 4079 deleautm
595 3995 696 4076 inter
707 3997 884 4079 auderes
896 3995 1160 4078 controversia
1174 3994 1245 4076 esti
1259 3994 1352 4076 Nec
1365 3993 1474 4077 certe
1486 4000 1646 4106 mirum,

201 4117 307 4198 ciam
331 4107 382 4192 de
407 4103 634 4191 nominibus
657 4103 740 4188 non
758 4112 972 4192 conveniat
983 4168 998 4213 ,
1022 4115 1062 4189 dt
1082 4106 1179 4220 saepb
1198 4134 1273 4218 pro
1294 4105 1524 4191 crinonibus
1544 4112 1649 4224 apud

202 4219 390 4316 Joelium
412 4222 496 4304 inrb
516 4225 557 4304 dt
577 4215 820 4304 Schenkium
833 4249 935 4306 vena
953 4217 1184 4302 medinensrs
1199 4214 1330 4300 habita
1348 4221 1404 4300 srt.
1425 4217 1534 4304 Tota
1549 4249 1649 4337 ergo

204 4336 429 4421 crinonum
440 4331 636 4444 diagnosra
656 4333 697 4412 in
716 4333 985 4446 praediblorum
1005 4331 1087 4444 sym
1115 4355 1310 4412 tornatum
1329 4332 1649 4423 accumulatione

142 4457 148 4466 ’
205 4447 408 4551 consrllit,
423 4474 519 4528 curn
535 4441 924 4559 externiapparentid
961 4361 1211 4526 uneuldrum
1221 4441 1440 4556 nigrorum,
1453 4465 1556 4530 nune
1569 4441 1653 4537 sese

186 4557 453 4646 ¹manifestiis
472 4559 768 4663 ostentantium,
790 4471 995 4674 nuncpius
1009 4555 1184 4642 minusve
1198 4553 1510 4644 delitescentium
1529 4591 1543 4662 ς
1552 4591 1652 4688 pro

260 4770 317 4840 (a)
341 4761 380 4827 V.
398 4763 429 4831 J.
448 4761 490 4824 H.
509 4763 677 4827 thsebirrm
695 4767 748 4828 lot.
762 4765 809 4828 tit.

259 4845 320 4924 (b)
342 4841 540 4907 Haffeureffer.
560 4847 617 4904 lot.
632 4841 678 4908 cir.
727 4863 734 4868 ·

177 4929 180 4934 ’
258 4933 316 5006 (t)
338 4926 386 4990 De
408 4925 503 4990 lllorb.
520 4923 671 4988 neutum.
