4250 5898
487 317 574 434 333
798 299 803 307 '
940 309 1479 406 uauoaars

491 481 608 588 vidi,
645 508 729 596 qua
768 477 930 594 quidem
969 481 1104 566 omnia
1147 478 1325 563 ruforum
1367 469 1628 562 incommoda
1668 466 1929 584 patiebantur.

549 594 669 679 Rufis
698 592 883 679 omnibus
918 619 1049 676 textus
1084 595 1185 676 cutis
1215 590 1394 681 subtilior
1426 592 1478 673 est
1518 595 1560 672 dt
1588 587 1778 688 tenuior,
1800 573 1927 664 simul

492 703 693 790 addensari
716 708 966 816 minoresque
987 708 1087 816 pori.
1116 703 1232 787 Undc
1252 708 1353 787 cutis
1375 728 1509 817 prater
1528 697 1696 782 aliorum
1719 697 1927 826 hominum

493 845 651 903 morem
681 818 854 902 albicans
890 821 941 902 est
971 843 1089 928 atque
1120 820 1260 900 nitens.
1291 815 1356 899 Ad
1389 818 1535 898 tactum
1566 837 1697 895 textus
1730 805 1927 891 cellularts

494 930 566 1018 sub
588 958 680 1015 cute
694 931 822 1014 laxior
843 939 885 1015 br
904 932 1008 1042 quast
1025 929 1215 1013 flaccidus
1236 931 1373 1042 magis.
1397 925 1511 1010 Cutis
1533 924 1613 1040 ipsa
1629 926 1725 1009 dura
1747 928 1789 1004 u
1808 920 1928 1048 etiam

494 1042 610 1148 salsa,
634 1045 856 1152 saraballa.
887 1041 1015 1128 Oculi
1030 1068 1075 1125 ut
1089 1039 1301 1155 plurimhm
1323 1038 1483 1124 rutilant
1502 1045 1544 1122 ἃ
1562 1035 1723 1139 rubent,
1750 1057 1928 1144 quamvis

495 1157 564 1240 iris
587 1145 655 1239 aut
678 1159 799 1262 flava,
822 1155 1076 1254 aut-cerulea
1100 1157 1157 1237 stt.
1187 1157 1282 1238 Vox
1300 1181 1343 1236 ut
1358 1151 1571 1267 plurimiun
1587 1145 1784 1264 gracilior.
1815 1141 1927 1336 Saepe

496 1268 696 1351 etiamvel
717 1298 789 1383 pro
808 1267 974 1352 minimi
996 1265 1111 1351 causi
1134 1271 1328 1380 pruritus,
1351 1291 1418 1347 aut
1442 1293 1557 1368 cum,
1581 1289 1648 1346 aut
1667 1261 1746 1346 stne
1768 1261 1878 1374 pullu
1896 1257 1927 1338 is

492 1378 614 1464 sacilb
644 1381 994 1487 evanescentibus,
1026 1381 1242 1462 srfrioetur
1274 1382 1374 1461 cutis
1404 1373 1675 1492 apparentibus
1687 1393 1710 1480 ,¹
1730 1377 1771 1457 in
1795 1372 1928 1483 quiete

495 1487 574 1600 jam
595 1489 704 1576 nulla
725 1494 781 1586 sul
800 1497 958 1608 vestigia
982 1491 1304 1602 relinquentibus.
1735 1563 1743 1574 .

552 1601 709 1689 Interei
723 1609 820 1691 vero
840 1635 985 1718 corpus
1009 1604 1186 1709 olidum,
1209 1607 1451 1717 turpiterque
1467 1599 1662 1714 fragrans,
1678 1598 1706 1679 sr
1720 1594 1930 1710 presertim

495 1715 732 1824 incaluerit,
755 1719 868 1802 &ad
890 1711 1100 1802 minimum
1123 1745 1277 1800 motum
1301 1716 1420 1831 pedes
1438 1713 1517 1798 late
1536 1713 1720 1910 sgqlorem
1744 1710 1930 1824 spargunt

496 1831 566 1918 vix
599 1829 901 1936 definiendum,
937 1827 1257 1914 nauseabundum
1272 1892 1286 1936 ,
1314 1853 1468 1943 putrem
1489 1835 1531 1912 ὃ(
1597 1855 1650 1928 x,
1680 1823 1749 1906 nist
1776 1820 1929 1904 summa

495 1939 716 2054 fugandum
752 1944 956 2028 munditie.
973 1971 977 1979 ’
995 1943 1076 2025 Prae
1110 1940 1295 2025 omnibus
1328 1943 1510 2053 corporis
1542 1935 1714 2052 partibus
1746 1933 1928 2022 olent&

495 2051 746 2144 immundum
779 2052 858 2145 lati
890 2054 1072 2168 spiritum·
1103 2053 1328 2140 diffundunt
1363 2050 1516 2160 axilla,
1548 2051 1737 2164 inguina,
1773 2050 1929 2130 auricu-

494 2163 623 2248 larum
646 2195 731 2280 pars
757 2169 905 2278 postica
930 2176 972 2253 δι
998 2193 1084 2252 tota
1105 2169 1206 2249 cutis
1231 2162 1443 2279 capillata:
1470 2190 1509 2248 at
1534 2161 1633 2245 nihil
1655 2161 1841 2265 fetidius,
1868 2157 1924 2242 nil

494 2277 670 2394 putidius
699 2277 828 2364 axillis
854 2278 1084 2391 inquibus,
1108 2304 1153 2363 ut
1172 2276 1287 2390 loqui
1314 2305 1446 2362 amant
1469 2303 1614 2393 poeta,
1645 2278 1775 2390 gravis
1796 2275 1923 2356 hircus

493 2389 683 2476 accubat.
1245 2433 1275 2470 .·
1534 2475 1540 2486 .

552 2489 682 2590 Urinae
696 2506 815 2592 etiam
831 2502 971 2588 fortius
993 2502 1184 2618 fragrant,
1207 2513 1249 2590 bt
1267 2503 1335 2588 vel
1356 2502 1437 2591 levi
1452 2503 1504 2588 de
1522 2497 1639 2587 causi
1658 2503 1760 2585 fiunt
1775 2498 1929 2608 jumen·

495 2641 631 2702 torum
643 2614 812 2722 similes,
828 2646 975 2731 magno
991 2617 1141 2704 indicio
1157 2621 1198 2701 in
1212 2620 1259 2702 iis
1275 2619 1596 2733 perspirationem
1612 2641 1806 2728 peccare3
1822 2611 1928 2724 quod

498 2731 618 2816 etiam
643 2729 735 2816 inda
765 2731 905 2842 fortius
932 2731 1214 2816 demonstranu
1233 2731 1341 2842 qubd
1367 2728 1417 2813 ad
1435 2729 1685 2815 vehementia
1711 2730 1928 2831 exercitia,

498 2843 581 2929 uini
610 2865 752 2958 potum
782 2841 1029 2956 largiorem,
1064 2842 1252 2930 lautiores
1281 2842 1447 2958 epulas,
1478 2867 1617 2924 omnes
1645 2839 1928 2924 incalescentia

498 2953 633 3038 causas
664 2954 768 3037 odor
798 2953 867 3038 ille
895 2955 1136 3067 expandatur
1165 2963 1207 3039 dt
1240 2959 1385 3040 mirum
1412 2957 1455 3038 in
1483 2953 1649 3037 modum
1678 2953 1928 3036 diffirndatur.

496 3065 567 3148 Va
588 3064 647 3150 illi
668 3069 734 3148 cui
752 3065 928 3152 fervente
950 3067 1053 3174 syrio
1069 3130 1084 3173 ,
1107 3069 1265 3178 fortuna
1284 3067 1389 3152 mala
1410 3069 1624 3180 eontigerit
1641 3093 1686 3150 ut
1705 3064 1777 3148 tali
1794 3069 1926 3149 vicino

493 3177 540 3260 in
566 3174 764 3283 ecclefris,
790 3206 857 3263 aut
876 3179 1009 3262 rhedis
1030 3178 1201 3292 publicis
1218 3180 1378 3266 fruatur.
1405 3180 1501 3268 Vidi
1521 3179 1692 3264 faeminas
1713 3175 1760 3262 ei
1783 3173 1926 3263 vicinis

494 3289 540 3376 in
558 3287 776 3400 deliquium
798 3292 918 3373 animi
945 3291 1135 3377 incidisse.
1162 3293 1210 3374 In
1234 3293 1397 3378 faminis
1422 3319 1539 3404 atque
1559 3296 1602 3376 in
1625 3288 1796 3376 maribus
1820 3289 1926 3386 idem

494 3403 636 3485 vitium
660 3401 798 3488 iisdem
823 3400 1093 3487 accidentibus
1121 3406 1277 3519 stipatur
1302 3435 1314 3506 ;
1337 3407 1407 3492 nist
1428 3405 1537 3517 quod
1562 3405 1724 3490 faminis
1751 3410 1796 3488 bt
1824 3401 1928 3487 mol·

492 3509 573 3598 lior
594 3516 640 3600 stt
664 3522 706 3599 bt
731 3517 855 3628 magis
881 3513 1174 3602 nauseabundus
1198 3516 1328 3624 odor,
1355 3516 1548 3602 muliebre
1565 3516 1661 3628 quid
1680 3516 1857 3617 addens,
1878 3545 1927 3600 an

494 3625 606 3737 quod
630 3625 652 3710 a
676 3653 768 3712 cute
792 3625 914 3711 nitida
939 3626 1105 3712 meliora
1132 3628 1286 3743 sperans
1313 3633 1542 3744 imaginatio
1568 3631 1730 3742 turpiter
1759 3629 1931 3718 halluci-

493 3743 649 3829 netur?
681 3769 731 3822 an
761 3739 869 3851 quod
897 3768 958 3825 res
985 3740 1120 3825 reveri
1145 3747 1200 3825 ita
1228 3743 1268 3826 se
1288 3742 1471 3844 habeat?
1498 3743 1666 3828 viderint
1692 3742 1924 3826 doffiores:

493 3849 603 3936 certb
633 3848 739 3936 circi
766 3855 956 3936 menstrua
982 3853 1081 3936 nihil
1105 3857 1158 3937 est
1183 3854 1468 3940 intolerabilius
1491 3857 1540 3941 ad
1565 3853 1751 3942 odoratus
1774 3854 1929 3944 sensum

493 3961 583 4046 rufi
604 3962 859 4071 mulierculi,
883 3962 1063 4050 srsordes
1089 3966 1294 4078 prasertim
1320 3967 1559 4053 accesserint.

552 4075 664 4162 Idem
691 4079 845 4162 invitis
873 4083 914 4158 δι
944 4076 1106 4160 faminis
1133 4077 1226 4161 vere
1255 4082 1294 4160 ni
1325 4080 1538 4164 ricantibus
1566 4079 1773 4166 observare
1792 4081 1926 4164 conti-

494 4188 554 4298 git
566 4247 581 4290 ,
606 4186 746 4296 quibus
773 4191 839 4273 iris
869 4193 1087 4300 nigricans,
1121 4218 1196 4274 nec
1219 4111 1380 4274 rutilans
1405 4194 1571 4299 oculus,
1601 4197 1706 4276 utin
1736 4195 1855 4299 rufis,
1886 4219 1931 4279 at

495 4297 596 4380 cutis
621 4297 673 4381 ad
697 4301 820 4410 usque
834 4329 1034 4496 cgenarum
1063 4301 1235 4386 mediam
1252 4331 1413 4416 partem
1442 4309 1480 4419 pi
1509 4331 1645 4390 mento
1673 4303 1813 4390 leviter
1840 4333 1930 4388 atro

492 4411 719 4522 intingitur,
744 4420 831 4496 &o
862 4439 907 4496 or
928 4412 1052 4523 qualis
1068 4416 1110 4496 in
1131 4417 1223 4499 rufis
1242 4413 1264 4498 ὲ
1286 4415 1457 4529 partibus
1482 4337 1593 4532 supra
1614 4417 1725 4512 dictis
1746 4416 1932 4522 exhalat,

490 4517 561 4604 sed
581 4525 708 4608 minist
731 4521 1054 4632 nauseabundus,
1083 4530 1208 4640 magis
1227 4556 1416 4642 pungens.
1446 4523 1611 4640 Utrique
1637 4532 1936 4622 constitutionis

491 4631 637 4750 speciei
664 4663 711 4716 ca
735 4633 795 4718 illi
824 4663 961 4720 tenues
992 4639 1183 4747 quidem,
1208 4640 1525 4753 sedpinguiores
1543 4649 1585 4726 dt
1606 4641 1765 4726 amurcd
1786 4639 1907 4726 obsiti
1919 4703 1937 4748 ,

490 4745 575 4846 irnb
603 4751 693 4866 &a
744 4745 892 4844 radices
923 4751 1061 4866 ingens
1088 4749 1330 4860 sordiumtiu
1355 4752 1434 4846 illis
1460 4753 1772 4858 albescentium,
1799 4757 1841 4836 in
1869 4759 1939 4842 hia

936 4883 943 4894 '
1086 4879 1093 4890 ’
1541 4917 1543 4920 -
1593 4865 1937 4984 nigrescentium,
