4186 5908
470 433 556 549 230
909 430 1016 522 ou
1085 419 1452 514 moaurs

472 607 552 690 diss
586 598 736 688 habitat
766 596 916 687 scabies
945 594 1064 705 quim
1092 593 1135 676 in
1169 588 1239 675 illa
1275 586 1437 677 externi
1475 585 1703 703 impuritate
1738 581 1911 676 sordidi.

529 715 643 802 Hinc
657 715 803 799 fastum
816 713 869 798 est
884 731 929 791 ut
945 704 1077 820 plures
1091 703 1249 790 Medici
1264 731 1350 788 non
1365 700 1483 787 aliam
1500 701 1739 814 agnoverint
1751 701 1910 788 causam

473 827 712 916 morborum
739 827 932 908 horumce
959 844 1220 904 cutaneorum
1243 845 1326 902 con
1394 810 1571 900 ‘osorum
1596 839 1736 929 prater
1762 819 1911 902 venni-

474 941 614 1027 nosam
627 939 765 1036 luem;
786 934 881 1018 dbm
896 929 966 1016 sub
980 929 1255 1044 uniqubquep
1392 928 1560 1014 credunt
1576 953 1654 1012 ova
1670 926 1912 1014 insectorum
1992 993 1998 1004 .
2075 995 2076 1004 r

476 1053 650 1167 deponi,
671 1078 755 1160 quae
774 1041 960 1164 perpetui
977 1047 1235 1158 generatione
1253 1067 1465 1146 renovata,
1484 1036 1670 1124 morbum
1690 1067 1909 1150 renovant,

476 1160 663 1280 exemplo
696 1158 744 1242 a'b
780 1153 986 1241 arboribus
1011 1154 1132 1245 datto
1162 1156 1232 1268 qui
1259 1179 1324 1240 tot
1350 1150 1501 1240 morbis
1533 1149 1760 1268 ampullosis
1792 1181 1912 1267 atque

475 1271 698 1364 mmoribus
724 1270 830 1356 duris
858 1267 1066 1376 laborant,
1090 1295 1263 1380 quorum
1288 1291 1422 1353 tamen
1448 1265 1563 1352 causa
1587 1263 1698 1354 nulla
1725 1265 1803 1352 alia
1830 1271 1911 1376 cst,

471 1413 609 1505 prater
627 1383 865 1468 inscensum
883 1379 1037 1467 morsus
1056 1378 1114 1467 ibi
1135 1379 1423 1489 niduiantium,
1447 1403 1677 1491 certamque
1690 1377 1760 1466 stbi
1776 1379 1913 1468 sedem

477 1501 707 1618 parantium.
738 1493 928 1580 Praeterei
948 1495 1099 1580 summa
1117 1495 1172 1581 est
1189 1491 1307 1579 analo
1336 1497 1373 1578 'a
1389 1497 1491 1580 inter
1510 1493 1711 1578 evidentes
1733 1493 1913 1582 culicum

475 1611 726 1722 aliorumque
742 1607 979 1696 infestorum
1000 1606 1179 1715 morsus,
1205 1611 1274 1719 qui
1340 1604 1366 1688 b
1383 1608 1507 1691 finem
1527 1608 1657 1692 astatis
1679 1609 1914 1695 inhumana

477 1751 649 1840 corpora
675 1720 858 1828 saeviunt,
895 1727 938 1806 bt
971 1717 1136 1806 morbos
1167 1717 1436 1838 pruriginosos
1467 1719 1654 1830 quosvis,
1684 1717 1792 1805 unde
1829 1751 1914 1808 non

475 1843 530 1924 im
561 1831 739 1924 robabile
767 1835 855 1949 ipsis
884 1833 1090 1920 videbatur
1120 1828 1290 1918 scabiem
1321 1831 1499 1943 aliosque
1525 1828 1731 1938 hujusdem
1756 1838 1914 1947 generis

477 1867 636 2036 assetus
663 1943 968 2063 {prurientibus
992 1947 1144 2030 insessis
1168 1945 1398 2052 deducere,
1425 1947 1533 2030 circa
1551 1944 1663 2057 quod
1680 1971 1816 2031 tamen
1840 1945 1938 2032 mi·'

479 2060 734 2174 croscopium
755 2058 879 2173 ipsum
895 2059 961 2143 vel
976 2059 1262 2165 acutissimum,
1286 2059 1315 2142 st
1337 2060 1512 2173 repetitis
1536 2061 1818 2174 experimentis
1835 2086 1914 2146 cre
1986 2159 1992 2172 ⁸

479 2175 575 2262 dere
594 2174 651 2258 sas
672 2173 744 2273 est,
773 2174 941 2256 caecutir.
1213 2193 1220 2206 ·

535 2286 678 2374 Fidem
704 2282 775 2368 srbi
806 2282 899 2368 inde
931 2308 1117 2397 arrogant
1144 2285 1254 2396 qubd
1285 2285 1436 2368 summa
1467 2285 1513 2368 stt
1540 2309 1660 2370 conta
1690 2285 1717 2368 ii
1748 2279 1915 2370 scabiosi

477 2397 531 2484 ad
546 2399 953 2483 communicationem
971 2395 1161 2505 facilitas,
1183 2397 1371 2516 quippbsr
1393 2398 1515 2483 hodie
1526 2460 1540 2504 ‚
1565 2418 1632 2482 aut
1650 2313 1815 2481 dubiost
1831 2397 1915 2484 ves-

478 2515 643 2600 timenta
660 2509 858 2618 indueris,
884 2533 951 2594 aut
964 2539 1057 2594 cum
1074 2508 1253 2595 scabioso
1272 2508 1560 2618 concubueris,
1584 2539 1669 2593 cras
1686 2535 1728 2594 te
1742 2511 1914 2626 pruritus

478 2621 639 2712 vexabit
663 2621 888 2729 scabiosus,
908 2649 1028 2735 quern
1047 2623 1073 2705 fi
1094 2652 1178 2707 non
1198 2621 1443 2738 neglexeris,
1468 2623 1535 2708 sed
1555 2625 1597 2706 in
1618 2624 1746 2738 primo
1765 2620 1915 2710 insultu

480 2735 666 2851 detegere
690 2733 807 2820 suerit
832 2735 995 2844 datum,
1022 2734 1176 2822 curabis
1207 2743 1247 2821 br
1278 2734 1429 2820 sanabis
1458 2736 1625 2821 omninb
1653 2737 1698 2820 iis
1724 2729 1913 2818 adhibitis

441 2948 451 2967 ο
480 2879 564 2960 quae
590 2847 797 2965 presertim
823 2848 874 2934 ad
902 2851 1129 2966 perimenda
1154 2850 1297 2935 insesia
1321 2856 1364 2935 br
1391 2879 1531 2935 eorum
1555 2877 1630 2934 ova
1651 2843 1808 2953 valent,
1830 2843 1913 2930 sul-

478 2961 566 3044 sure
587 2969 630 3045 bt
650 2965 860 3046 mercurio.
890 2961 983 3046 Nee
1010 2965 1128 3068 verb,
1156 2963 1184 3046 st
1206 2961 1408 3048 conferret
1429 2967 1508 3048 hirc
1523 2989 1639 3048 exem
1664 2956 1774 3044 laea
1787 2957 1915 3046 brutis

479 3073 601 3186 petita
623 3069 846 3180 advocare,
865 3075 1053 3187 ignotum
1075 3071 1170 3160 esset
1189 3078 1230 3160 in
1253 3074 1394 3160 ovibus
1420 3086 1462 3162 br
1482 3077 1594 3189 equis
1614 2990 1748 3160 sicera
1763 3075 1916 3160 vermi*

477 3180 575 3268 nosa
594 3179 806 3294 aliquando
825 3187 1007 3300 reperiri,
1029 3189 1114 3271 imb
1135 3195 1177 3272 bt
1197 3187 1488 3276 confertissima.

533 3295 730 3406 Quamvis
753 3321 884 3381 autem
909 3296 1039 3414 plures
1065 3301 1140 3384 smt
1161 3301 1338 3411 Medici,
1361 3331 1436 3388 nec
1465 3299 1671 3388 deterioris
1694 3323 1799 3384 nota
1811 3358 1826 3407 ,
1847 3295 1917 3410 qui

479 3408 590 3494 hisce
611 3410 826 3495 ratiociniis
847 3408 950 3494 abufi
975 3415 1048 3496 finr
1071 3411 1120 3496 ad
1142 3413 1425 3502 admittendam
1449 3419 1492 3500 in
1514 3409 1751 3526 quibussibet
1773 3437 1917 3498 conta·

480 3523 598 3636 giosts
618 3520 768 3610 morbis
791 3520 900 3610 luem
920 3527 1183 3612 verminosam
1199 3527 1440 3642 legitimam,
1461 3526 1531 3612 fibi
1545 3553 1718 3612 meretur
1731 3525 1915 3612 attentio·

479 3661 574 3721 nem
600 3663 741 3720 eorum
772 3639 910 3750 opinio
940 3643 1009 3748 qui
1037 3640 1204 3727 credunt
1229 3637 1252 3724 i
1277 3640 1476 3729 vermibus
1511 3638 1683 3776 pendere
1713 3637 1915 3744 scabiem,

481 3751 575 3840 curn
594 3775 670 3836 nec
695 3744 903 3832 absurdum
922 3751 989 3859 stt,
1013 3781 1088 3838 nec
1103 3751 1315 3840 ridiculum
1340 3757 1441 3840 inter
1464 3779 1633 3840 ammata
1655 3754 1801 3837 nociva
1820 3777 1916 3835 cor·

479 3889 579 4058 pora
606 3860 688 3947 dari
719 3857 850 3971 aliqua
876 3889 958 4058 <pua
985 3865 1088 3950 visus
1115 3891 1198 3951 non
1225 3869 1391 3982 attingat
1418 3875 1576 3978 &tque
1601 3865 1682 3952 sose
1709 3867 1752 3948 in
1782 3887 1915 3949 eutem

497 3975 674 4061 nstnuent
683 4035 698 4083 ,
717 3974 802 4058 imb
821 4001 887 4058 mu
906 3997 946 4059 ta
963 3973 1076 4080 hujus
1093 3981 1248 4092 generis
1271 3980 1343 4064 smt
1362 3997 1446 4092 ‘quat
1464 3979 1504 4066 se
1526 4007 1608 4063 non
1634 3981 1757 4063 sinant
1781 3975 1911 4090 aspici..

539 4084 728 4174 Praeterei
745 4085 973 4174 auiioritate
981 4091 1380 4285 praestantiffimo'rum
1398 4095 1440 4176 in
1453 4095 1621 4208 physicis
1638 4089 1754 4177 rebus
1775 4085 1913 4176 intros-

483 4195 675 4308 piciendis
696 4203 872 4286 virorum
883 4203 966 4286 haec
997 4205 1170 4287 ententia
1186 4201 1285 4288 fulta
1303 4205 1376 4311 est,
1395 4209 1487 4290 cbm
1502 4211 1563 4291 vir
1578 4209 1619 4289 in
1633 4203 1742 4290 hisce
1761 4205 1917 4288 summa

486 4309 724 4394 austeritatis
745 4313 971 4401 Richardus
989 4314 1114 4402 Mead
1139 4340 1228 4402 eam
1245 4344 1319 4432 pro
1344 4317 1666 4424 certaremus,
1697 4316 1917 4403 sanatione-

486 4443 565 4530 que
587 4420 774 4541 perpetui
794 4423 939 4512 scabiei
963 4455 1033 4623 ger
1062 4433 1197 4548 topica
1228 4431 1502 4518 confirmatam
1529 4431 1752 4519 crediderit.
1781 4434 1918 4516 Acce·-

484 4555 595 4642 perat
615 4534 717 4622 hanc
740 4537 762 4618 i
784 4534 949 4650 Costmo
1005 4549 1158 4629 ononio
1182 4549 1251 4650 (a)
1275 4547 1342 4654 qui
1373 4547 1414 4631 in
1439 4543 1599 4661 epistoii
1616 4543 1665 4629 a'd
1688 4543 1753 4628 Fr.
1779 4541 1918 4630 Rhedi

484 4639 537 4727 de
551 4641 748 4730 vermibus
769 4653 947 4770 corporis
967 4653 1152 4764 humani,
1174 4655 1255 4741 visa
1276 4656 1345 4742 fibi
1364 4685 1434 4774 per
1450 4657 1731 4743 accuratisstma
1749 4653 1918 4742 micros·

483 4755 851 4956 copiapppimalgum
875 4791 1075 4880 corpora,
1094 4777 1136 4854 dt
1157 4787 1297 4855 eorum
1322 4774 1464 4858 ovain
1488 4768 1731 4860 sulciacutis
1755 4765 1918 4857 latentia

523 4893 580 4966 (a)
652 4889 679 4950 i.
704 4905 763 4950 tran
809 4897 877 4976 283,
