4188 5916
635 377 1155 513 *cornnsrs
1509 457 1628 538 iu

192 577 260 666 vel
278 580 498 666 inauditum
520 580 747 690 docuerim,
774 590 865 668 cnm
891 589 971 700 ipsa
992 585 1203 671 infelixex
1232 585 1394 674 erientia
1412 613 1501 672 tem
1520 621 1632 704 pate-

193 695 362 780 fecerit:
390 694 500 805 quod
528 694 578 778 de
607 700 760 780 aurium
785 725 903 808 atque
933 726 1164 797 ceterorum
1193 619 1372 785 suinfuum
1400 701 1601 790 affeetibus
1614 765 1632 812 ,

192 809 346 892 ime&
377 808 427 894 de
459 806 666 922 apoplexis
696 835 813 918 atque
843 810 1069 924 hemplegii
1101 809 1149 894 ab
1185 811 1258 897 hic
1290 813 1405 898 causi
1435 817 1632 930 pendente

194 947 342 1004 norunt
358 931 509 1006 omnes.
532 923 683 1006 Verhm
699 922 914 1008 diffitissimi
930 929 1047 1008 etiam
1065 922 1196 1007 morbi
1211 929 1417 1040 hesperum
1432 931 1537 1013 virus
1557 955 1630 1046 pro

182 1031 313 1119 eausi
337 1035 551 1148 agnovbre.
580 1036 693 1120 Novi
718 1037 923 1120 hominem
953 1041 1019 1120 cui
1039 1041 1195 1148 quoties
1216 1041 1285 1122 her
1313 1065 1395 1142 eres
1422 1046 1634 1153 conquies-

196 1175 320 1252 cunt,
348 1149 466 1234 toties
495 1148 803 1234 haemorrhoides
829 1175 1068 1264 erumpunt,
1096 1149 1209 1264 largo
1228 1071 1354 1236 imbre
1374 1151 1537 1240 fluentes
1550 1219 1565 1262 ,
1589 1165 1633 1242 bt

197 1259 433 1344 cruciatibus
456 1259 727 1373 distinguendi.
755 1263 847 1344 Nec
866 1292 988 1346 unum
1007 1267 1175 1376 reperire
1194 1269 1289 1370 erit,
1312 1269 1379 1375 qui
1397 1293 1466 1378 per
1483 1263 1632 1370 juveni-

195 1373 276 1456 lem
288 1399 439 1458 aetatem
459 1371 814 1458 hemorrhoidibus
830 1375 992 1459 affliflus
1001 1437 1018 1480 ,
1031 1372 1248 1460 inclinante
1262 1403 1372 1460 aetate
1390 1381 1432 1461 in
1452 1380 1632 1494 herpetes

197 1487 408 1593 inciderit,
441 1495 482 1573 δε
512 1514 583 1572 eos
612 1485 774 1596 quidem
795 1488 939 1600 speciei
961 1516 1044 1571 non
1063 1489 1189 1574 uniiis.
1221 1490 1333 1574 Novi
1365 1493 1634 1579 venerandum

167 1595 169 1600 ’
197 1601 464 1711 ίαηειηηιιεω
480 1599 608 1684 sanfia
623 1597 835 1704 sobrietas,
858 1627 976 1708 quern
991 1604 1132 1686 intafta
1147 1599 1306 1688 morum
1327 1607 1476 1690 castitas
1494 1615 1535 1690 ἃ
1553 1611 1634 1694 vita

197 1714 247 1794 in
266 1715 437 1798 scientiis
460 1717 615 1830 per-asia
644 1711 692 1805 ab
726 1713 929 1798 arthritide
955 1714 1193 1798 haereditarii
1215 1719 1435 1800 immunem
1463 1722 1635 1830 praestare

197 1855 279 1907 non
305 1853 498 1940 potuerat.
520 1825 614 1908 ,Hic
638 1823 773 1932 illicia,
799 1824 935 1909 silente
960 1827 1188 1933 arthritide,
1218 1826 1445 1941 herpetibus
1469 1857 1632 1916 vexatus

198 1941 250 2022 est
276 1939 572 2052 phagoedenicis
601 1968 701 2047 qnos
730 1965 801 2050 per
827 1935 1028 2024 biennium
1053 1943 1250 2052 integrum
1277 1944 1442 2025 fluentes
1468 1941 1562 2026 tabo
1590 1954 1632 2030 ὃ(
1739 1991 1744 1996 -

199 2051 277 2136 late
307 2051 501 2164 serpentes
528 2082 620 2134 cum
652 2054 801 2165 pruritu
826 2052 981 2135 enormi
1003 2052 1203 2152 servavit;
1230 2079 1270 2136 at
1293 2051 1373 2136 illis
1400 2083 1450 2137 ex
1479 2082 1560 2139 arte
1588 2064 1633 2142 ’ὅτ

197 2164 427 2248 methodicie
449 2167 672 2279 temperatis
683 2191 813 2276 [atque
838 2168 1066 2278 compositis
1088 2168 1255 2256 omnino
1279 2170 1476 2250 conticuit
1497 2171 1633 2252 arthri-¹

199 2281 276 2383 tis,
303 2307 379 2362 nec
405 2281 445 2362 in
464 2303 612 2390 vegeto
639 2275 873 2386 volenteque
900 2278 991 2362 sene
1016 2277 1097 2363 ulla
1120 2277 1197 2384 jam
1221 2303 1287 2362 aut
1310 2280 1544 2387 arthritidis,
1566 2291 1653 2368 aut'
1681 2357 1685 2366 .

200 2395 406 2506 herpetum
426 2391 599 2488 rediviva
623 2391 734 2474 datur
757 2393 961 2473 memoria.
987 2391 1296 2476 Rheumatismis
1320 2395 1462 2508 pariter
1475 2453 1489 2496 ,
1515 2421 1632 2503 atque

201 2500 466 2586 inflationibus
488 2503 538 2586 ad
559 2500 746 2586 articulos
761 2499 989 2588 dolentibus
1009 2510 1050 2588 δε
1072 2502 1210 2588 albidis
1228 2503 1325 2616 saepe
1341 2505 1631 2614 successerunt,
1670 2579 1676 2600 ,

202 2623 243 2698 br
258 2619 390 2700 vicem
408 2644 547 2700 eorum
567 2615 764 2729 gesserunt
781 2618 974 2727 herpetes.
1000 2616 1090 2697 Irni)
1109 2624 1151 2700 dr
1166 2620 1296 2700 virum
1310 2621 1407 2700 novi
1422 2616 1632 2703 militatem

171 2823 173 2828 ,
202 2731 365 2846 opipato
395 2725 512 2811 srmul‘
538 2755 655 2839 atque
678 2730 905 2814 meretricio
928 2725 1039 2836 luxu'
1053 2729 1279 2813 confestum
1290 2788 1305 2832 ,
1336 2732 1401 2811 cui
1421 2723 1631 2838 quotannis

202 2841 260 2926 bis
283 2843 331 2927 ad
354 2869 423 2926 ver
445 2849 739 2944 &autumnum
763 2845 902 2954 herpes
923 2838 1081 2924 miliaris
1106 2843 1197 2954 postv
1211 2837 1363 2924 febrem
1381 2844 1633 2954 ephemerum

204 2959 397 3069 erumpit,
420 2956 679 3060 reviviscens,
700 2957 855 3063 quoties
871 2953 1081 3036 humiditas
1098 2954 1220 3066 ‚pedes
1235 2955 1379 3038 affecit.
1408 2957 1463 3038 At
1481 2983 1529 3038 ex
1542 2979 1632 3065 quo

201 3065 278 3173 iam
291 3066 498 3183 hpluribus
511 3071 620 3152 annis
639 3067 827 3152 assuetum
845 3063 992 3150 malum
1009 3070 1185 3180 apparuit
1194 3128 1208 3173 ,
1226 3071 1360 3149 omnia
1372 3070 1632 3155 incommoda

204 3212 286 3290 quae
306 3183 406 3265 atati
425 3185 466 3264 in
484 3183 635 3266 senium
656 3182 834 3294 vergenti
853 3177 1056 3262 fannliaria
1082 3206 1192 3264 erant
1222 3181 1387 3264 omnini)
1416 3179 1631 3289 cessavere,

205 3295 386 3378 diarrhaea
402 3293 624 3400 familiaris,
638 3291 799 3382 dolores
814 3295 905 3404 vagi
920 3291 1112 3376 addentes
1129 3300 1170 3378 &
1182 3296 1376 3406 gingivas,
1386 3293 1633 3406 gravedines,

205 3407 418 3520 capitisque
434 3405 617 3514 dolores,
634 3411 689 3492 ita
709 3435 754 3492 ut
775 3409 898 3492 vita‘m
912 3413 959 3504 §t
979 3405 1181 3490 sanitatem
1203 3406 1409 3518 periodico
1430 3432 1633 3492 tormento

205 3520 409 3606 redemisse
428 3521 618 3624 videatur.
1449 3591 1453 3599 .

261 3633 376 3716 Patet
401 3661 498 3746 ergo
528 3664 576 3718 ex
603 3637 663 3718 his
687 3633 858 3720 breviter
883 3634 1077 3718 annotatis
1101 3629 1283 3749 herpetes
1305 3631 1347 3718 in
1370 3629 1490 3718 caulis
1518 3636 1635 3718 ineo·

205 3747 348 3858 gnitis,
368 3772 412 3827 ut
425 3745 511 3828 sunt
526 3744 690 3828 morbis
710 3748 923 3855 asmodici,
944 3746 1033 3830 ante
1047 3748 1191 3832 oculos
1206 3746 1339 3832 haberi
1353 3746 1498 3830 debere
1507 3809 1522 3852 ,
1542 3773 1636 3860 prae=

203 3859 340 3941 sertim
352 3858 577 3940 invitorum
593 3777 761 3962 morbis,
780 3887 845 3943 aut
857 3857 1084 3945 mulieribus
1094 3863 1289 3946 menstruo
1301 3863 1408 3964 fluxu
1423 3859 1635 3960 defundis-3

207 3972 291 4052 imi>
307 3967 406 4052 nihil
423 3971 548 4083 magis
568 3969 757 4070 familiare
773 3974 826 4063 est
845 3971 1080 4058 mulieribus
1092 3975 1261 4088 gravidis
1275 3969 1392 4082 quim
1407 3970 1637 4083 ,herpetibus

208 4073 387 4169 laborare
401 4149 415 4190 ,
434 4077 524 4194 'quat
545 4081 699 4168 recluso
723 4077 841 4182 utero
867 4087 1024 4171 cessant.
1050 4089 1195 4172 Notati
1221 4089 1329 4186 enim
1355 4079 1492 4166 sedulo
1517 4082 1639 4168 velim

210 4196 366 4306 quhdin
379 4195 605 4281 mulieribus
622 4196 761 4309 quibus
775 4201 875 4284 uteri
890 4200 1039 4285 sentina
1054 4198 1270 4301 clauditur,
1286 4193 1404 4308 sape,
1421 4221 1465 4278 ut
1478 4199 1637 4308 hamor-

211 4308 414 4394 rhoidibns
435 4314 615 4415 retentis,
639 4314 867 4396 enascantur
881 4316 1061 4422 herpetes
1082 4343 1091 4391 ε
1115 4335 1291 4417 tuncque
1309 4336 1393 4390 non
1413 4307 1638 4395 ventriculo
1715 4329 1717 4336 ⁴

209 4421 336 4506 solnm
358 4451 431 4506 aut
485 4421 711 4508 ulmonibus
740 4421 857 4506 labes
876 4425 1088 4525 imminet,
1119 4419 1229 4528 quod
1255 4423 1346 4504 viris
1373 4424 1492 4504 etiam
1521 4441 1639 4506 com-¹

210 4561 330 4618 mune
348 4537 423 4641 est,
445 4455 510 4619 seii
530 4531 723 4650 precipue
749 4531 914 4616 cerebro
940 4553 1057 4641 atque
1082 4528 1296 4620 hsensorio
1319 4538 1524 4621 communi
1547 4565 1641 4648 pen-

212 4645 393 4731 dentibus
417 4645 682 4732 funfiionibus
695 4710 710 4752 ,
737 4645 916 4756 adebque
942 4642 1125 4730 mulieres
1153 4646 1254 4731 adeh
1279 4645 1417 4732 misere
1442 4651 1640 4761 exagitans

208 4763 339 4846 mania
360 4759 677 4868 melancholica,
705 4757 966 4872 deliriumque
984 4759 1249 4856 miserrimum
1269 4759 1489 4872 inducens,
1518 4761 1642 4874 saepiss
