<?xml version="1.0" encoding="UTF-8"?>
<!DOCTYPE html PUBLIC "-//W3C//DTD XHTML 1.0 Transitional//EN"
    "http://www.w3.org/TR/xhtml1/DTD/xhtml1-transitional.dtd">
<html xmlns="http://www.w3.org/1999/xhtml" xml:lang="en" lang="en">
 <head>
  <title>
</title>
<meta http-equiv="Content-Type" content="text/html;charset=utf-8" />
  <meta name='ocr-system' content='tesseract 3.04.00' />
  <meta name='ocr-capabilities' content='ocr_page ocr_carea ocr_par ocr_line ocrx_word'/>
</head>
<body>
  <div class='ocr_page' id='page_1' title='image "./tractatusdemorb00cavegoog_0080.png"; bbox 0 0 4246 5900; ppageno 0'>
   <div class='ocr_carea' id='block_1_1' title="bbox 535 439 1639 564">
    <p class='ocr_par' dir='ltr' id='par_1_1' title="bbox 535 439 1639 564">
     <span class='ocr_line' id='line_1_1' title="bbox 535 439 1639 564; baseline 0.008 -36"><span class='ocrx_word' id='word_1_1' title='bbox 535 439 1335 536; x_wconf 79' lang='lat' dir='ltr'>rnraouucrio</span> <span class='ocrx_word' id='word_1_2' title='bbox 1589 479 1639 564; x_wconf 56' lang='grc' dir='ltr'><em>ῃ</em></span> 
     </span>
    </p>
   </div>
   <div class='ocr_carea' id='block_1_2' title="bbox 211 594 1642 961">
    <p class='ocr_par' dir='ltr' id='par_1_2' title="bbox 211 594 1642 961">
     <span class='ocr_line' id='line_1_2' title="bbox 213 594 1642 729; baseline 0.001 -33"><span class='ocrx_word' id='word_1_3' title='bbox 213 594 366 696; x_wconf 67' lang='lat' dir='ltr'>athone</span> <span class='ocrx_word' id='word_1_4' title='bbox 386 608 429 694; x_wconf 89' lang='lat' dir='ltr'>iii</span> <span class='ocrx_word' id='word_1_5' title='bbox 447 637 611 694; x_wconf 88' lang='lat' dir='ltr'>mucum</span> <span class='ocrx_word' id='word_1_6' title='bbox 626 605 881 694; x_wconf 72' lang='lat' dir='ltr'>determinati</span> <span class='ocrx_word' id='word_1_7' title='bbox 895 607 1067 726; x_wconf 85' lang='lat' dir='ltr'>pendere</span> <span class='ocrx_word' id='word_1_8' title='bbox 1085 611 1237 725; x_wconf 83' lang='lat' dir='ltr'>potesl3</span> <span class='ocrx_word' id='word_1_9' title='bbox 1255 608 1376 696; x_wconf 88' lang='lat' dir='ltr'>altera</span> <span class='ocrx_word' id='word_1_10' title='bbox 1392 613 1491 697; x_wconf 81' lang='lat' dir='ltr'>verb</span> <span class='ocrx_word' id='word_1_11' title='bbox 1506 609 1528 697; x_wconf 77' lang='grc' dir='ltr'>ὲ</span> <span class='ocrx_word' id='word_1_12' title='bbox 1546 643 1642 729; x_wconf 88' lang='lat' dir='ltr'>pro-</span> 
     </span>
     <span class='ocr_line' id='line_1_3' title="bbox 213 719 1642 840; baseline 0.003 -33"><span class='ocrx_word' id='word_1_13' title='bbox 213 727 298 840; x_wconf 93' lang='lat' dir='ltr'>prio</span> <span class='ocrx_word' id='word_1_14' title='bbox 320 726 539 832; x_wconf 73' lang='lat' dir='ltr'>innataque</span> <span class='ocrx_word' id='word_1_15' title='bbox 559 725 659 806; x_wconf 88' lang='lat' dir='ltr'>vitio</span> <span class='ocrx_word' id='word_1_16' title='bbox 687 750 769 832; x_wconf 88' lang='lat' dir='ltr'>quo</span> <span class='ocrx_word' id='word_1_17' title='bbox 795 723 940 808; x_wconf 89' lang='lat' dir='ltr'>humor</span> <span class='ocrx_word' id='word_1_18' title='bbox 970 719 1088 808; x_wconf 76' lang='lat' dir='ltr'>facile</span> <span class='ocrx_word' id='word_1_19' title='bbox 1114 722 1340 833; x_wconf 85' lang='lat' dir='ltr'>mutabilis,</span> <span class='ocrx_word' id='word_1_20' title='bbox 1366 723 1516 810; x_wconf 88' lang='lat' dir='ltr'>siultra</span> <span class='ocrx_word' id='word_1_21' title='bbox 1537 728 1642 812; x_wconf 85' lang='lat' dir='ltr'>ordi-</span> 
     </span>
     <span class='ocr_line' id='line_1_4' title="bbox 211 834 1640 961; baseline 0.003 -41"><span class='ocrx_word' id='word_1_22' title='bbox 211 865 304 920; x_wconf 88' lang='lat' dir='ltr'>nem</span> <span class='ocrx_word' id='word_1_23' title='bbox 324 835 495 920; x_wconf 86' lang='lat' dir='ltr'>diluatur</span> <span class='ocrx_word' id='word_1_24' title='bbox 518 895 531 942; x_wconf 92' lang='lat'>,</span> <span class='ocrx_word' id='word_1_25' title='bbox 565 834 766 961; x_wconf 80' lang='lat' dir='ltr'>vappescit</span> <span class='ocrx_word' id='word_1_26' title='bbox 789 838 920 947; x_wconf 80' lang='lat' dir='ltr'>quas,</span> <span class='ocrx_word' id='word_1_27' title='bbox 947 834 1215 920; x_wconf 88' lang='lat' dir='ltr'>fermentescit</span> <span class='ocrx_word' id='word_1_28' title='bbox 1228 900 1242 942; x_wconf 92' lang='lat'>,</span> <span class='ocrx_word' id='word_1_29' title='bbox 1273 839 1498 923; x_wconf 87' lang='lat' dir='ltr'>intumescit</span> <span class='ocrx_word' id='word_1_30' title='bbox 1509 901 1523 945; x_wconf 90' lang='lat'>,</span> <span class='ocrx_word' id='word_1_31' title='bbox 1550 843 1640 926; x_wconf 88' lang='lat' dir='ltr'>vasa</span> 
     </span>
    </p>
   </div>
   <div class='ocr_carea' id='block_1_3' title="bbox 210 948 1748 5016">
    <p class='ocr_par' dir='ltr' id='par_1_3' title="bbox 210 948 1649 2080">
     <span class='ocr_line' id='line_1_5' title="bbox 214 948 1640 1064; baseline 0.004 -31"><span class='ocrx_word' id='word_1_32' title='bbox 214 948 349 1034; x_wconf 86' lang='lat' dir='ltr'>dilatat</span> <span class='ocrx_word' id='word_1_33' title='bbox 375 957 417 1033; x_wconf 77' lang='lat' dir='ltr'>bc</span> <span class='ocrx_word' id='word_1_34' title='bbox 448 950 620 1061; x_wconf 87' lang='lat' dir='ltr'>rumpit,</span> <span class='ocrx_word' id='word_1_35' title='bbox 649 956 691 1032; x_wconf 74' lang='grc' dir='ltr'>ὅ(</span> <span class='ocrx_word' id='word_1_36' title='bbox 721 977 799 1054; x_wconf 71' lang='lat' dir='ltr'>iani</span> <span class='ocrx_word' id='word_1_37' title='bbox 821 951 862 1031; x_wconf 93' lang='lat' dir='ltr'>in</span> <span class='ocrx_word' id='word_1_38' title='bbox 886 949 1046 1031; x_wconf 85' lang='lat' dir='ltr'>massam</span> <span class='ocrx_word' id='word_1_39' title='bbox 1070 949 1264 1032; x_wconf 85' lang='lat' dir='ltr'>conflatus</span> <span class='ocrx_word' id='word_1_40' title='bbox 1288 951 1453 1064; x_wconf 88' lang='lat' dir='ltr'>pustulas</span> <span class='ocrx_word' id='word_1_41' title='bbox 1478 953 1640 1062; x_wconf 88' lang='lat' dir='ltr'>quidem</span> 
     </span>
     <span class='ocr_line' id='line_1_6' title="bbox 213 1059 1640 1181; baseline 0.003 -35"><span class='ocrx_word' id='word_1_42' title='bbox 213 1059 380 1170; x_wconf 87' lang='lat' dir='ltr'>majores</span> <span class='ocrx_word' id='word_1_43' title='bbox 396 1063 598 1166; x_wconf 90' lang='lat' dir='ltr'>concitat,</span> <span class='ocrx_word' id='word_1_44' title='bbox 616 1069 659 1146; x_wconf 71' lang='grc' dir='ltr'>δε</span> <span class='ocrx_word' id='word_1_45' title='bbox 671 1063 723 1145; x_wconf 80' lang='lat' dir='ltr'>eb</span> <span class='ocrx_word' id='word_1_46' title='bbox 737 1065 861 1174; x_wconf 90' lang='lat' dir='ltr'>magis</span> <span class='ocrx_word' id='word_1_47' title='bbox 878 1064 1123 1174; x_wconf 87' lang='lat' dir='ltr'>pertinaces,</span> <span class='ocrx_word' id='word_1_48' title='bbox 1139 1060 1319 1176; x_wconf 82' lang='lat' dir='ltr'>qubplus</span> <span class='ocrx_word' id='word_1_49' title='bbox 1336 1062 1384 1146; x_wconf 89' lang='lat' dir='ltr'>ab</span> <span class='ocrx_word' id='word_1_50' title='bbox 1399 1063 1482 1181; x_wconf 69' lang='lat' dir='ltr'>ipsi</span> <span class='ocrx_word' id='word_1_51' title='bbox 1495 1093 1640 1181; x_wconf 90' lang='lat' dir='ltr'>corpo-</span> 
     </span>
     <span class='ocr_line' id='line_1_7' title="bbox 214 1171 1649 1291; baseline 0.002 -31"><span class='ocrx_word' id='word_1_52' title='bbox 214 1181 265 1262; x_wconf 89' lang='lat' dir='ltr'>ris</span> <span class='ocrx_word' id='word_1_53' title='bbox 284 1171 468 1258; x_wconf 71' lang='lat' dir='ltr'>machinb</span> <span class='ocrx_word' id='word_1_54' title='bbox 488 1177 655 1258; x_wconf 82' lang='lat' dir='ltr'>materiae</span> <span class='ocrx_word' id='word_1_55' title='bbox 684 1173 875 1258; x_wconf 88' lang='lat' dir='ltr'>sufficitur</span> <span class='ocrx_word' id='word_1_56' title='bbox 894 1173 1075 1258; x_wconf 80' lang='lat' dir='ltr'>mucosa.</span> <span class='ocrx_word' id='word_1_57' title='bbox 1098 1173 1176 1256; x_wconf 90' lang='lat' dir='ltr'>Pus</span> <span class='ocrx_word' id='word_1_58' title='bbox 1204 1175 1311 1260; x_wconf 88' lang='lat' dir='ltr'>hisce</span> <span class='ocrx_word' id='word_1_59' title='bbox 1338 1176 1493 1291; x_wconf 82' lang='lat' dir='ltr'>pustulis</span> <span class='ocrx_word' id='word_1_60' title='bbox 1521 1205 1649 1278; x_wconf 50' lang='lat' dir='ltr'>tenax,</span> 
     </span>
     <span class='ocr_line' id='line_1_8' title="bbox 211 1284 1638 1404; baseline 0.004 -32"><span class='ocrx_word' id='word_1_61' title='bbox 211 1297 259 1372; x_wconf 76' lang='grc' dir='ltr'>ἀ</span> <span class='ocrx_word' id='word_1_62' title='bbox 276 1287 470 1373; x_wconf 90' lang='lat' dir='ltr'>viscidum</span> <span class='ocrx_word' id='word_1_63' title='bbox 497 1289 604 1401; x_wconf 86' lang='lat' dir='ltr'>paslae</span> <span class='ocrx_word' id='word_1_64' title='bbox 626 1286 893 1372; x_wconf 86' lang='lat' dir='ltr'>fermentantis</span> <span class='ocrx_word' id='word_1_65' title='bbox 927 1285 1095 1371; x_wconf 91' lang='lat' dir='ltr'>odorem</span> <span class='ocrx_word' id='word_1_66' title='bbox 1115 1284 1258 1399; x_wconf 84' lang='lat' dir='ltr'>spirat3</span> <span class='ocrx_word' id='word_1_67' title='bbox 1294 1287 1389 1404; x_wconf 73' lang='lat' dir='ltr'>sape</span> <span class='ocrx_word' id='word_1_68' title='bbox 1412 1290 1542 1404; x_wconf 85' lang='lat' dir='ltr'>gliscit</span> <span class='ocrx_word' id='word_1_69' title='bbox 1568 1292 1638 1378; x_wconf 92' lang='lat' dir='ltr'>sub</span> 
     </span>
     <span class='ocr_line' id='line_1_9' title="bbox 211 1398 1636 1516; baseline 0.006 -32"><span class='ocrx_word' id='word_1_70' title='bbox 211 1401 455 1516; x_wconf 89' lang='lat' dir='ltr'>epidermide</span> <span class='ocrx_word' id='word_1_71' title='bbox 466 1462 481 1505; x_wconf 91' lang='lat'>,</span> <span class='ocrx_word' id='word_1_72' title='bbox 512 1406 554 1482; x_wconf 77' lang='lat' dir='ltr'>bt</span> <span class='ocrx_word' id='word_1_73' title='bbox 582 1398 738 1483; x_wconf 90' lang='lat' dir='ltr'>viscoso</span> <span class='ocrx_word' id='word_1_74' title='bbox 773 1403 915 1484; x_wconf 69' lang='lat' dir='ltr'>attactu</span> <span class='ocrx_word' id='word_1_75' title='bbox 945 1400 1093 1513; x_wconf 80' lang='lat' dir='ltr'>digitos</span> <span class='ocrx_word' id='word_1_76' title='bbox 1125 1423 1329 1512; x_wconf 85' lang='lat' dir='ltr'>tangentes</span> <span class='ocrx_word' id='word_1_77' title='bbox 1358 1403 1636 1493; x_wconf 88' lang='lat' dir='ltr'>commaculat.</span> 
     </span>
     <span class='ocr_line' id='line_1_10' title="bbox 210 1510 1639 1627; baseline 0.008 -33"><span class='ocrx_word' id='word_1_78' title='bbox 210 1515 261 1602; x_wconf 91' lang='lat' dir='ltr'>In</span> <span class='ocrx_word' id='word_1_79' title='bbox 273 1511 401 1620; x_wconf 91' lang='lat' dir='ltr'>illum,</span> <span class='ocrx_word' id='word_1_80' title='bbox 415 1514 483 1596; x_wconf 91' lang='lat' dir='ltr'>nisi</span> <span class='ocrx_word' id='word_1_81' title='bbox 495 1510 629 1596; x_wconf 88' lang='lat' dir='ltr'>sedula</span> <span class='ocrx_word' id='word_1_82' title='bbox 641 1516 809 1597; x_wconf 88' lang='lat' dir='ltr'>arcuerit</span> <span class='ocrx_word' id='word_1_83' title='bbox 821 1543 928 1618; x_wconf 88' lang='lat' dir='ltr'>cura,</span> <span class='ocrx_word' id='word_1_84' title='bbox 945 1513 1084 1597; x_wconf 90' lang='lat' dir='ltr'>muscae</span> <span class='ocrx_word' id='word_1_85' title='bbox 1099 1511 1296 1596; x_wconf 74' lang='lat' dir='ltr'>&amp;insecta</span> <span class='ocrx_word' id='word_1_86' title='bbox 1309 1513 1515 1624; x_wconf 89' lang='lat' dir='ltr'>involant,</span> <span class='ocrx_word' id='word_1_87' title='bbox 1529 1522 1639 1627; x_wconf 93' lang='lat' dir='ltr'>quod</span> 
     </span>
     <span class='ocr_line' id='line_1_11' title="bbox 212 1622 1639 1739; baseline 0.004 -29"><span class='ocrx_word' id='word_1_88' title='bbox 212 1625 392 1737; x_wconf 88' lang='lat' dir='ltr'>quotidie</span> <span class='ocrx_word' id='word_1_89' title='bbox 404 1629 445 1708; x_wconf 92' lang='lat' dir='ltr'>in</span> <span class='ocrx_word' id='word_1_90' title='bbox 465 1624 650 1739; x_wconf 87' lang='lat' dir='ltr'>legitimis</span> <span class='ocrx_word' id='word_1_91' title='bbox 670 1627 864 1712; x_wconf 85' lang='lat' dir='ltr'>infantum</span> <span class='ocrx_word' id='word_1_92' title='bbox 876 1624 1035 1711; x_wconf 91' lang='lat' dir='ltr'>variolis</span> <span class='ocrx_word' id='word_1_93' title='bbox 1057 1622 1305 1725; x_wconf 85' lang='lat' dir='ltr'>observanir3</span> <span class='ocrx_word' id='word_1_94' title='bbox 1326 1629 1393 1710; x_wconf 92' lang='lat' dir='ltr'>hic</span> <span class='ocrx_word' id='word_1_95' title='bbox 1408 1633 1513 1713; x_wconf 93' lang='lat' dir='ltr'>enim</span> <span class='ocrx_word' id='word_1_96' title='bbox 1533 1660 1639 1716; x_wconf 91' lang='lat' dir='ltr'>mor-</span> 
     </span>
     <span class='ocr_line' id='line_1_12' title="bbox 213 1735 1638 1854; baseline 0.004 -30"><span class='ocrx_word' id='word_1_97' title='bbox 213 1738 311 1846; x_wconf 88' lang='lat' dir='ltr'>bus,</span> <span class='ocrx_word' id='word_1_98' title='bbox 330 1741 358 1822; x_wconf 93' lang='lat' dir='ltr'>si</span> <span class='ocrx_word' id='word_1_99' title='bbox 372 1738 576 1850; x_wconf 89' lang='lat' dir='ltr'>quisquam</span> <span class='ocrx_word' id='word_1_100' title='bbox 591 1737 714 1844; x_wconf 89' lang='lat' dir='ltr'>alius,</span> <span class='ocrx_word' id='word_1_101' title='bbox 730 1765 856 1854; x_wconf 88' lang='lat' dir='ltr'>partes</span> <span class='ocrx_word' id='word_1_102' title='bbox 872 1743 1051 1853; x_wconf 89' lang='lat' dir='ltr'>corporis</span> <span class='ocrx_word' id='word_1_103' title='bbox 1075 1735 1254 1822; x_wconf 87' lang='lat' dir='ltr'>mucosas</span> <span class='ocrx_word' id='word_1_104' title='bbox 1270 1739 1468 1850; x_wconf 86' lang='lat' dir='ltr'>adoritur,</span> <span class='ocrx_word' id='word_1_105' title='bbox 1487 1749 1529 1827; x_wconf 73' lang='grc' dir='ltr'>ὃ(</span> <span class='ocrx_word' id='word_1_106' title='bbox 1543 1743 1638 1853; x_wconf 81' lang='lat' dir='ltr'>qual-</span> 
     </span>
     <span class='ocr_line' id='line_1_13' title="bbox 215 1849 1639 1966; baseline 0.005 -31"><span class='ocrx_word' id='word_1_107' title='bbox 215 1852 304 1936; x_wconf 88' lang='lat' dir='ltr'>dam</span> <span class='ocrx_word' id='word_1_108' title='bbox 334 1853 638 1937; x_wconf 88' lang='lat' dir='ltr'>fermentatione</span> <span class='ocrx_word' id='word_1_109' title='bbox 671 1877 741 1966; x_wconf 89' lang='lat' dir='ltr'>pet</span> <span class='ocrx_word' id='word_1_110' title='bbox 775 1854 998 1936; x_wconf 77' lang='lat' dir='ltr'>insitionem</span> <span class='ocrx_word' id='word_1_111' title='bbox 1026 1849 1144 1936; x_wconf 73' lang='lat' dir='ltr'>facile</span> <span class='ocrx_word' id='word_1_112' title='bbox 1175 1850 1470 1939; x_wconf 73' lang='lat' dir='ltr'>demonstrandi</span> <span class='ocrx_word' id='word_1_113' title='bbox 1490 1885 1639 1942; x_wconf 88' lang='lat' dir='ltr'>novam</span> 
     </span>
     <span class='ocr_line' id='line_1_14' title="bbox 213 1963 1111 2080; baseline 0.007 -32"><span class='ocrx_word' id='word_1_114' title='bbox 213 1994 334 2049; x_wconf 92' lang='lat' dir='ltr'>muco</span> <span class='ocrx_word' id='word_1_115' title='bbox 350 1963 523 2049; x_wconf 89' lang='lat' dir='ltr'>formam</span> <span class='ocrx_word' id='word_1_116' title='bbox 542 1969 742 2080; x_wconf 90' lang='lat' dir='ltr'>imprimit.</span> <span class='ocrx_word' id='word_1_117' title='bbox 1110 2051 1111 2054; x_wconf 37' lang='lat'>.</span> 
     </span>
    </p>

    <p class='ocr_par' dir='ltr' id='par_1_4' title="bbox 213 2074 1748 5016">
     <span class='ocr_line' id='line_1_15' title="bbox 268 2074 1637 2190; baseline 0.004 -29"><span class='ocrx_word' id='word_1_118' title='bbox 268 2074 413 2162; x_wconf 87' lang='lat' dir='ltr'>Ulcera</span> <span class='ocrx_word' id='word_1_119' title='bbox 441 2078 602 2190; x_wconf 88' lang='lat' dir='ltr'>quidem</span> <span class='ocrx_word' id='word_1_120' title='bbox 632 2078 795 2162; x_wconf 91' lang='lat' dir='ltr'>mucosa</span> <span class='ocrx_word' id='word_1_121' title='bbox 816 2079 995 2162; x_wconf 90' lang='lat' dir='ltr'>efficiunt</span> <span class='ocrx_word' id='word_1_122' title='bbox 1017 2075 1174 2161; x_wconf 83' lang='lat' dir='ltr'>variolae</span> <span class='ocrx_word' id='word_1_123' title='bbox 1208 2077 1256 2162; x_wconf 86' lang='lat' dir='ltr'>ab</span> <span class='ocrx_word' id='word_1_124' title='bbox 1278 2105 1465 2164; x_wconf 89' lang='lat' dir='ltr'>extraneo</span> <span class='ocrx_word' id='word_1_125' title='bbox 1499 2089 1637 2169; x_wconf 91' lang='lat' dir='ltr'>conci-</span> 
     </span>
     <span class='ocr_line' id='line_1_16' title="bbox 214 2173 1637 2299; baseline 0.006 -27"><span class='ocrx_word' id='word_1_126' title='bbox 214 2215 297 2274; x_wconf 77' lang='lat' dir='ltr'>tata</span> <span class='ocrx_word' id='word_1_127' title='bbox 317 2189 541 2299; x_wconf 89' lang='lat' dir='ltr'>ferment0,</span> <span class='ocrx_word' id='word_1_128' title='bbox 557 2173 625 2275; x_wconf 89' lang='lat' dir='ltr'>sed</span> <span class='ocrx_word' id='word_1_129' title='bbox 640 2189 706 2274; x_wconf 90' lang='lat' dir='ltr'>alii</span> <span class='ocrx_word' id='word_1_130' title='bbox 728 2193 815 2275; x_wconf 88' lang='lat' dir='ltr'>sunt</span> <span class='ocrx_word' id='word_1_131' title='bbox 831 2189 1002 2297; x_wconf 88' lang='lat' dir='ltr'>ejusdem</span> <span class='ocrx_word' id='word_1_132' title='bbox 1020 2190 1330 2299; x_wconf 83' lang='lat' dir='ltr'>formaemorbi,</span> <span class='ocrx_word' id='word_1_133' title='bbox 1347 2220 1429 2275; x_wconf 91' lang='lat' dir='ltr'>non</span> <span class='ocrx_word' id='word_1_134' title='bbox 1452 2221 1495 2276; x_wconf 90' lang='lat' dir='ltr'>ut</span> <span class='ocrx_word' id='word_1_135' title='bbox 1509 2201 1637 2280; x_wconf 85' lang='lat' dir='ltr'>vario-</span> 
     </span>
     <span class='ocr_line' id='line_1_17' title="bbox 215 2289 1677 2420; baseline 0.008 -36"><span class='ocrx_word' id='word_1_136' title='bbox 215 2289 406 2411; x_wconf 76' lang='lat' dir='ltr'>laeacuti,</span> <span class='ocrx_word' id='word_1_137' title='bbox 431 2305 500 2388; x_wconf 91' lang='lat' dir='ltr'>sed</span> <span class='ocrx_word' id='word_1_138' title='bbox 521 2308 727 2410; x_wconf 90' lang='lat' dir='ltr'>chronici,</span> <span class='ocrx_word' id='word_1_139' title='bbox 751 2308 820 2416; x_wconf 93' lang='lat' dir='ltr'>qui</span> <span class='ocrx_word' id='word_1_140' title='bbox 838 2305 1004 2390; x_wconf 86' lang='lat' dir='ltr'>infantes</span> <span class='ocrx_word' id='word_1_141' title='bbox 1024 2330 1140 2413; x_wconf 88' lang='lat' dir='ltr'>atque</span> <span class='ocrx_word' id='word_1_142' title='bbox 1162 2300 1334 2410; x_wconf 85' lang='lat' dir='ltr'>juniores</span> <span class='ocrx_word' id='word_1_143' title='bbox 1358 2309 1636 2420; x_wconf 88' lang='lat' dir='ltr'>aggrediuntur</span> <span class='ocrx_word' id='word_1_144' title='bbox 1670 2333 1677 2340; x_wconf 90' lang='grc'><em>·</em></span> 
     </span>
     <span class='ocr_line' id='line_1_18' title="bbox 217 2415 1633 2531; baseline 0.007 -34"><span class='ocrx_word' id='word_1_145' title='bbox 217 2445 458 2526; x_wconf 84' lang='lat' dir='ltr'>mutumque</span> <span class='ocrx_word' id='word_1_146' title='bbox 486 2444 639 2502; x_wconf 90' lang='lat' dir='ltr'>mutant</span> <span class='ocrx_word' id='word_1_147' title='bbox 652 2480 667 2524; x_wconf 92' lang='lat'>,</span> <span class='ocrx_word' id='word_1_148' title='bbox 695 2420 834 2531; x_wconf 72' lang='grc' dir='ltr'>α’χιέρις</span> <span class='ocrx_word' id='word_1_149' title='bbox 858 2415 1088 2501; x_wconf 88' lang='lat' dir='ltr'>dicebantur</span> <span class='ocrx_word' id='word_1_150' title='bbox 1115 2422 1286 2531; x_wconf 73' lang='lat' dir='ltr'>grecis,</span> <span class='ocrx_word' id='word_1_151' title='bbox 1318 2427 1358 2502; x_wconf 71' lang='grc' dir='ltr'>ὃ(</span> <span class='ocrx_word' id='word_1_152' title='bbox 1386 2445 1431 2504; x_wconf 92' lang='lat' dir='ltr'>ut</span> <span class='ocrx_word' id='word_1_153' title='bbox 1457 2419 1633 2508; x_wconf 91' lang='lat' dir='ltr'>Platonis</span> 
     </span>
     <span class='ocr_line' id='line_1_19' title="bbox 218 2525 1748 2647; baseline 0.006 -37"><span class='ocrx_word' id='word_1_154' title='bbox 218 2525 320 2610; x_wconf 75' lang='lat' dir='ltr'>libro</span> <span class='ocrx_word' id='word_1_155' title='bbox 330 2531 404 2636; x_wconf 86' lang='lat' dir='ltr'>III,</span> <span class='ocrx_word' id='word_1_156' title='bbox 418 2529 469 2614; x_wconf 85' lang='lat' dir='ltr'>de</span> <span class='ocrx_word' id='word_1_157' title='bbox 484 2527 846 2647; x_wconf 68' lang='lat' dir='ltr'>Republicbverbis</span> <span class='ocrx_word' id='word_1_158' title='bbox 859 2557 945 2614; x_wconf 85' lang='lat' dir='ltr'>utar</span> <span class='ocrx_word' id='word_1_159' title='bbox 962 2529 1194 2636; x_wconf 59' lang='lat' dir='ltr'>ii&#39;ato&#39;rpiriitti</span> <span class='ocrx_word' id='word_1_160' title='bbox 1206 2565 1331 2629; x_wconf 65' lang='grc' dir='ltr'><em>νεσκμα</em></span> <span class='ocrx_word' id='word_1_161' title='bbox 1341 2531 1571 2619; x_wconf 80' lang='lat' dir='ltr'>dicebantur</span> <span class='ocrx_word' id='word_1_162' title='bbox 1584 2536 1633 2619; x_wconf 85' lang='lat' dir='ltr'>ab</span> <span class='ocrx_word' id='word_1_163' title='bbox 1738 2537 1748 2546; x_wconf 57' lang='grc'><em>”</em></span> 
     </span>
     <span class='ocr_line' id='line_1_20' title="bbox 217 2621 1635 2760; baseline 0.008 -41"><span class='ocrx_word' id='word_1_164' title='bbox 217 2637 433 2745; x_wconf 76' lang='lat' dir='ltr'>oi&#39;nt&#39;itpirooi</span> <span class='ocrx_word' id='word_1_165' title='bbox 450 2653 478 2724; x_wconf 70' lang='lat' dir='ltr'>d</span> <span class='ocrx_word' id='word_1_166' title='bbox 493 2641 837 2742; x_wconf 74' lang='lat' dir='ltr'>vinuiscoucitati3</span> <span class='ocrx_word' id='word_1_167' title='bbox 853 2645 894 2726; x_wconf 93' lang='lat' dir='ltr'>hi</span> <span class='ocrx_word' id='word_1_168' title='bbox 907 2643 1068 2751; x_wconf 90' lang='lat' dir='ltr'>quidem</span> <span class='ocrx_word' id='word_1_169' title='bbox 1082 2621 1218 2726; x_wconf 44' lang='lat' dir='ltr'>mis&amp;</span> <span class='ocrx_word' id='word_1_170' title='bbox 1232 2675 1374 2760; x_wconf 85' lang='lat' dir='ltr'>corpus</span> <span class='ocrx_word' id='word_1_171' title='bbox 1388 2674 1456 2760; x_wconf 89' lang='lat' dir='ltr'>per</span> <span class='ocrx_word' id='word_1_172' title='bbox 1467 2643 1536 2729; x_wconf 91' lang='lat' dir='ltr'>lon</span> <span class='ocrx_word' id='word_1_173' title='bbox 1594 2679 1635 2731; x_wconf 91' lang='lat' dir='ltr'>m</span> 
     </span>
     <span class='ocr_line' id='line_1_21' title="bbox 215 2679 1635 2871; baseline 0.004 -33"><span class='ocrx_word' id='word_1_174' title='bbox 215 2778 366 2871; x_wconf 87' lang='lat' dir='ltr'>tempus</span> <span class='ocrx_word' id='word_1_175' title='bbox 386 2757 465 2840; x_wconf 86' lang='lat' dir='ltr'>affli</span> <span class='ocrx_word' id='word_1_176' title='bbox 521 2783 592 2862; x_wconf 88' lang='lat' dir='ltr'>nt,</span> <span class='ocrx_word' id='word_1_177' title='bbox 614 2755 680 2839; x_wconf 90' lang='lat' dir='ltr'>sed</span> <span class='ocrx_word' id='word_1_178' title='bbox 695 2817 709 2860; x_wconf 89' lang='lat'>,</span> <span class='ocrx_word' id='word_1_179' title='bbox 724 2758 769 2838; x_wconf 92' lang='lat' dir='ltr'>iis</span> <span class='ocrx_word' id='word_1_180' title='bbox 792 2758 955 2870; x_wconf 90' lang='lat' dir='ltr'>pervim</span> <span class='ocrx_word' id='word_1_181' title='bbox 977 2758 1166 2868; x_wconf 89' lang='lat' dir='ltr'>temporis</span> <span class='ocrx_word' id='word_1_182' title='bbox 1188 2755 1420 2840; x_wconf 86' lang='lat' dir='ltr'>exanthlatis</span> <span class='ocrx_word' id='word_1_183' title='bbox 1435 2821 1449 2861; x_wconf 89' lang='lat'>,</span> <span class='ocrx_word' id='word_1_184' title='bbox 1465 2679 1635 2844; x_wconf 63' lang='lat' dir='ltr'>illudu&amp;</span> 
     </span>
     <span class='ocr_line' id='line_1_22' title="bbox 213 2788 1636 2980; baseline 0.005 -29"><span class='ocrx_word' id='word_1_185' title='bbox 213 2865 338 2952; x_wconf 89' lang='lat' dir='ltr'>saiiius</span> <span class='ocrx_word' id='word_1_186' title='bbox 359 2877 402 2954; x_wconf 70' lang='grc' dir='ltr'>δε</span> <span class='ocrx_word' id='word_1_187' title='bbox 424 2788 614 2953; x_wconf 66' lang='lat' dir='ltr'>robbstius</span> <span class='ocrx_word' id='word_1_188' title='bbox 640 2869 837 2972; x_wconf 89' lang='lat' dir='ltr'>efficitur,</span> <span class='ocrx_word' id='word_1_189' title='bbox 867 2868 951 2950; x_wconf 85' lang='lat' dir='ltr'>imb</span> <span class='ocrx_word' id='word_1_190' title='bbox 970 2893 1234 2980; x_wconf 75' lang='lat' dir='ltr'>praecaventur</span> <span class='ocrx_word' id='word_1_191' title='bbox 1254 2866 1398 2954; x_wconf 90' lang='lat' dir='ltr'>morbi.</span> <span class='ocrx_word' id='word_1_192' title='bbox 1423 2871 1572 2954; x_wconf 90' lang='lat' dir='ltr'>Forsan</span> <span class='ocrx_word' id='word_1_193' title='bbox 1593 2880 1636 2958; x_wconf 77' lang='lat' dir='ltr'>bt</span> 
     </span>
     <span class='ocr_line' id='line_1_23' title="bbox 216 2979 1636 3096; baseline 0.003 -30"><span class='ocrx_word' id='word_1_194' title='bbox 216 2980 244 3066; x_wconf 89' lang='lat' dir='ltr'>si</span> <span class='ocrx_word' id='word_1_195' title='bbox 266 2979 496 3089; x_wconf 75' lang='lat' dir='ltr'>conjeeurae</span> <span class='ocrx_word' id='word_1_196' title='bbox 521 2985 636 3067; x_wconf 90' lang='lat' dir='ltr'>venia</span> <span class='ocrx_word' id='word_1_197' title='bbox 650 2985 701 3064; x_wconf 85' lang='lat' dir='ltr'>in</span> <span class='ocrx_word' id='word_1_198' title='bbox 717 2979 831 3066; x_wconf 89' lang='lat' dir='ltr'>rebus</span> <span class='ocrx_word' id='word_1_199' title='bbox 846 2980 953 3064; x_wconf 91' lang='lat' dir='ltr'>hisce</span> <span class='ocrx_word' id='word_1_200' title='bbox 973 2979 1098 3065; x_wconf 91' lang='lat' dir='ltr'>danda</span> <span class='ocrx_word' id='word_1_201' title='bbox 1115 2982 1188 3088; x_wconf 91' lang='lat' dir='ltr'>sit,</span> <span class='ocrx_word' id='word_1_202' title='bbox 1215 2979 1346 3096; x_wconf 88' lang='lat' dir='ltr'>plures</span> <span class='ocrx_word' id='word_1_203' title='bbox 1364 2981 1512 3068; x_wconf 92' lang='lat' dir='ltr'>morbis</span> <span class='ocrx_word' id='word_1_204' title='bbox 1527 2985 1636 3070; x_wconf 91' lang='lat' dir='ltr'>hisce</span> 
     </span>
     <span class='ocr_line' id='line_1_24' title="bbox 215 3090 1633 3200; baseline 0.008 -26"><span class='ocrx_word' id='word_1_205' title='bbox 215 3097 383 3179; x_wconf 76' lang='lat' dir='ltr'>mucosis</span> <span class='ocrx_word' id='word_1_206' title='bbox 408 3096 574 3180; x_wconf 89' lang='lat' dir='ltr'>infantes</span> <span class='ocrx_word' id='word_1_207' title='bbox 594 3096 831 3200; x_wconf 71' lang='lat' dir='ltr'>conflictati,</span> <span class='ocrx_word' id='word_1_208' title='bbox 856 3090 879 3176; x_wconf 76' lang='lat' dir='ltr'>b</span> <span class='ocrx_word' id='word_1_209' title='bbox 903 3091 1062 3178; x_wconf 89' lang='lat' dir='ltr'>variolis</span> <span class='ocrx_word' id='word_1_210' title='bbox 1087 3096 1280 3179; x_wconf 88' lang='lat' dir='ltr'>immunes</span> <span class='ocrx_word' id='word_1_211' title='bbox 1304 3096 1486 3180; x_wconf 90' lang='lat' dir='ltr'>videntur</span> <span class='ocrx_word' id='word_1_212' title='bbox 1508 3099 1633 3185; x_wconf 83' lang='lat' dir='ltr'>fuisse.</span> 
     </span>
     <span class='ocr_line' id='line_1_25' title="bbox 215 3203 1634 3322; baseline 0.004 -32"><span class='ocrx_word' id='word_1_213' title='bbox 215 3203 367 3292; x_wconf 76' lang='lat' dir='ltr'>Intereli</span> <span class='ocrx_word' id='word_1_214' title='bbox 391 3208 621 3294; x_wconf 83' lang='lat' dir='ltr'>detestantur</span> <span class='ocrx_word' id='word_1_215' title='bbox 646 3207 827 3292; x_wconf 84' lang='lat' dir='ltr'>mulieres</span> <span class='ocrx_word' id='word_1_216' title='bbox 852 3206 995 3290; x_wconf 86' lang='lat' dir='ltr'>faciem</span> <span class='ocrx_word' id='word_1_217' title='bbox 1016 3235 1229 3322; x_wconf 92' lang='lat' dir='ltr'>puerorum</span> <span class='ocrx_word' id='word_1_218' title='bbox 1249 3211 1515 3315; x_wconf 89' lang='lat' dir='ltr'>inhonestam,</span> <span class='ocrx_word' id='word_1_219' title='bbox 1532 3240 1634 3320; x_wconf 86' lang='lat' dir='ltr'>quos</span> 
     </span>
     <span class='ocr_line' id='line_1_26' title="bbox 215 3317 1634 3435; baseline 0.004 -33"><span class='ocrx_word' id='word_1_220' title='bbox 215 3322 406 3404; x_wconf 82' lang='lat' dir='ltr'>ostentare</span> <span class='ocrx_word' id='word_1_221' title='bbox 423 3347 635 3432; x_wconf 90' lang='lat' dir='ltr'>nequeunt.</span> <span class='ocrx_word' id='word_1_222' title='bbox 661 3321 855 3404; x_wconf 87' lang='lat' dir='ltr'>Cauteriis</span> <span class='ocrx_word' id='word_1_223' title='bbox 873 3317 1075 3403; x_wconf 88' lang='lat' dir='ltr'>inutilibus</span> <span class='ocrx_word' id='word_1_224' title='bbox 1098 3318 1272 3404; x_wconf 89' lang='lat' dir='ltr'>misellos</span> <span class='ocrx_word' id='word_1_225' title='bbox 1295 3321 1494 3435; x_wconf 86' lang='lat' dir='ltr'>affligunt,</span> <span class='ocrx_word' id='word_1_226' title='bbox 1512 3319 1634 3407; x_wconf 77' lang='lat' dir='ltr'>belle-</span> 
     </span>
     <span class='ocr_line' id='line_1_27' title="bbox 215 3431 1633 3548; baseline 0.001 -31"><span class='ocrx_word' id='word_1_227' title='bbox 215 3433 440 3544; x_wconf 89' lang='lat' dir='ltr'>quesecum</span> <span class='ocrx_word' id='word_1_228' title='bbox 462 3437 526 3548; x_wconf 88' lang='lat' dir='ltr'>agi</span> <span class='ocrx_word' id='word_1_229' title='bbox 546 3433 738 3540; x_wconf 88' lang='lat' dir='ltr'>credunt,</span> <span class='ocrx_word' id='word_1_230' title='bbox 770 3434 797 3516; x_wconf 91' lang='lat' dir='ltr'>si</span> <span class='ocrx_word' id='word_1_231' title='bbox 818 3431 868 3518; x_wconf 88' lang='lat' dir='ltr'>ad</span> <span class='ocrx_word' id='word_1_232' title='bbox 887 3461 995 3518; x_wconf 91' lang='lat' dir='ltr'>aures</span> <span class='ocrx_word' id='word_1_233' title='bbox 1020 3433 1186 3517; x_wconf 87' lang='lat' dir='ltr'>effluxus</span> <span class='ocrx_word' id='word_1_234' title='bbox 1211 3437 1361 3517; x_wconf 81' lang='lat' dir='ltr'>tannim</span> <span class='ocrx_word' id='word_1_235' title='bbox 1385 3435 1633 3548; x_wconf 89' lang='lat' dir='ltr'>perseveret,</span> 
     </span>
     <span class='ocr_line' id='line_1_28' title="bbox 214 3542 1632 3661; baseline 0.003 -35"><span class='ocrx_word' id='word_1_236' title='bbox 214 3542 407 3658; x_wconf 88' lang='lat' dir='ltr'>glandulis</span> <span class='ocrx_word' id='word_1_237' title='bbox 420 3545 843 3661; x_wconf 73' lang='lat' dir='ltr'>interebparotidibus,</span> <span class='ocrx_word' id='word_1_238' title='bbox 858 3543 1632 3660; x_wconf 71' lang='lat' dir='ltr'>axillaribus,occipitalibustumesaelis,</span> 
     </span>
     <span class='ocr_line' id='line_1_29' title="bbox 217 3655 1634 3775; baseline 0.001 -33"><span class='ocrx_word' id='word_1_239' title='bbox 217 3655 507 3773; x_wconf 81' lang='lat' dir='ltr'>quaeglaudnlae</span> <span class='ocrx_word' id='word_1_240' title='bbox 533 3658 780 3774; x_wconf 81' lang='lat' dir='ltr'>lymphatica</span> <span class='ocrx_word' id='word_1_241' title='bbox 802 3659 974 3771; x_wconf 90' lang='lat' dir='ltr'>quandiu</span> <span class='ocrx_word' id='word_1_242' title='bbox 996 3685 1058 3743; x_wconf 92' lang='lat' dir='ltr'>tur</span> <span class='ocrx_word' id='word_1_243' title='bbox 1086 3685 1153 3742; x_wconf 89' lang='lat' dir='ltr'>ent</span> <span class='ocrx_word' id='word_1_244' title='bbox 1166 3719 1181 3764; x_wconf 94' lang='lat'>,</span> <span class='ocrx_word' id='word_1_245' title='bbox 1202 3660 1307 3767; x_wconf 91' lang='lat' dir='ltr'>quasi</span> <span class='ocrx_word' id='word_1_246' title='bbox 1332 3687 1402 3775; x_wconf 88' lang='lat' dir='ltr'>per</span> <span class='ocrx_word' id='word_1_247' title='bbox 1428 3657 1634 3743; x_wconf 91' lang='lat' dir='ltr'>folliculos</span> 
     </span>
     <span class='ocr_line' id='line_1_30' title="bbox 216 3689 1635 3886; baseline 0.003 -34"><span class='ocrx_word' id='word_1_248' title='bbox 216 3775 313 3854; x_wconf 83' lang='lat' dir='ltr'>cutis</span> <span class='ocrx_word' id='word_1_249' title='bbox 334 3773 494 3855; x_wconf 88' lang='lat' dir='ltr'>humori</span> <span class='ocrx_word' id='word_1_250' title='bbox 513 3775 730 3886; x_wconf 87' lang='lat' dir='ltr'>paraverint</span> <span class='ocrx_word' id='word_1_251' title='bbox 749 3776 922 3876; x_wconf 86' lang='lat' dir='ltr'>exitum,</span> <span class='ocrx_word' id='word_1_252' title='bbox 947 3769 1031 3854; x_wconf 89' lang='lat' dir='ltr'>illas</span> <span class='ocrx_word' id='word_1_253' title='bbox 1053 3689 1183 3856; x_wconf 55' lang='lat' dir='ltr'>gnare</span> <span class='ocrx_word' id='word_1_254' title='bbox 1198 3778 1241 3854; x_wconf 76' lang='grc' dir='ltr'>δι</span> <span class='ocrx_word' id='word_1_255' title='bbox 1263 3797 1511 3885; x_wconf 89' lang='lat' dir='ltr'>repercutere</span> <span class='ocrx_word' id='word_1_256' title='bbox 1528 3772 1635 3858; x_wconf 90' lang='lat' dir='ltr'>foret</span> 
     </span>
     <span class='ocr_line' id='line_1_31' title="bbox 215 3882 1631 4000; baseline 0.001 -36"><span class='ocrx_word' id='word_1_257' title='bbox 215 3882 414 3998; x_wconf 72' lang='lat' dir='ltr'>piacidum</span> <span class='ocrx_word' id='word_1_258' title='bbox 428 3885 593 3998; x_wconf 87' lang='lat' dir='ltr'>ingens,</span> <span class='ocrx_word' id='word_1_259' title='bbox 608 3889 698 3966; x_wconf 81' lang='lat' dir='ltr'>clini</span> <span class='ocrx_word' id='word_1_260' title='bbox 715 3883 808 3968; x_wconf 77' lang='lat' dir='ltr'>inde</span> <span class='ocrx_word' id='word_1_261' title='bbox 827 3883 933 3968; x_wconf 79' lang='lat' dir='ltr'>certe</span> <span class='ocrx_word' id='word_1_262' title='bbox 952 3882 1263 3969; x_wconf 90' lang='lat' dir='ltr'>emolumentum</span> <span class='ocrx_word' id='word_1_263' title='bbox 1277 3887 1438 4000; x_wconf 93' lang='lat' dir='ltr'>corpori</span> <span class='ocrx_word' id='word_1_264' title='bbox 1452 3885 1631 3990; x_wconf 89' lang='lat' dir='ltr'>accedat,</span> 
     </span>
     <span class='ocr_line' id='line_1_32' title="bbox 214 3993 1631 4127; baseline 0.002 -49"><span class='ocrx_word' id='word_1_265' title='bbox 214 4023 329 4106; x_wconf 87' lang='lat' dir='ltr'>atque</span> <span class='ocrx_word' id='word_1_266' title='bbox 350 4000 580 4083; x_wconf 89' lang='lat' dir='ltr'>intemerata</span> <span class='ocrx_word' id='word_1_267' title='bbox 599 3996 811 4082; x_wconf 87' lang='lat' dir='ltr'>salubritas.</span> <span class='ocrx_word' id='word_1_268' title='bbox 841 3997 1051 4081; x_wconf 90' lang='lat' dir='ltr'>Horumce</span> <span class='ocrx_word' id='word_1_269' title='bbox 1082 4023 1285 4096; x_wconf 85' lang='lat' dir='ltr'>tumorum</span> <span class='ocrx_word' id='word_1_270' title='bbox 1309 4021 1427 4127; x_wconf 76' lang='lat' dir='ltr'>atque</span> <span class='ocrx_word' id='word_1_271' title='bbox 1452 3993 1631 4080; x_wconf 89' lang='lat' dir='ltr'>ulcerum</span> 
     </span>
     <span class='ocr_line' id='line_1_33' title="bbox 213 4106 1631 4224; baseline 0.005 -34"><span class='ocrx_word' id='word_1_272' title='bbox 213 4109 449 4224; x_wconf 90' lang='lat' dir='ltr'>simplicium</span> <span class='ocrx_word' id='word_1_273' title='bbox 481 4106 557 4194; x_wconf 89' lang='lat' dir='ltr'>alia</span> <span class='ocrx_word' id='word_1_274' title='bbox 586 4141 680 4194; x_wconf 90' lang='lat' dir='ltr'>cum</span> <span class='ocrx_word' id='word_1_275' title='bbox 715 4109 865 4224; x_wconf 89' lang='lat' dir='ltr'>pruritu</span> <span class='ocrx_word' id='word_1_276' title='bbox 898 4113 1051 4196; x_wconf 90' lang='lat' dir='ltr'>enormi</span> <span class='ocrx_word' id='word_1_277' title='bbox 1079 4112 1204 4215; x_wconf 88' lang='lat' dir='ltr'>fiunt,</span> <span class='ocrx_word' id='word_1_278' title='bbox 1231 4108 1335 4192; x_wconf 72' lang='lat' dir='ltr'>unde</span> <span class='ocrx_word' id='word_1_279' title='bbox 1366 4108 1631 4221; x_wconf 77' lang='lat' dir='ltr'>imprudentes</span> 
     </span>
     <span class='ocr_line' id='line_1_34' title="bbox 214 4218 1630 4338; baseline 0.001 -33"><span class='ocrx_word' id='word_1_280' title='bbox 214 4221 290 4306; x_wconf 88' lang='lat' dir='ltr'>sese</span> <span class='ocrx_word' id='word_1_281' title='bbox 304 4225 417 4338; x_wconf 89' lang='lat' dir='ltr'>pueri</span> <span class='ocrx_word' id='word_1_282' title='bbox 436 4249 659 4332; x_wconf 90' lang='lat' dir='ltr'>cruentant,</span> <span class='ocrx_word' id='word_1_283' title='bbox 675 4233 717 4308; x_wconf 75' lang='grc' dir='ltr'>δι</span> <span class='ocrx_word' id='word_1_284' title='bbox 732 4221 887 4307; x_wconf 87' lang='lat' dir='ltr'>foedum</span> <span class='ocrx_word' id='word_1_285' title='bbox 901 4225 1072 4306; x_wconf 87' lang='lat' dir='ltr'>offerunt</span> <span class='ocrx_word' id='word_1_286' title='bbox 1084 4218 1363 4335; x_wconf 69' lang='lat' dir='ltr'>spedaciilum,</span> <span class='ocrx_word' id='word_1_287' title='bbox 1376 4224 1443 4304; x_wconf 88' lang='lat' dir='ltr'>vix</span> <span class='ocrx_word' id='word_1_288' title='bbox 1456 4219 1630 4306; x_wconf 89' lang='lat' dir='ltr'>toleran-</span> 
     </span>
     <span class='ocr_line' id='line_1_35' title="bbox 215 4329 1632 4438; baseline 0.003 -22"><span class='ocrx_word' id='word_1_289' title='bbox 215 4334 307 4418; x_wconf 89' lang='lat' dir='ltr'>dum</span> <span class='ocrx_word' id='word_1_290' title='bbox 327 4331 539 4435; x_wconf 83' lang='lat' dir='ltr'>matribus3</span> <span class='ocrx_word' id='word_1_291' title='bbox 560 4335 635 4420; x_wconf 87' lang='lat' dir='ltr'>alia</span> <span class='ocrx_word' id='word_1_292' title='bbox 651 4338 730 4422; x_wconf 88' lang='lat' dir='ltr'>sine</span> <span class='ocrx_word' id='word_1_293' title='bbox 777 4339 910 4420; x_wconf 88' lang='lat' dir='ltr'>ruritu.</span> <span class='ocrx_word' id='word_1_294' title='bbox 937 4337 984 4418; x_wconf 90' lang='lat' dir='ltr'>In</span> <span class='ocrx_word' id='word_1_295' title='bbox 997 4337 1057 4417; x_wconf 92' lang='lat' dir='ltr'>his</span> <span class='ocrx_word' id='word_1_296' title='bbox 1078 4333 1223 4416; x_wconf 88' lang='lat' dir='ltr'>acredo</span> <span class='ocrx_word' id='word_1_297' title='bbox 1240 4329 1347 4414; x_wconf 90' lang='lat' dir='ltr'>nulla</span> <span class='ocrx_word' id='word_1_298' title='bbox 1367 4359 1548 4419; x_wconf 86' lang='lat' dir='ltr'>extranea</span> <span class='ocrx_word' id='word_1_299' title='bbox 1562 4367 1574 4438; x_wconf 84' lang='lat'>3</span> <span class='ocrx_word' id='word_1_300' title='bbox 1590 4339 1632 4420; x_wconf 90' lang='lat' dir='ltr'>iii</span> 
     </span>
     <span class='ocr_line' id='line_1_36' title="bbox 214 4443 1630 4561; baseline 0.002 -31"><span class='ocrx_word' id='word_1_301' title='bbox 214 4443 318 4553; x_wconf 84' lang='lat' dir='ltr'>illis,</span> <span class='ocrx_word' id='word_1_302' title='bbox 337 4445 405 4533; x_wconf 93' lang='lat' dir='ltr'>vel</span> <span class='ocrx_word' id='word_1_303' title='bbox 428 4445 451 4530; x_wconf 74' lang='lat' dir='ltr'>a</span> <span class='ocrx_word' id='word_1_304' title='bbox 469 4452 647 4554; x_wconf 86' lang='lat' dir='ltr'>nutrice,</span> <span class='ocrx_word' id='word_1_305' title='bbox 673 4447 738 4534; x_wconf 91' lang='lat' dir='ltr'>vel</span> <span class='ocrx_word' id='word_1_306' title='bbox 752 4479 773 4530; x_wconf 91' lang='lat' dir='ltr'>a</span> <span class='ocrx_word' id='word_1_307' title='bbox 789 4474 912 4531; x_wconf 89' lang='lat' dir='ltr'>matre</span> <span class='ocrx_word' id='word_1_308' title='bbox 932 4450 1165 4531; x_wconf 74' lang='lat' dir='ltr'>caratlerem</span> <span class='ocrx_word' id='word_1_309' title='bbox 1184 4473 1314 4530; x_wconf 87' lang='lat' dir='ltr'>acrem</span> <span class='ocrx_word' id='word_1_310' title='bbox 1335 4447 1630 4561; x_wconf 72' lang='lat' dir='ltr'>insumpserunt.</span> 
     </span>
     <span class='ocr_line' id='line_1_37' title="bbox 214 4555 1630 4668; baseline 0.004 -29"><span class='ocrx_word' id='word_1_311' title='bbox 214 4555 346 4643; x_wconf 88' lang='lat' dir='ltr'>Pueris</span> <span class='ocrx_word' id='word_1_312' title='bbox 362 4556 431 4646; x_wconf 91' lang='lat' dir='ltr'>vel</span> <span class='ocrx_word' id='word_1_313' title='bbox 450 4557 771 4668; x_wconf 58' lang='lat' dir='ltr'>labentibusvel</span> <span class='ocrx_word' id='word_1_314' title='bbox 791 4587 926 4644; x_wconf 84' lang='lat' dir='ltr'>recens</span> <span class='ocrx_word' id='word_1_315' title='bbox 941 4557 1137 4644; x_wconf 68' lang='lat' dir='ltr'>abladatis</span> <span class='ocrx_word' id='word_1_316' title='bbox 1155 4558 1352 4644; x_wconf 89' lang='lat' dir='ltr'>accedunt</span> <span class='ocrx_word' id='word_1_317' title='bbox 1369 4558 1427 4642; x_wconf 95' lang='lat' dir='ltr'>illi</span> <span class='ocrx_word' id='word_1_318' title='bbox 1443 4561 1601 4645; x_wconf 70' lang='lat' dir='ltr'>affectus</span> <span class='ocrx_word' id='word_1_319' title='bbox 1618 4595 1630 4664; x_wconf 91' lang='lat'>;</span> 
     </span>
     <span class='ocr_line' id='line_1_38' title="bbox 216 4669 1629 4788; baseline 0.004 -36"><span class='ocrx_word' id='word_1_320' title='bbox 216 4698 306 4752; x_wconf 90' lang='lat' dir='ltr'>nam</span> <span class='ocrx_word' id='word_1_321' title='bbox 318 4673 442 4784; x_wconf 90' lang='lat' dir='ltr'>ipsum</span> <span class='ocrx_word' id='word_1_322' title='bbox 451 4670 718 4760; x_wconf 73' lang='lat' dir='ltr'>ablactationis</span> <span class='ocrx_word' id='word_1_323' title='bbox 729 4701 880 4788; x_wconf 90' lang='lat' dir='ltr'>tenipus</span> <span class='ocrx_word' id='word_1_324' title='bbox 893 4669 1059 4787; x_wconf 79' lang='lat' dir='ltr'>lympha</span> <span class='ocrx_word' id='word_1_325' title='bbox 1072 4701 1217 4781; x_wconf 83' lang='lat' dir='ltr'>novam</span> <span class='ocrx_word' id='word_1_326' title='bbox 1232 4671 1409 4757; x_wconf 91' lang='lat' dir='ltr'>indolem</span> <span class='ocrx_word' id='word_1_327' title='bbox 1420 4676 1629 4788; x_wconf 89' lang='lat' dir='ltr'>imprimit:</span> 
     </span>
     <span class='ocr_line' id='line_1_39' title="bbox 216 4781 1631 4901; baseline 0.003 -37"><span class='ocrx_word' id='word_1_328' title='bbox 216 4781 423 4872; x_wconf 88' lang='lat' dir='ltr'>infeliciter</span> <span class='ocrx_word' id='word_1_329' title='bbox 437 4787 619 4895; x_wconf 88' lang='lat' dir='ltr'>quidem,</span> <span class='ocrx_word' id='word_1_330' title='bbox 638 4786 934 4901; x_wconf 82' lang='lat' dir='ltr'>liquaelymphae</span> <span class='ocrx_word' id='word_1_331' title='bbox 947 4785 1139 4870; x_wconf 84' lang='lat' dir='ltr'>inditur&amp;</span> <span class='ocrx_word' id='word_1_332' title='bbox 1151 4785 1349 4871; x_wconf 91' lang='lat' dir='ltr'>inducitur</span> <span class='ocrx_word' id='word_1_333' title='bbox 1358 4787 1471 4870; x_wconf 89' lang='lat' dir='ltr'>erasis</span> <span class='ocrx_word' id='word_1_334' title='bbox 1484 4785 1631 4900; x_wconf 85' lang='lat' dir='ltr'>spissior</span> 
     </span>
     <span class='ocr_line' id='line_1_40' title="bbox 216 4895 1632 5016; baseline -0.001 -34"><span class='ocrx_word' id='word_1_335' title='bbox 216 4895 477 5014; x_wconf 76' lang='lat' dir='ltr'>iiiglandulas</span> <span class='ocrx_word' id='word_1_336' title='bbox 491 4895 746 5016; x_wconf 83' lang='lat' dir='ltr'>lymphaticas</span> <span class='ocrx_word' id='word_1_337' title='bbox 759 4900 839 4988; x_wconf 89' lang='lat' dir='ltr'>sese</span> <span class='ocrx_word' id='word_1_338' title='bbox 858 4899 1052 5016; x_wconf 88' lang='lat' dir='ltr'>deponat,</span> <span class='ocrx_word' id='word_1_339' title='bbox 1077 4896 1254 5016; x_wconf 72' lang='lat' dir='ltr'>negleeli</span> <span class='ocrx_word' id='word_1_340' title='bbox 1268 4927 1384 5001; x_wconf 86' lang='lat' dir='ltr'>cute;</span> <span class='ocrx_word' id='word_1_341' title='bbox 1399 4898 1632 4985; x_wconf 85' lang='lat' dir='ltr'>intumescet</span> 
     </span>
    </p>
   </div>
   <div class='ocr_carea' id='block_1_4' title="bbox 0 0 2128 5892">
    <p class='ocr_par' dir='ltr' id='par_1_5' title="bbox 0 0 2128 5892">
     <span class='ocr_line' id='line_1_41' title="bbox 0 0 2128 5892; baseline 0 0"><span class='ocrx_word' id='word_1_342' title='bbox 0 0 2128 5892; x_wconf 95' lang='lat' dir='ltr'> </span> 
     </span>
    </p>
   </div>
  </div>
 </body>
</html>
