4246 5900
550 400 1286 496 ¹raurobaccio.
1584 441 1638 520 μ

201 566 397 688 praecipue
426 567 454 654 sr
477 565 638 655 modici
665 567 749 654 dost
777 571 1012 686 accipiatur,
1031 567 1225 658 affesiansi
1250 567 1321 656 Sal
1339 566 1410 656 ille
1430 595 1517 657 cam
1542 601 1637 660 cum

202 711 376 800 corpore
401 685 579 767 humano
598 707 716 792 atque
743 679 900 767 animali
934 683 1061 768 servat
1082 681 1333 796 analogiam,
1360 710 1404 770 ut
1422 687 1636 799 reperiatur

202 801 245 880 in
272 799 455 882 omnium
486 785 570 882 fere
601 792 828 878 animalium
861 793 1044 880 carnibus
1076 825 1160 906 quc
1185 796 1232 880 ad
1265 795 1487 880 mensarum
1522 798 1637 884 usum

203 908 416 994 servantur.
431 905 717 1012 veremur
740 904 821 1014 ejus
841 906 931 990 usus
954 907 1059 992 utilis
1082 909 1149 1015 stt,
1206 911 1302 993 otest
1325 934 1457 994 tamen
1477 913 1636 995 excelsu

196 1040 378 1126 cocere,
402 1030 447 1106 ἃ
472 1020 766 1105 ss'confidimua
791 1023 1070 1134 experimentis
1094 1021 1149 1106 D.
1174 937 1334 1166 irinple
1364 1031 1407 1107 dt
1435 1027 1639 1109 variorumw

203 1139 520 1248 nuperrimorum
540 1132 591 1218 de
615 1133 899 1246 putrefaiiione
919 1138 1144 1242 sueborum,
1166 1163 1284 1246 parca
1300 1134 1382 1216 dosr
1403 1163 1539 1220 carnes
1563 1136 1638 1220 eli-

203 1273 324 1360 quat,
347 1245 527 1330 fibrarum
547 1273 739 1331 umonem
764 1254 806 1330 bt
838 1250 1010 1330 nativam
1037 1242 1501 1356 adhasronem‘emollit,
1530 1248 1637 1334 unde
1693 1333 1697 1338 .

201 1361 480 1476 putresaiiioni
504 1358 612 1443 favet
624 1420 639 1464 ,
671 1389 789 1470 quam
816 1359 1001 1474 praepedit
1022 1356 1093 1442 ubi
1121 1357 1341 1443 adhibitum
1360 1363 1413 1444 est
1431 1360 1545 1477 copii
1559 1363 1638 1474 qui

203 1499 335 1587 partes
356 1475 398 1554 in
423 1471 463 1554 se
489 1473 662 1556 invicem
690 1493 850 1585 reagere
868 1472 1076 1587 praepediat
1103 1481 1146 1557 dt
1170 1474 1484 1588 superemineat,
1499 1479 1539 1558 in
1555 1501 1638 1586 quo

202 1585 304 1670 mire
331 1583 529 1668 consentit
557 1581 814 1692 observatio,
848 1591 941 1669 'ciun
964 1599 1106 1670 eoruim
1137 1585 1362 1670 animalium
1391 1611 1527 1671 carnes
1551 1615 1637 1697 quat

208 1700 385 1812 gramina
402 1701 506 1780 mari·
521 1695 732 1808 aliquando
758 1725 900 1812 operta
919 1699 1177 1813 depascuntur
1193 1761 1207 1806 ,
1230 1697 1502 1813 &sapidiores
1528 1701 1602 1784 srnt
1621 1760 1639 1807 ,

210 1819 252 1895 δι
290 1813 506 1894 teneriores
550 1815 801 1926 reperiantur.
848 1810 927 1895 Ubi
968 1815 1066 1896 verb
1099 1813 1255 1896 excessu
1283 1815 1481 1918 ‘nocuit,
1529 1813 1638 1897 certe

205 1923 326 2036 ipsam
346 1923 820 2039 perspirationemsalsam
832 1986 847 2031 ,
877 1933 1071 2016 &acrem
1099 1927 1259 2010 efficere
1282 1919 1425 2032 debet,
1448 1927 1638 2040 pruritus-

208 2065 284 2148 que
301 2041 506 2120 concitare
522 2034 544 2120 *a
558 2035 699 2146 quibus
720 2035 829 2122 brevi
853 2041 947 2122 oriri
972 2038 1118 2124 debent
1138 2036 1305 2154 pustula.
1324 2040 1414 2120 Imb
1432 2042 1568 2121 audior
1583 2042 1636 2124 est

211 2153 275 2260 qui
303 2149 503 2261 crystallos
522 2148 659 2234 salinas
683 2149 733 2234 ad
754 2178 888 2236 cutem
913 2155 1063 2235 narium
1091 2178 1222 2237 enatas
1245 2153 1381 2237 vidisse
1400 2151 1439 2234 se
1464 2153 1634 2235 testetur.

207 2261 283 2346 His
301 2263 422 2378 pedes
444 2259 690 2374 resolvuntur
700 2324 715 2369 ,
731 2268 898 2378 pruritus
918 2269 1097 2350 oriuntur
1112 2275 1153 2349 dt
1167 2290 1305 2350 carnes
1324 2261 1546 2376 eliquantur
1560 2265 1585 2371 ,'
1598 2289 1638 2349 at

213 2379 276 2460 vix
301 2373 384 2456 nlla
407 2375 456 2458 ad
484 2401 617 2460 cutem
640 2375 847 2491 peculiaris
868 2378 1061 2468 enascitur
1081 2381 1250 2492 eruptio
1304 2435 1308 2444 ·
1360 2409 1363 2423 ·
1475 2376 1479 2384 ’
1517 2375 1521 2384 ’

264 2488 363 2578 Non
380 2487 489 2572 idem
509 2488 753 2574 sentiendum
776 2489 826 2573 de
845 2490 971 2574 mutii
991 2497 1100 2601 qua,
1122 2495 1299 2602 quamvis
1314 2490 1364 2608 de
1387 2488 1466 2576 sale
1484 2493 1638 2588 marino

215 2625 295 2684 rota
321 2603 471 2686 constet
484 2663 499 2706 ,
527 2627 661 2686 tamen
688 2631 839 2684 novum
866 2601 1029 2713 aliquod
1058 2601 1303 2689 connubium
1325 2603 1436 2707 iniit,
1457 2602 1523 2687 vel
1539 2633 1633 2686 cunr

211 2713 514 2798 attenuatissrmis
536 2712 764 2797 animalium
790 2713 919 2820 oleis,
953 2714 1019 2798 vel
1049 2745 1142 2797 cum
1172 2714 1300 2824 aliqui
1326 2712 1440 2798 alcali
1461 2714 1636 2800 volatilis

211 2851 343 2940 parte:
369 2826 475 2912 certi
493 2822 657 2912 volatile
686 2827 844 2938 quid&
864 2826 1149 2911 ammoniacale
1175 2827 1314 2941 adepta
1336 2829 1415 2926 est;
1434 2825 1539 2909 unde
1563 2856 1641 2941 pu-

201 2940 481 3025 nefaffionem
502 2937 631 3045 subit‘,
652 2947 695 3024 bc
719 2943 862 3050 mixtus
885 2938 1048 3047 saltum
1073 2939 1286 3028 substantiis
1305 2931 1637 3054 putrescentibus,

212 3050 354 3165 magni
387 3053 446 3139 sui
483 3079 590 3167 parte
630 3055 742 3165 perit.
778 3051 923 3138 Talem
956 3052 1072 3138 nobis
1107 3053 1280 3169 prestant
1310 3049 1564 3158 animalium,
1594 3061 1637 3138 dt

209 3166 417 3279 prasertim
472 3166 610 3250 iscium
636 3195 772 3252 carnes
799 3166 914 3252 fumo
948 3161 1105 3278 saleque
1137 3167 1320 3278 indurata
1349 3195 1432 3276 quae
1448 3273 1452 3282 .
1466 3163 1514 3247 ab
1541 3164 1637 3249 oleo

210 3275 404 3394 praecipue
435 3196 626 3363 simmam
658 3279 884 3393 concepsre
923 3281 1145 3364 acredinem
1161 3313 1176 3380 ς
1204 3284 1262 3362 bae
1290 3280 1397 3363 enim
1422 3277 1525 3361 rede
1552 3305 1636 3361 me-

211 3393 367 3502 ritoque
396 3395 497 3474 inter
519 3393 650 3476 causas
674 3392 907 3476 morborum
982 3394 1183 3477 ffimorum
1211 3415 1469 3478 cutaneorum
1497 3417 1639 3474 recen-

212 3503 371 3609 sentur,
395 3501 519 3614 qualis
546 3508 598 3588 est
616 3505 898 3619 elephantiasis.
968 3537 1030 3590 am
1057 3502 1165 3617 quod
1187 3497 1641 3588 scorbutummuriatica

212 3643 291 3702 nec
312 3644 499 3702 renovata
524 3615 708 3702 alimenta
718 3629 967 3731 «procreent,
992 3619 1034 3702 id
1056 3617 1134 3724 jam
1159 3645 1242 3700 non
1267 3611 1513 3702 esle2veritati
1538 3621 1641 3700 obn-

216 3727 355 3813 sonum
386 3727 624 3844 experientia
645 3731 793 3813 tardior
821 3723 1131 3821 demonstravit.¹
1321 3787 1341 3843 3
1379 3757 1384 3774 ’
1517 3755 1534 3809 '.
1588 3752 1620 3802 ’τ

271 3841 384 3954 Quid
409 3839 486 3948 jam
517 3841 567 3928 de
593 3841 786 3928 alimentis
816 3845 864 3927 ad
893 3843 1020 4042 along
1038 3842 1202 3929 volatile
1221 3841 1474 3942 'tendentibus
1490 3843 1640 3952 loqua-

215 3985 333 4063 mur,
353 3952 494 4066 quibus
522 3954 614 4040 solis
651 3960 772 4040 vitam
797 3957 978 4042 sustentat
1032 3964 1188 4073 prors'irs
1215 3952 1547 4071 irnpossrb'ileesb,
1572 3953 1642 4036 nist

216 4069 266 4152 ad
289 4072 370 4152 hoc
394 4095 517 4180 genus
541 4068 757 4174 accedant,
778 4101 860 4180 quae
888 4069 1085 4181 Lybicis,
1108 4081 1150 4155 ὃ(
1183 4067 1414 4178 quibusdam
1436 4063 1644 4181 AEthiopi·

216 4179 288 4265 bus
316 4180 525 4264 familiares
558 4181 675 4288 sunt,
711 4179 957 4266 locustarum
979 4185 1102 4289 esus,
1136 4181 1276 4293 quibus
1310 4180 1434 4292 usum·
1453 4175 1647 4318 praecipue

218 4293 330 4378 aiunt
346 4295 533 4377 Saniium
554 4295 749 4402 loannem
763 4295 968 4410 Baptistam
979 4359 991 4400 ,
1010 4291 1247 4404 quamquam
1264 4291 1328 4376 alii
1342 4291 1651 4397 inelibsoaprdac
1698 4320 1702 4326 ·

219 4400 516 4522 interpretentur
542 4405 713 4491 tenellos
739 4406 924 4517 arborum
939 4399 1131 4518 surculos
1166 4405 1270 4514 His,
1289 4408 1401 4489 restes
1415 4403 1648 4489 Mercuriali

199 4568 203 4576 ·
222 4519 441 4631 gravissimo
467 4524 628 4605 auctore
648 4510 731 4634 po'st
749 4509 924 4603 Diodori
942 4516 1069 4602 Siculi
1092 4507 1380 4624 testinionium,
1403 4521 1484 4602 nita
1505 4515 1648 4600 neuls-

221 4633 313 4714 srma
345 4633 400 4722 ad
423 4634 756 4746 quadragesimum
790 4651 936 4716 annum
972 4637 1199 4717 terminatur
1212 4697 1227 4742 ‚
1264 4641 1305 4717 bt
1333 4627 1591 4734 dracunculi,
1619 4629 1648 4712 st

192 4743 383 4846 ,credere
402 4747 460 4829 fas
487 4749 568 4851 cst,
591 4746 799 4856 nascuntur
822 4750 864 4830 in
896 4745 1113 4844 cruribus·
1179 4769 1186 4781 '
1238 4767 1242 4774 ’
1358 4775 1362 4781 ·

275 4857 428 4946 verum
454 4857 871 4962 cumbremare
903 4857 1103 4974 assumptis
1139 4856 1351 4942 substantiis
1366 4849 1524 5050 ,Fnihil
1552 4847 1651 4934 mihi
