4246 5900
566 423 1293 580 rur’rtouucrro⁴
1589 499 1639 583 25
1728 417 1733 424 ’

206 625 328 717 fuerit
341 629 492 716 animus
506 695 520 737 ,
536 628 700 716 haerebis
713 657 857 746 anceps
871 655 996 741 eaque
1013 632 1164 716 tanthnt
1179 627 1471 747 deprehendes,
1488 629 1641 721 scilicet

206 743 290 831 levi
312 754 354 831 dt
374 744 526 856 ,obtuso
552 743 744 830 concuffu
766 742 976 862 presertim
1001 739 1269 828 titillationem
1288 749 1512 852 concitari,
1542 743 1638 854 ejus-

208 879 290 969 que
307 859 439 945 sedem
462 861 699 1054 praecipuam
722 857 771 942 iis
785 859 972 944 inhaerere
993 853 1166 972 partibus
1189 886 1283 968 quas
1299 855 1348 942 ab
1365 859 1533 945 occursu
1549 891 1645 946 cors

206 999 356 1088 porum
380 975 560 1060 tenuium
600 970 664 1057 ese
685 971 878 1076 insinuare
904 973 1008 1056 intits
1030 967 1246 1056 valentium
1267 972 1486 1062 admonitas
1509 971 1640 1060 voluit
1701 983 1705 990 ’

209 1111 370 1171 creator
390 1089 668 1200 omnipotens3
681 1087 873 1200 pruritum
894 1085 992 1170 verb
1010 1082 1059 1168 ad
1080 1080 1251 1168 leviores
1275 1088 1468 1200 pertinere
1488 1087 1641 1174 inflam-

208 1203 442 1308 mationes,
470 1199 692 1308 cellareque
714 1225 760 1282 ac
784 1201 942 1311 prorshs
963 1197 1135 1284 destricte
1155 1194 1270 1282 illum
1296 1199 1324 1280 st
1346 1226 1518 1286 vertatur
1543 1201 1641 1314 Ery-

209 1311 355 1426 fipelas
383 1315 425 1395 in
451 1309 694 1424 Phlegrnona
719 1309 830 1421 quod
853 1317 895 1396 st
914 1308 1064 1426 scalptu
1086 1333 1239 1396 tentant
1264 1310 1423 1400 efficere
1455 1317 1523 1426 qui
1556 1344 1642 1426 gra·

209 1427 374 1509 uiorem
397 1425 743 1509 inflammationem
769 1452 843 1558 pro
858 1427 985 1510 atroci
999 1423 1167 1539 pruritiss
1185 1421 1297 1507 sensu
1317 1424 1538 1538 unguibus,
1556 1429 1646 1510 iei-

210 1531 293 1620 bus
329 1545 370 1622 dt
405 1539 632 1622 vehementi
665 1560 871 1622 concitato
905 1535 1049 1623 dolore
1095 1535 1248 1624 student
1278 1539 1499 1626 immutare.
1534 1537 1645 1625 Timr

211 1649 313 1734 verb
329 1649 448 1736 etiam
461 1650 550 1732 satis
573 1647 808 1762 intelligitur
831 1647 968 1766 quod,
981 1651 1051 1736 etst
1065 1648 1113 1734 ad
1128 1653 1309 1735 omnium
1333 1652 1553 1735 viventium
1573 1654 1647 1736 ho-

217 1764 370 1846 minum
401 1767 526 1847 cutim
546 1763 677 1849 sensus
700 1761 759 1847 illi
777 1767 1028 1880 pertineant,
1059 1789 1297 1848 nontamen
1331 1791 1470 1850 omnes
1500 1763 1648 1850 eodem

223 1873 344 1988 gradu
364 1875 586 1960 afficiantur
599 1938 615 1984 ,
639 1875 708 1961 sed
733 1881 886 1962 eutium
917 1905 1041 1992 genus
1075 1873 1176 1962 illud
1202 1875 1312 1989 quod
1335 1873 1544 1984 bnaturb,
1579 1903 1648 1962 aut

221 1985 313 2071 casu
332 1997 591 2104 quocumque
612 1991 736 2108 magis
754 1990 915 2080 'tensum
934 1992 988 2076 cst
998 2051 1014 2104 ,
1040 1992 1164 2107 magis
1188 1996 1308 2078 etiam
1328 1987 1406 2077 illis
1424 1988 1648 2080 obnoxium

221 2101 312 2186 else.
1514 2177 1519 2186 .

295 2215 397 2300 Inest
427 2215 535 2302 enim
566 2220 649 2304 cuti
671 2219 790 2308 etiam
819 2218 915 2304 laxat
941 2218 1067 2304 tensto
1092 2216 1268 2348 quadam
1293 2248 1343 2305 ex
1370 2220 1560 2304 struslurae
1583 2243 1652 2302 ne-

225 2328 422 2438 cessitate,
457 2361 543 2444 quae
565 2333 696 2417 minor
716 2338 758 2419 in
779 2333 1004 2440 cadavere,
1040 2361 1166 2439 maror
1195 2330 1325 2418 multb
1339 2335 1399 2430 ‚est
1429 2335 1470 2416 in
1501 2331 1652 2418 viventi

227 2470 407 2556 corpore.
431 2444 531 2528 Haec
555 2447 614 2530 'vis
635 2449 687 2530 est
702 2455 744 2532 st
769 2448 913 2532 dicitur
929 2437 1114 2546 Toniciu
1141 2445 1343 2532 scilicetsr
1373 2451 1498 2530 cutim
1518 2448 1651 2529 vivam

233 2554 401 2663 reseces,
419 2559 503 2642 hiat
516 2555 584 2642 illa
603 2560 939 2674 praetermodum,
955 2564 996 2643 δι
1016 2563 1218 2672 utrimque
1235 2557 1400 2644 discedit
1415 2555 1599 2669 tanqubm
1612 2559 1655 2642 in

231 2669 315 2751 auu
339 2667 517 2778 elaterii,
539 2674 664 2784 magis
689 2677 730 2756 in
745 2669 888 2778 juvene
907 2669 1026 2781 quim
1045 2677 1088 2755 in
1107 2673 1227 2778 sene,
1245 2676 1394 2756 incute
1412 2669 1518 2755 aridai
1535 2668 1655 2781 qubm

228 2780 271 2864 in
286 2777 378 2864 laxi
386 2843 401 2890 ,
419 2785 459 2866 in
473 2781 715 2869 inflammarb
736 2780 855 2896 quiam
871 2786 914 2868 in
926 2779 1027 2867 sani.
1045 2783 1288 2866 Strusluram
1311 2780 1420 2866 illam
1447 2786 1548 2866 cutis
1570 2782 1656 2866 evi-

230 2892 370 2978 denter
382 2895 650 3011 deprehendes
671 2897 712 2982 in
726 2895 950 3012 rigoribus,
965 2897 1157 3003 horrore,
1173 2893 1349 3010 frigore,
1391 2892 1658 3006 raesertimque

234 3003 391 3115 febrili,
408 3012 452 3092 in
471 3013 591 3095 animi
610 3009 823 3096 affectibus.
845 3010 953 3096 Rem
977 3007 1120 3096 oculus
1138 3007 1327 3124 aspiciet,
1350 2927 1444 3124 ‹llm
1467 3010 1567 3093 irato
1582 3035 1659 3092 nee

229 3115 362 3204 vultus
384 3149 462 3206 nec
484 3121 602 3208 color
624 3155 724 3210 unus
744 3149 940 3231 remanet,
965 3123 1050 3207 imb
1074 3129 1117 3208 bt
1140 3122 1250 3234 quod
1267 3119 1457 3206 familiare
1469 3125 1523 3206 est
1535 3119 1658 3206 brutis

231 3233 448 3349 panniculo
471 3235 730 3350 gaudentibus
763 3237 958 3343 carnoso,
979 3235 1088 3343 vidi,
1113 3235 1225 3349 quod
1251 3260 1378 3350 poeta
1405 3233 1658 3343 describunt,

234 3345 344 3458 quod
360 3351 449 3434 rarb
466 3353 507 3432 in
527 3348 754 3436 hominibus
768 3348 1063 3465 deprehendere
1075 3350 1129 3432 est
1140 3410 1154 3454 ‚
1178 3351 1297 3432 hirtas
1322 3355 1364 3434 δι
1384 3351 1547 3432 arreslas
1562 3351 1659 3430 hor-

233 3487 324 3546 rore
337 3490 487 3548 comas.
500 3461 632 3550 Potest
642 3467 875 3579 ergo,e'tiam
884 3464 963 3548 fine
973 3459 1282 3548 musculorumo
1311 3489 1443 3572 equos
1456 3458 1512 3544 ibi
1526 3457 1660 3544 nullos

236 3577 407 3689 reperire
429 3575 571 3692 posse,
595 3581 698 3663 cutis
712 3579 950 3692 constringi,
970 3577 1189 3683 comuni,
1217 3491 1315 3658 inse
1333 3574 1456 3701 ipsam
1482 3571 1659 3680 adduci,
1692 3607 1700 3616 ·

238 3695 280 3770 &c
294 3689 399 3798 quast
418 3693 459 3772 in
473 3693 642 3776 stridurn
659 3695 857 3776 immutari
869 3691 1038 3775 corium.
1052 3688 1182 3799 Quod
1195 3717 1289 3774 cum
1303 3689 1420 3804 poffit
1433 3690 1475 3770 in
1487 3683 1665 3802 pluribus

219 3805 415 3890 cutoneis
444 3802 595 3888 morbis
621 3808 854 3918 contingere
866 3863 881 3911 ,
911 3801 1180 3904 annotandum
1209 3805 1276 3888 hic
1309 3800 1473 3894 credidi.
1499 3799 1665 3888 Constet

240 3911 463 4000 observatio
475 3975 490 4022 ,
513 3915 563 4002 de
584 3915 845 4002 theoribcum
859 3914 958 4000 nihil
970 3913 1183 4002 habeamus
1206 3918 1324 4022 certi,
1337 3917 1403 3998 hic
1416 3911 1666 4028 supersedere

239 4023 378 4116 licebit
413 4057 497 4140 quat
522 4027 656 4116 frustrs
680 4060 823 4117 vacuas
854 4055 1005 4116 mentes
1031 4027 1238 4119 distinetet.
1268 4023 1436 4113 Scilicet
1458 4055 1509 4108 an
1534 4021 1602 4109 illa
1622 4029 1664 4110 vi

242 4137 351 4224 insiti
365 4139 488 4226 laxari
505 4139 545 4228 se
563 4169 681 4255 atque
705 4146 917 4258 constringi
933 4145 1056 4232 finatl
1076 4145 1142 4226 An
1160 4142 1376 4259 proprietas
1400 4135 1469 4220 illa
1492 4135 1664 4225 imulti·

243 4249 412 4370 plicibus
429 4255 611 4344 vasorum
621 4265 755 4363 ,nunc
770 4255 1054 4362 laxandorum,
1070 4285 1177 4340 minc
1189 4233 1502 4364 stringendorsrm
1519 4257 1666 4338 tunicis

245 4366 438 4481 pendeat,
459 4397 544 4480 quae
573 4369 715 4458 tunicae
739 4367 1041 4462 elaterio'stmul
1058 4375 1102 4450 δι
1125 4371 1168 4451 vi
1196 4362 1420 4452 musculosi
1450 4367 1669 4452 eminenter

251 4480 451 4589 gaudenti
473 4482 574 4570 Usus
591 4481 698 4574 certe
713 4511 783 4598 per
805 4507 931 4567 totam
954 4482 1080 4565 cutim
1099 4479 1272 4595 expensa
1296 4484 1550 4596 proprietatis,
1561 4479 1669 4565 illius

251 4590 421 4682 summus
452 4598 533 4686 est:
557 4594 709 4682 scilicet
728 4615 876 4708 magne
909 4596 963 4684 est
999 4590 1204 4699 utilitatis,
1236 4600 1324 4680 titm
1348 4597 1390 4677 in
1420 4590 1670 4710 impediendi

251 4705 448 4792 hostilium
472 4715 514 4791 dt
542 4711 777 4798 irritantium
799 4734 1025 4797 atomorum
1058 4707 1345 4794 intromilsronc
1369 4737 1439 4823 per
1467 4705 1603 4814 bibula
1629 4710 1672 4790 ὅ(

250 4819 394 4908 hiantia
416 4823 518 4908 cutis
540 4821 659 4929 vasa,
685 4827 771 4908 thnr
796 4824 915 4909 etiarn
944 4822 987 4907 in
1010 4819 1243 4910 coercendis
1265 4821 1480 4906 humorum
1507 4825 1548 4904 in
1571 4813 1675 4938 pers-

249 4933 429 5056 pitabilia
456 4931 547 5025 uasa
567 4937 765 5026 ruentium
796 4937 964 5058 effluviis
977 4996 1003 5050 ,
1023 4941 1113 5030 tbm
1136 4934 1299 5027 dentium
1326 4937 1371 5020 in
1402 4929 1678 5050 concipiendis

1379 5045 1422 5142 D
