4250 5898
489 331 633 498 344'
933 377 1048 472 na·
1110 377 1478 530 nonnas

492 552 648 637 habeat.
663 547 716 633 In
733 544 780 632 iis
798 539 903 632 enim
921 549 952 630 sr
972 546 1118 632 malum
1140 547 1280 657 simul,
1301 549 1414 636 simul
1438 546 1588 634 radices
1612 567 1679 632 mat
1700 541 1833 652 ferro,
1848 564 1924 634 aut

492 658 1922 884 {sessibillblllfilil.illisisiffffbbsibisibi

492 885 659 978 verruci
685 884 873 970 cancrosi
888 883 1028 1079 ssprobe
1060 886 1273 972 succedere
1295 887 1377 972 vidi
1402 885 1525 971 semel
1548 885 1738 995 quidem,
1767 911 1806 968 at
1839 883 1922 998 bis,

492 1029 605 1092 terve
618 998 779 1115 pessime
794 999 885 1082 cesh
917 1023 953 1081 e.
971 997 1043 1080 Sin
1057 1000 1155 1082 verb
1174 1029 1258 1112 pars
1271 1005 1420 1084 tantum
1434 997 1515 1106 ejus
1527 997 1772 1104 rescinditur,
1790 996 1920 1086 relidi

493 1115 561 1200 vel
584 1113 663 1197 levi
693 1109 883 1226 particuli
896 1172 911 1217 ,
935 1136 1031 1194 tunc
1059 1114 1101 1195 in
1125 1111 1242 1194 furias
1268 1109 1462 1196 terribiles
1490 1111 1734 1224 exasperatur
1763 1111 1921 1224 pessima

491 1225 607 1331 lues,
630 1225 737 1309 unde
767 1222 863 1331 justo
893 1227 1055 1308 nomine
1085 1249 1237 1308 veteres
1261 1225 1383 1308 hosce
1410 1251 1585 1310 tumores
1614 1221 1732 1307 titulo
1758 1223 1837 1306 noli
1861 1253 1922 1308 me

492 1366 645 1453 tongere
666 1337 939 1442 donaverunt,
967 1342 1059 1419 cbm
1077 1333 1218 1420 melius
1233 1334 1361 1420 multb
1374 1333 1584 1422 srtmalum
1603 1365 1686 1419 non
1708 1338 1923 1449 attingere,

491 1451 646 1560 suaque
676 1450 771 1534 sorti
804 1447 1072 1557 concredere,
1106 1447 1224 1560 quim
1254 1479 1398 1562 agrum
1428 1475 1542 1534 certat
1567 1451 1688 1532 morti
1709 1447 1924 1538 devoveres

490 1563 541 1648 Id
563 1567 754 1646 tamenin
777 1561 971 1668 seduliore
992 1561 1151 1645 sanandi
1173 1563 1359 1675 cupidine
1381 1561 1512 1676 saepibs
1535 1562 1695 1646 accidit.

548 1678 606 1759 At
618 1678 792 1760 verrucis
807 1672 1047 1788 simplicibus
1071 1677 1220 1869 antitpui
1239 1679 1329 1756 clim
1350 1677 1473 1756 statim
1493 1672 1729 1758 adhibebant
1753 1677 1920 1760 caustica

493 1789 613 1874 sortia
629 1793 739 1872 ineo
757 1791 855 1870 mihi
870 1787 1052 1872 videntur
1067 1791 1164 1870 nimi
1204 1783 1405 1870 celeritate
1426 1785 1569 1899 egisse,
1596 1792 1689 1872 cbm
1703 1788 1774 1868 nist
1788 1791 1920 1890 caulli-

491 1933 587 1988 cum
599 1903 797 2015 potentius
813 1901 872 2004 srt,
886 1907 928 1982 bt
942 1925 1072 1982 totum
1082 1899 1217 1983 adurat
1225 1927 1446 2005 verrucam,
1461 1897 1681 2013 periculum
1696 1901 1801 1984 sitne
1814 1901 1919 1987 indu·

492 2041 599 2100 retur
624 2011 713 2116 illa,
736 2037 805 2094 aut
834 2013 875 2091 in
909 2013 1060 2116 vicina,
1091 2009 1339 2099 surculorum
1368 2039 1505 2117 more,
1533 2010 1743 2128 spargatur.
1771 2013 1921 2098 Verlmt

493 2155 579 2236 quae
594 2123 717 2235 vulgo
729 2119 1007 2237 usurpabanrur
1027 2127 1250 2236 vegetantia
1273 2126 1561 2213 cathaereticam
1578 2123 1831 2232 facultatem,
1850 2125 1917 2210 sed

491 2237 736 2322 moderatam
762 2231 954 2319 obtinent.
980 2235 1096 2318 Unde
1121 2237 1150 2319 sr
1173 2233 1312 2354 aliquis
1331 2237 1420 2322 usus
1443 2264 1583 2321 eorum
1605 2235 1822 2322 suadendus
1842 2242 1913 2346 est,

491 2349 755 2466 praestatferro
770 2347 907 2432 radere
921 2347 1168 2462 superficiem
1187 2377 1379 2456 verrucae,
1407 2354 1594 2462 quantirm
1611 2352 1697 2435 fieri
1712 2353 1836 2464 potesl
1844 2413 1860 2457 ,
1874 2361 1916 2436 br

491 2462 657 2568 deinde,
678 2460 746 2544 ubi
762 2458 841 2567 jarn
856 2459 906 2544 ad
924 2457 1044 2544 basrm
1058 2462 1138 2545 stne
1151 2459 1295 2548 dolore
1312 2489 1543 2578 perventum
1557 2465 1609 2545 est
1617 2525 1632 2570 ,
1651 2489 1746 2548 tunc
1794 2464 1919 2550 rodest

492 2579 706 2660 causticum
717 2571 806 2658 leve
816 2577 871 2657 ita
888 2569 1054 2680 illinire,
1073 2600 1120 2658 ut
1133 2576 1311 2686 quotidie
1324 2575 1463 2660 eadem
1474 2601 1703 2690 repetatura
1732 2495 1919 2691 picatio,

492 2691 626 2778 donec
654 2696 697 2772 bt
713 2715 901 2793 verruca,
920 2693 963 2776 bt
991 2683 1072 2794 ejus
1100 2686 1209 2771 radix
1234 2690 1276 2770 in
1298 2688 1356 2772 far
1381 2688 1605 2773 &farinam
1625 2607 1734 2773 verb
1760 2691 1846 2777 stur.
1872 2691 1918 2776 si

395 2857 401 2870 .
492 2803 590 2890 verb
611 2829 698 2886 tota
718 2800 941 2914 superficies
956 2800 1138 2884 accurate
1152 2801 1269 2884 fuerit
1291 2800 1457 2907 resetra,
1484 2805 1496 2883 i
1526 2800 1564 2884 se
1586 2799 1832 2908 chelidonii,
1855 2829 1919 2890 aut

492 2911 689 3028 thytimali
713 2912 852 2998 succus
879 2911 1088 2997 suffecerit.
1119 2911 1201 2998 Sed
1224 2911 1366 2998 multas
1389 2942 1459 3026 pet
1481 2829 1524 2997 sd
1544 2940 1595 3014 ex
1622 2912 1789 2998 consilio
1814 2915 1918 3000 Celst

490 3054 643 3120 curatas
661 3027 769 3134 vidi,
790 3026 883 3110 ditm
897 3025 1174 3111 tantummodo
1190 3024 1323 3110 sordes
1345 3023 1567 3111 eluerentut
1577 3088 1592 3135 ,
1613 3035 1655 3112 bt
1670 3057 1832 3132 manus,
1852 3055 1916 3115 aut

424 3157 436 3166 “
490 3143 613 3227 facies
631 3139 840 3223 verrucosa
854 3141 993 3332 vappori
1012 3138 1120 3223 lailis
1141 3137 1263 3251 tepidi
1314 3140 1431 3224 luries
1450 3165 1754 3256 exponerentur.
1779 3141 1917 3252 Quan-

401 3324 408 3334 .
491 3259 577 3340 turn
601 3255 706 3337 eninr
734 3248 823 3334 labli
847 3253 888 3333 in
905 3276 935 3333 rt
957 3254 1079 3334 virtus
1093 3251 1154 3354 ¹ad
1178 3169 1476 3338 membranacea
1501 3253 1663 3338 mucosa
1687 3249 1920 3340 resolvenda

491 3365 641 3480 experti
664 3366 816 3446 tantiam
841 3362 975 3446 scient.
1006 3362 1121 3446 Unde
1148 3367 1267 3446 etiarn
1293 3369 1456 3450 memini
1480 3393 1545 3450 me
1562 3366 1698 3450 vidisse
1718 3369 1760 3450 in
1785 3365 1918 3477 dispo-

489 3481 630 3564 sitione
649 3471 716 3559 illl
736 3474 851 3561 faciei
871 3473 1082 3562 vernrcosi
1103 3476 1311 3560 Medicum
1331 3475 1526 3562 seniorem
1550 3482 1618 3589 qui
1642 3477 1705 3563 lac
1729 3478 1916 3563 asrninum

492 3587 612 3676 verni
630 3591 855 3702 tempestate
875 3588 960 3672 seri)
980 3597 1022 3673 bt
1041 3588 1156 3672 mane
1180 3588 1367 3674 suaderet.
1393 3589 1587 3704 Obstupui
1609 3587 1801 3698 junior&
1819 3593 1915 3676 tanti

492 3702 656 3810 remedii
673 3727 899 3815 apparatum
917 3700 1247 3788 floccifaciebam.
1269 3703 1483 3788 Mirantem
1504 3712 1550 3787 'bt
1570 3701 1618 3785 ab
1633 3701 1752 3812 hirco
1782 3707 1916 3790 inione

490 3815 665 3902 alienum
686 3811 907 3927 objurgavit
934 3843 1007 3928 pro
1032 3818 1264 3899 meritorum
1286 3824 1328 3900 ὃ(
1350 3818 1468 3902 aetatis
1491 3812 1576 3924 jure
1602 3733 1853 3917 amicislimb‚
1874 3823 1916 3900 bt

492 3930 543 4014 ad
566 3926 783 4013 successum
805 3927 1041 4041 provocavit
1058 3930 1126 4037 qui
1146 3925 1281 4012 reveri
1304 3927 1458 4013 secutus
1482 3931 1534 4011 est
1560 3928 1796 4013 methodum
1818 3931 1912 4012 mihi

493 4069 590 4128 tunc
616 4041 805 4124 nonsatis
831 4035 1098 4143 intelleilam,
1132 4044 1309 4150 quamvis
1333 4047 1355 4122 a
1376 4039 1598 4149 veteribus,
1622 4037 1846 4146 Avicennal,
1869 4048 1911 4124 bt

493 4155 674 4243 Eustach.
706 4152 846 4235 Rudio
881 4153 1092 4236 recentiori
1119 4152 1451 4236 commendatam.
1488 4151 1659 4238 Alaffis
1686 4155 1818 4236 asrnini
1842 4151 1912 4234 usu

494 4269 597 4352 cutis
623 4263 827 4348 candidior
854 4263 984 4347 forsan
1014 4263 1169 4372 evadit,
1199 4263 1267 4348 sed
1295 4264 1402 4349 certe
1429 4261 1540 4349 srmul
1569 4264 1771 4348 humidior
1799 4291 1912 4374 atque

494 4374 672 4464 mollior.
691 4375 788 4460 Inde
809 4373 944 4482 saltem
961 4401 1068 4491 patet
1080 4377 1187 4488 qubd
1203 4377 1230 4458 sr
1244 4381 1285 4460 in
1303 4373 1464 4484 juvene,
1478 4403 1543 4460 aut
1557 4375 1767 4483 juvenculi
1784 4377 1849 4460 dis
1868 4405 1914 4460 o·

494 4492 582 4576 srtio
608 4489 657 4574 ad
681 4517 864 4574 verrucas
890 4489 969 4574 stne
992 4487 1072 4573 ulla
1094 4487 1210 4573 causi
1235 4493 1527 4604 comprimente
1551 4491 1772 4596 enascitur,
1799 4407 1913 4574 deber

493 4605 584 4721 ipsts
609 4600 870 4686 dictatenuis
897 4604 1108 4716 imperitari
1119 4663 1135 4707 ,
1161 4601 1268 4687 laslis
1293 4601 1443 4686 suaderi
1468 4602 1581 4709 usus,
1605 4601 1751 4690 debent
1776 4600 1913 4686 livino

492 4727 538 4802 dr
558 4714 768 4830 spirituosrs
786 4717 939 4822 arceri,
965 4743 1048 4826 quae
1069 4713 1118 4797 ad
1134 4741 1316 4799 verrucas
1337 4711 1583 4800 extollendae
1606 4742 1725 4826 atque
1744 4713 1913 4798 forman-

494 4829 562 4920 das
577 4855 660 4914 non
676 4853 757 4920 uno
776 4823 893 4914 titulo
908 4825 1118 4917 metuenda
1133 4825 1244 4930 sunt3
1261 4825 1408 4914 balneis
1425 4827 1693 4940 frequentibus
1708 4828 1910 5024 mansiigi'

1116 4989 1118 4996 ,
1836 4963 1913 5050 que
