4226 5916
508 410 595 512 486
688 397 695 410 ’
959 399 1486 492 DEMORBIS

508 575 560 652 δι.
574 565 684 651 brevi
704 563 891 651 morbosa
908 567 988 652 dici
1007 597 1090 652 non
1109 571 1234 683 potest
1250 597 1309 653 am
1340 565 1427 654 libs.
1448 567 1546 654 Atsi
1564 565 1665 653 cutis
1678 563 1799 662 huit
1814 595 1947 662 tenera

507 682 634 792 magis
662 687 703 762 ὃ(
731 680 1002 872 perspicationi
1035 679 1178 766 assueta
1207 599 1427 786 blandiori,
1457 680 1550 765 vete
1577 675 1765 768 morbum
1794 684 1946 774 inducit

507 793 694 876 crassities
719 792 810 897 ila,
837 793 969 876 donec
986 797 1025 874 in
1052 791 1198 876 callum
1221 819 1416 898 vertatur,
1441 793 1546 878 unde
1562 792 1684 907 saepe,
1707 797 1944 885 monialibus

507 905 702 1022 praecipue
717 905 904 1012 faemiiiis,
922 908 1069 990 accidit
1081 935 1124 992 ut
1138 937 1274 992 manus
1290 908 1467 990 duriores
1481 913 1522 989 δι
1535 908 1752 994 tumefactae
1765 906 1851 994 toni
1868 911 1944 998 vics

509 1047 721 1125 maneant,
746 1048 983 1131 crurumque
1007 1023 1108 1104 cutis
1132 1022 1277 1134 rigida,
1299 1020 1458 1136 aspera,
1482 1017 1684 1128 varicosa,
1713 1019 1944 1109 abscessibus

508 1130 687 1216 obnoxia
704 1134 750 1216 sit
764 1163 848 1216 non
862 1133 980 1218 sacili:
999 1134 1188 1218 sanandis.
1206 1136 1313 1218 Chm
1330 1134 1429 1216 verb
1443 1135 1612 1244 antiquis
1628 1163 1716 1218 mos
1731 1135 1945 1254 sueritpar·

506 1271 590 1328 tem
610 1250 696 1343 vitae
717 1251 759 1329 in
779 1249 984 1360 gymnasiis
999 1249 1225 1354 absumere,
1244 1247 1380 1358 ibique
1397 1251 1521 1332 cutim
1542 1244 1630 1362 plus
1647 1279 1761 1358 aequo
1785 1279 1943 1357 curare,

508 1355 566 1440 nil
580 1361 721 1441 initum
736 1362 764 1442 si
783 1361 869 1475 plus
886 1359 1003 1470 quim
1017 1391 1091 1444 nos
1118 1386 1252 1445 cutem
1267 1361 1491 1445 crassiorem
1507 1389 1580 1473 pro
1595 1363 1695 1443 vitio
1712 1359 1942 1470 habuerint,

505 1467 648 1580 illique
667 1471 760 1555 inde
780 1473 1056 1558 contrahendae
1074 1475 1253 1559 crassitiei
1269 1471 1539 1584 quotidianam
1556 1471 1807 1560 adhibuerint
1824 1476 1943 1560 medi·

507 1587 641 1668 cinam
657 1614 706 1669 ex
724 1582 824 1669 oleis
845 1584 1158 1700 penetrantibus,
1180 1612 1344 1670 notante
1362 1585 1402 1668 id
1421 1585 1524 1698 apud
1539 1588 1702 1669 Aetium
1717 1593 1784 1690 (α)
1804 1590 1943 1672 Archi·

507 1725 623 1808 gene.
639 1699 840 1782 Duritiem
864 1726 980 1809 atque
995 1701 1201 1783 crassitiem
1217 1697 1381 1781 similem
1399 1701 1440 1780 iii
1454 1701 1653 1781 nutricum
1666 1703 1871 1810 mammis,
1894 1705 1942 1785 ita

507 1835 554 1892 ut
580 1835 688 1894 totus
713 1809 870 1896 illatum
899 1811 1066 1897 ambitus
1092 1811 1321 1926 granulosus
1348 1813 1419 1917 sit,
1445 1813 1615 1924 reperire
1643 1814 1696 1894 est
1721 1844 1733 1912 ;
1763 1817 1857 1896 chin
1881 1843 1941 1900 eas

507 1921 657 2006 nudare
688 1923 820 2035 sapitis
850 1951 1044 2038 cogantur
1059 1989 1073 2032 ,
1101 1923 1256 2036 illicque
1285 1954 1391 2008 nunc
1421 1952 1543 2006 muco
1574 1921 1702 2008 lasieo
1731 1935 1939 2040 tingant,

507 2063 615 2117 nunc
642 2035 816 2119 flaccida
840 2045 881 2120 ἃ
908 2036 1084 2120 exsuccae
1109 2038 1390 2122 detumescant.

563 2146 748 2231 Nuditati
774 2146 1003 2264 adjungatur
1031 2150 1213 2260 frequens
1249 2149 1442 2234 insolatio·
1464 2146 1541 2259 qus
1568 2149 1807 2258 decoquitur
1837 2153 1936 2261 quasi

506 2262 636 2366 cutis,
662 2267 702 2344 di
729 2264 770 2342 in
788 2266 944 2346 corium
967 2293 1042 2377 prae
1064 2262 1184 2346 nimis
1204 2263 1430 2346 fluidiorum
1446 2265 1613 2375 partium
1630 2260 1881 2347 exhalatione
1898 2272 1936 2349 ὅ(

506 2370 740 2457 solidiorum
761 2375 1025 2487 inspissatione
1044 2379 1220 2460 vertitur.
1243 2377 1334 2459 Nec
1356 2375 1506 2458 diversa
1522 2377 1611 2458 sunt
1631 2373 1750 2482 hujus
1761 2377 1812 2459 ad
1826 2377 1938 2460 exlic-

507 2484 680 2568 candum
700 2492 849 2600 agentis
866 2490 987 2572 causae
1004 2493 1272 2603 phoenomena
1290 2487 1337 2570 ab
1358 2492 1403 2571 iis
1424 2518 1507 2597 quae
1528 2489 1680 2571 nuditas
1697 2493 1811 2602 parit.
1837 2491 1938 2572 Inso

505 2593 604 2681 latio
625 2599 814 2711 siquidem
837 2603 1091 2686 erethisnium
1113 2599 1330 2715 erysipelat'i
1343 2603 1520 2684 vicinum
1534 2603 1713 2684 concitat
1718 2665 1732 2708 ‚
1751 2603 1938 2684 siccantur

507 2710 596 2793 vasa
625 2710 707 2822 lym
736 2716 866 2798 hatica
879 2775 893 2820 ,
926 2713 1078 2797 cellula
1109 2717 1266 2828 aggesto
1294 2707 1449 2823 liquido
1480 2709 1709 2826 replentur,
1739 2711 1938 2798 solvuntur

505 2743 759 2935 epidermidis
775 2825 957 2932 vincula,
984 2831 1084 2909 cutis
1108 2824 1314 2938 granulosa
1333 2828 1401 2934 fit,
1424 2833 1466 2909 &
1479 2825 1636 2910 oedema
1656 2828 1807 2909 siccum
1827 2855 1938 2938 atque

506 2935 705 3042 calidum,
719 2935 828 3022 brevi
844 2940 1082 3022 exsiccatum
1100 2943 1140 3020 in
1158 2939 1383 3043 duriorem,
1402 2934 1589 3022 callosam
1604 2945 1643 3020 ὃ(
1656 2939 1758 3052 pene
1771 2939 1937 3023 scirrho·

411 3113 419 3132 .
503 3049 586 3132 sam
603 3049 759 3132 massam
776 3055 951 3135 vertitur.
974 3051 1021 3135 Id
1042 3049 1441 3162 quotidieobsetvare
1457 3053 1564 3134 estin
1580 3055 1695 3136 novis
1710 3049 1790 3136 illis
1812 3053 1936 3136 militi·

504 3159 578 3243 bus
594 3189 642 3244 ex
660 3161 786 3245 nobili
806 3171 849 3248 &c
866 3162 1054 3275 opulenti
1072 3165 1248 3248 oriundis
1268 3161 1468 3278 prosapias,
1490 3193 1590 3272 quos
1609 3164 1632 3248 ὲ
1647 3165 1744 3249 nido
1762 3193 1933 3250 materno

503 3279 548 3356 ἀ
571 3269 668 3355 luxu
692 3274 895 3359 diffluente
918 3274 998 3358 virs
1018 3281 1118 3390 rapit
1135 3276 1184 3359 ad
1207 3277 1388 3360 detestata
1408 3273 1593 3359 matribus
1615 3275 1719 3361 bella
1739 3286 1781 3361 ὅ(
1806 3279 1934 3392 gloriae

503 3413 641 3490 amor,
672 3393 713 3468 ὅ(
740 3389 941 3470 honorum
964 3389 1169 3502 cupiditas.
1200 3389 1278 3472 His
1304 3393 1411 3473 enim
1434 3385 1504 3470 ubi
1531 3387 1600 3471 sub
1623 3394 1765 3474 martio
1796 3421 1933 3506 campo

503 3497 631 3594 solem
647 3499 859 3612 accepbre,
876 3498 1108 3613 phlyshoenae
1127 3498 1338 3610 aliquandi)
1359 3505 1400 3584 in
1420 3497 1598 3583 manibus
1607 3563 1622 3605 ,
1641 3503 1784 3608 dorso,
1800 3507 1882 3585 imb
1896 3513 1934 3586 di

502 3609 606 3694 facie
637 3607 719 3724 ipss
750 3610 964 3697 elevantur.
1004 3612 1221 3729 Erysipelas
1247 3643 1329 3696 non
1357 3615 1435 3696 sine
1456 3611 1599 3696 dolore
1625 3615 1780 3698 summo
1805 3621 1935 3698 incan-

504 3722 641 3806 descit.
669 3723 751 3808 Sed
777 3723 845 3808 ubi
868 3753 938 3838 per
968 3726 1122 3836 aliquot
1141 3725 1291 3812 menses
1318 3735 1360 3810 δι
1384 3724 1611 3831 laboribus,
1640 3735 1682 3810 &
1711 3727 1786 3810 soli
1811 3732 1934 3812 alliso

502 3835 727 3943 assuevsre,
755 3864 849 3922 tunc
878 3865 966 3921 eam
992 3839 1224 3923 contraxbre
1248 3842 1349 3922 cutis
1375 3839 1558 3922 duritiem
1587 3865 1704 3950 atque
1731 3841 1934 3925 crassitiem

503 3977 587 4057 quae
611 3945 688 4056 jain
712 3949 820 4034 hisce
843 3979 926 4033 non
944 3980 1163 4036 moueatur.
1188 3951 1308 4036 Periit
1327 3951 1467 4056 frontis
1484 3952 1616 4034 honos
1635 3961 1677 4034 ὃ(
1698 3954 1817 4036 crassa
1837 3957 1933 4036 cutis

499 4056 578 4162 jani
609 4091 692 4144 non
724 4059 940 4178 puellarem
972 4068 1156 4177 exprimit
1190 4063 1377 4148 ruborem
1404 4095 1416 4164 3
1444 4061 1608 4147 boream
1638 4065 1857 4178 spernunt,
1890 4073 1931 4148 δι

502 4169 628 4254 solem
657 4174 781 4258 oculo
810 4180 995 4261 irretorto
1024 4178 1195 4292 spesiant
1216 4210 1224 4257 ε
1247 4180 1330 4259 imb
1354 4184 1395 4259 &
1419 4174 1636 4261 discolores
1662 4179 1829 4260 omnini>
1849 4177 1935 4260 sunt

500 4309 576 4395 pro
602 4289 717 4369 variis
770 4293 911 4372 artium
941 4294 1189 4404 tegumentis.
1226 4289 1259 4372 F
1262 4313 1412 4371 ateniut
1440 4289 1598 4399 quidem
1629 4287 1704 4371 alia
1735 4299 1776 4374 ἃ
1874 4293 1932 4372 via

499 4392 552 4475 ab
563 4319 1162 4508 hsccausinasciincommoda,
1179 4399 1307 4488 febres
1318 4401 1511 4509 ardentes,
1524 4403 1768 4516 erysipelata,
1822 4406 1933 4512 iaque

498 4506 645 4613 inulta,
663 4540 745 4619 quae
767 4513 815 4596 ad
828 4517 985 4600 huncce
1004 4520 1176 4599 nostrum
1194 4519 1397 4598 trasiatum
1410 4545 1490 4596 non
1505 4517 1712 4629 pertinent.
1724 4515 1933 4598 suffecerit

498 4647 596 4700 cum
619 4621 815 4708 veteribus
833 4628 959 4711 modb
979 4632 1106 4712 citatis
1127 4629 1264 4712 vidisse
1285 4633 1367 4711 tiini
1392 4655 1572 4734 acutam,
1593 4632 1679 4710 tiim
1697 4629 1931 4742 ,chronicam

501 4733 603 4814 cutis
626 4735 830 4819 crassitiem
852 4741 961 4852 posse
983 4740 1031 4825 ab
1049 4739 1286 4828 insolatione
1309 4739 1525 4856 pullulare,
1545 4739 1651 4826 circii
1666 4769 1787 4852 quam
1804 4767 1931 4824 tamen

540 4891 597 4964 (a)
617 4885 698 4949 Tetr.
715 4907 746 4962 i,
760 4885 842 4952 scrin.
858 4914 890 4971 3,
903 4913 962 4977 cap.
982 4915 1046 4966 179.

915 5242 954 5308 *ii
