4188 5916
662 333 1211 432 curn-ntra:
1553 341 1650 460 aaz
1727 333 1733 342 ’
1827 289 1833 302 ’

208 489 374 614 timide,
392 493 434 585 br
451 489 521 586 fibi
537 527 620 586 non
634 499 721 588 visae
736 499 988 616 elephantiafi
1002 505 1137 617 pamm
1156 495 1418 598 consuluiffe3
1435 505 1650 617 chmprse·r

208 609 341 692 sertim
372 616 552 696 omniurn
582 615 785 700 auctorum
820 613 991 699 edidium
1030 616 1074 698 srt
1107 613 1335 706 recentioiis
1351 609 1649 726 elephantinis

210 722 389 806 curandae
413 725 523 840 spem
556 723 725 837 aliquam
753 729 926 812 emicare
939 737 953 830 ‚'
971 723 1056 810 'sed
1088 722 1187 818 nihil
1221 725 1289 806 nist
1323 724 1635 838 desperationem

207 834 428 918 inveterato
445 835 604 920 ⁴morbo
630 836 811 948 relinqui.
842 837 1177 950 noningenta
1229 833 1397 930 nobam
1426 841 1644 958 empyriois‘

211 967 386 1060 campus.
411 946 567 1060 Ecquis·
580 953 706 1055 enim,
725 949 754 1036 sr
774 952 815 1035 se
827 947 972 1038 viderit
989 947 1139 1040 ab'jarte
1187 945 1531 1068 eserinaafonunt
1552 930 1653 1044 dors!

208 1084 317 1172 petat
341 1057 561 1146 subfidium.
589 1062 895 1176 Sapientiffimus
921 1061 1266 1173 tromundus-tc)
1285 1059 1646 1174 solis'diiuent'rbun

210 1197 261 1252 ex
283 1171 449 1258 vitulini
473 1201 590 1258 carne
619 1175 949 1285 consedis'atque
973 1172 1112 1286 plantis
1141 1170 1390 1268 alterantibus
1417 1172 1636 1284 metuetis,

210 1279 444 1369 balneorum
458 1286 685 1400 tepidorum
702 1287 772 1372 usu
787 1291 1002 1390 continuo,
1025 1284 1209 1369 morbum
1223 1287 1328 1367 hunc
1345 1290 1498 1400 attigit,
1510 1311 1648 1378 notate

212 1424 290 1505 que
316 1398 426 1509 qubd
451 1407 541 1484 ante
566 1399 694 1514 ipsum
723 1407 766 1484 bt
795 1396 934 1485 Astruc
954 1397 1021 1502 (b)
1050 1403 1089 1482 bt
1117 1393 1314 1492 Huxharn'
1334 1405 1421 1504 (c),
1451 1399 1647 1492 morbum

211 1513 319 1592 hunc
343 1514 512 1593 nostrum
534 1509 583 1596 ab
606 1511 807 1626 hydragiri
826 1511 897 1596 usu
918 1512 1037 1596 etiam
1066 1511 1275 1598 moderato
1301 1513 1666 1624 pronuntiaverinb'

211 1622 442 1735 exasperari,
456 1625 782 1738 &augeri5quod
791 1621 1068 1708 nonomnibus
1077 1625 1252 1712 cutaneis
1261 1621 1411 1707 morbis
1422 1650 1647 1714 commune
1694 1722 1695 1725 g

213 1737 281 1839 est,
300 1742 340 1817 bt
357 1734 405 1820 ad
420 1733 512 1820 ilios
523 1742 675 1822 tantimr
690 1739 858 1849 pertinet
868 1738 935 1846 qui
947 1731 1079 1818 morbi
1092 1735 1214 1818 totids
1227 1732 1436 1818 substantia
1453 1736 1500 1828 ad
1514 1741 1644 1830 cutim

213 1848 406 1962 deposui,
427 1848 497 1932 sed
514 1847 562 1930 ab
582 1847 712 1944 aitiori
731 1848 871 1934 fomite
916 1847 1104 1932 endentes
1122 1847 1388 1959 dicipoffunt.
1413 1851 1506 1932 Nec
1520 1855 1643 1940 etiam

213 1959 262 2042 ab
292 1959 362 2044 usu
385 1961 596 2045 antimonii
628 1959 814 2046 meliores
838 1877 938 2048 vidit
963 1959 1122 2044 effedus
1151 1958 1422 2066 Raynrundus,
1459 1961 1568 2074 Ergo
1597 1969 1644 2050 in

214 2101 255 2156 re
283 2071 377 2156 etitd
403 2074 584 2161 methodi
613 2075 891 2188 pervicacioris
922 2067 1134 2157 constantii
1161 2070 1310 2158 afflidis
1332 2075 1644 2164 constantiffimb

213 2103 329 2270 rebus
348 2187 597 2295 quarendum
614 2187 688 2271 fuit
702 2183 926 2272 subsidium.
1633 2235 1638 2242 ·

270 2297 392 2381 Certe
404 2298 446 2380 id
457 2298 639 2384 omnibus
654 2295 803 2382 morbis
818 2299 993 2381 cutaneis
1007 2293 1285 2387 universalibus
1301 2313 1518 2382 commune
1530 2299 1582 2383 est
1597 2304 1643 2382 be

187 2412 189 2423 '
214 2414 281 2526 ipfi
295 2408 901 2522 elephantiasr‚ut&fluidorum
912 2406 1041 2492 moles
1051 2434 1135 2492 tota
1148 2407 1406 2513 mutandam,
1420 2407 1642 2516 novusque,

214 2525 343 2606 srfieri
359 2521 495 2635 potiit,
513 2525 707 2626 caratter,
725 2549 830 2604 nova
844 2521 1023 2604 conditio
1040 2521 1127 2633 ipsis
1147 2521 1344 2608 inferatur.
1363 2518 1575 2610 Adteranda
1589 2526 1642 2607 eh

215 2643 257 2720 dr
278 2633 466 2717 mutanda
484 2660 569 2716 tota
593 2635 774 2746 corporis
797 2659 1035 2747 compages,
1060 2660 1167 2716 novo
1194 2629 1350 2714 circuio
1372 2631 1420 2712 ad
1446 2633 1644 2716 methodi·

215 2775 358 2833 corum
386 2751 438 2834 dc,
452 2744 576 2830 Coelii
600 2742 802 2830 Aureliani
826 2771 1000 2828 mentem
1022 2742 1354 2854 'metasyncritieo
1394 2741 1505 2831 Hinc
1534 2745 1643 2830 certe

216 2891 300 2944 non
312 2859 391 2940 fine
405 2855 611 2970 prudentii
629 2861 672 2942 in
690 2855 883 2972 plerisque
897 2851 1176 2970 elephantiacis
1188 2899 1208 2960 ,-
1221 2883 1311 2955 nam
1331 2853 1514 2939 omnibus
1532 2859 1645 2967 aqud

218 2971 395 3078 subjettis
421 2997 482 3054 res
514 3000 597 3054 non
628 2996 905 3084 competeret,
934 2965 1185 3054 ordiebantur
1215 2969 1463 3052 curationem
1494 2972 1645 3078 antiqui
1746 3012 1750 3027 ¹

219 3082 240 3167 i
260 3081 424 3196 copiosi
438 3109 548 3166 venae
559 3083 753 3188 scaione,
774 3112 857 3164 non
880 3081 987 3191 qubd
1003 3093 1208 3193 corruptus
1231 3077 1322 3166 indd
1343 3081 1495 3192 sanguis
1520 3079 1647 3168 elices
1739 3143 1743 3152 ·

218 3224 350 3301 retur,
371 3193 449 3305 quit
466 3197 572 3278 enim
588 3197 740 3279 ratione
753 3193 850 3278 alius
869 3194 1101 3279 educeretur
1121 3197 1162 3274 in
1186 3191 1261 3274 nte
1286 3189 1481 3278 maiorum
1504 3192 1644 3300 mole,

218 3310 284 3394 sed
303 3308 411 3420 quod
432 3305 480 3391 ab
496 3306 543 3392 ei
557 3310 797 3394 minueretur
816 3303 1034 3391 solidorum
1048 3307 1199 3411 tensio,
1223 3311 1263 3388 br
1282 3307 1493 3388 humorum
1515 3334 1646 3394 muta·

219 3448 325 3508 retur
344 3420 523 3504 conditio
540 3449 623 3530 quae
642 3417 931 3533 elephantiasrm
955 3417 1063 3502 fecit.
1089 3419 1180 3500 Nec
1204 3418 1300 3500 verb
1326 3420 1358 3500 is
1378 3423 1645 3504 m‘e'veterum

219 3563 332 3618 amor
359 3533 517 3617 devium
547 3536 609 3616 ita·
630 3530 794 3647 abripiat
806 3541 834 3638 ,'
850 3557 894 3615 ut
923 3530 1080 3616 credam
1112 3532 1280 3642 pretium
1309 3526 1469 3638 aliquod
1497 3531 1645 3623 effe-in

220 3641 370 3729 summit
398 3648 733 3749 catharticomm,
761 3670 828 3726 aut
851 3646 1113 3728 emeticorum
1136 3639 1449 3727 adhibendorum
1473 3643 1645 3732 statimne

220 3785 327 3842 venae
358 3757 528 3842 sectione
554 3753 830 3860 vehementiai,
860 3761 953 3838 chnr
981 3779 1150 3869 corpore
1180 3753 1358 3844 nondum
1380 3773 1540 3844 mutato
1554 3816 1568 3859 ‚
1601 3763 1645 3842 br

221 3869 452 3955 humoribus
473 3865 580 3952 nulii
598 3871 751 3952 rat-ione
768 3870 953 3952 comediis
975 3860 1183 3954 c'o'neuffus
1202 3864 1271 3952 ille
1289 3866 1392 3952 foret
1407 3864 1542 3951 saltem
1559 3871 1646 3953 itm·

221 3983 313 4067 tilis.
339 3981 421 4066 Sed
440 3979 673 4065 diluentium
696 3981 811 4086 usus,
828 3978 893 4064 sed
913 3983 1040 4086 vidus
1058 3981 1080 4064 ὲ
1099 3977 1370 4093 vegetantibus
1395 3975 1548 4066 acribus
1568 3979 1647 4068 'silis'

222 4093 535 4180 antiscorbuticis
559 4123 730 4203 quorum
755 4097 947 4208 precipua
969 4097 1094 4180 virtus
1117 4096 1159 4176 in
1184 4121 1237 4176 eo
1262 4090 1430 4173 consistit
1455 4116 1499 4174 ut
1525 4091 1647 4179 salem

224 4216 266 4292 bt
282 4206 420 4292 oleum
430 4204 664 4318 inquilinum
679 4207 856 4319 sanguini
868 4204 1140 4312 adjiciant,ita
1150 4201 1315 4290 directus
1329 4227 1372 4286 ut
1383 4201 1648 4295 maffahumos

223 4349 310 4404 rum
333 4323 460 4404 minbs
484 4347 628 4422 tenax„
651 4323 777 4404 minirs
800 4318 995 4430 glutinosa
1010 4343 1127 4424 atque
1146 4313 1251 4403 fatua
1272 4316 1363 4420 fiat,
1393 4323 1434 4402 bt
1450 4317 1649 4406 adfecte,

223 4435 353 4518 tiones
371 4436 498 4546 aptior
519 4431 686 4536 evadat,
711 4428 927 4514 fundendus
949 4431 1025 4537 est,
1051 4435 1093 4510 dr
1112 4430 1166 4508 ita
1186 4427 1432 4543 pertinaciter
1455 4433 1646 4517 tenendus

260 4627 318 4700 (a)
340 4623 412 4704 rag.
435 4643 489 4701 13,
509 4641 559 4693 14,
584 4643 627 4696 rs.

261 4701 319 4778 (b)
343 4703 403 4764 Lib.
425 4725 455 4772 ι,
474 4723 530 4782 cap.
552 4723 580 4771 7.

261 4789 319 4862 (c)
341 4785 415 4848 Phil.
432 4781 573 4848 Transsst.
591 4803 675 4854 174¹·

1301 4861 1459 4966 cccii
