4246 5900
531 407 1259 498 turnonucrro.
1567 423 1617 528 53

246 562 314 660 De
332 572 477 687 quibus
500 597 546 656 ut
565 572 704 659 ordine
725 603 911 689 agamus,
940 574 1026 688 ipso
1053 578 1095 657 in
1113 572 1249 660 limine
1270 559 1495 661 notabimus
1519 575 1622 688 lym·

190 691 310 803 pham
324 691 536 772 hominum
548 684 678 799 plures
693 690 888 804 perhoras
904 686 1099 797 quotidie,
1114 688 1235 800 chylo
1256 689 1435 773 nondiim
1452 717 1620 798 mutato,

193 800 413 916 turgidam,
429 798 595 883 crudam
610 798 695 884 else
705 808 746 884 bt
761 799 978 904 turbidam,
994 799 1173 911 adeoque
1196 799 1305 916 polse
1327 801 1506 912 quotidie
1521 833 1622 913 quo-

194 913 287 996 dam
300 913 427 998 modo
448 912 573 1022 videri
590 909 755 998 lacteam
766 975 780 1019 ,
799 919 981 996 caeterum
999 941 1087 998 eam
1110 914 1187 996 else
1206 942 1275 1028 per
1295 913 1335 999 se
1362 943 1445 997 non
1460 915 1622 1000 minimi

193 1026 251 1108 sui
267 1053 376 1142 parte
396 1022 725 1110 concrescibilem
753 1033 795 1109 bt
819 1023 1110 1140 coagulabilem
1121 1089 1133 1130 ‚
1153 1023 1312 1110 alteram
1326 1029 1476 1113 veroin
1494 1027 1628 1114 serum·

193 1137 340 1223 resolvi
369 1135 733 1245 inconcrescibile,
761 1163 880 1223 tenue
891 1201 905 1245 ,
943 1133 1077 1222 calore
1102 1137 1221 1222 facile
1248 1137 1446 1226 difflabile.
1479 1139 1621 1229 Serum

194 1253 320 1365 porrb
342 1249 443 1334 illud
461 1247 635 1364 plurimis
664 1251 713 1336 de
738 1252 883 1356 caulis,
912 1253 1032 1334 etiam
1061 1252 1102 1332 in
1125 1246 1410 1357 statiinaturali
1423 1316 1438 1360 ,
1463 1251 1485 1336 *a
1512 1282 1622 1367 parte

193 1363 371 1448 crassiori
386 1359 594 1478 sejungitur
609 1368 653 1448 dt
667 1362 842 1470 exudat,
867 1364 950 1446 imb
968 1360 1179 1476 aliquando
1193 1361 1323 1447 solum
1336 1368 1379 1447 in
1394 1365 1628 1478 phlybiaenas·

193 1473 301 1582 abit,
320 1473 453 1586 quales
467 1479 508 1558 in
523 1475 797 1560 combustione
809 1477 945 1560 videre
965 1478 1030 1560 est.
1050 1476 1094 1558 Si
1112 1477 1208 1588 ergo
1226 1503 1316 1560 acre
1330 1477 1477 1563 fabium
1490 1479 1622 1588 suerit,

194 1591 321 1700 potest
344 1588 472 1703 ipsum
490 1585 630 1672 ultima
660 1589 726 1674 sua
750 1589 839 1673 vasa
862 1588 1102 1694 corrodere,
1137 1618 1219 1698 quae
1250 1589 1279 1670 si
1312 1595 1531 1703 aperiantur
1552 1591 1622 1677 sub

193 1701 436 1816 epidermide
456 1699 688 1818 phlyslaenas
717 1700 879 1784 faciunt.
906 1696 1027 1788 Tales
1054 1704 1198 1813 hyeme
1231 1701 1365 1786 videre
1396 1705 1448 1788 est
1479 1706 1526 1788 iis
1556 1709 1625 1815 qui

195 1841 308 1898 crura
322 1816 484 1929 propibs
502 1818 583 1928 igni
596 1813 825 1898 admovent.
847 1813 935 1927 lpse
956 1818 1074 1898 etiam
1093 1811 1186 1897 solis
1211 1813 1328 1897 ardor-
1342 1813 1488 1899 tenelli
1511 1817 1624 1930 puel-

195 1923 320 2010 larum
341 1953 434 2012 cute
454 1918 666 2120 'eptam
690 1954 777 2011 eam
800 1931 842 2008 in
872 1925 1013 2012 similes
1036 1925 1203 2042 pustulas
1232 1925 1390 2012 attollit.
1416 1928 1622 2014 Pernioni-

195 2036 266 2122 bus
287 2048 330 2124 dt
351 2068 485 2153 conge
502 2044 624 2123 arioni
655 2067 808 2136 artuum
840 2039 947 2124 idem
974 2042 1119 2123 humor
1153 2042 1347 2153 originem
1375 2039 1544 2153 praebet,
1576 2049 1623 2128 ’δε

197 2153 274 2236 sine
287 2149 368 2236 ulla
383 2145 544 2237 'externi
559 2151 689 2260 causi,
704 2151 753 2236 ab
774 2155 928 2237 interno
943 2155 1069 2258 vitio,
1086 2149 1191 2236 ut&
1210 2151 1400 2237 calidiore
1414 2157 1621 2268 regimine,

198 2263 422 2350 insebribus
439 2295 651 2379 granorum
671 2264 771 2349 milii
792 2263 920 2349 sormi
938 2265 1125 2373 exardet,
1150 2294 1439 2380 purpuramque
1454 2263 1622 2353 Germa-

201 2406 339 2460 norum
361 2377 492 2462 albam
518 2381 727 2463 constituit.
754 2380 810 2462 At
835 2375 905 2462 ubi
929 2381 1133 2492 ingentem
1157 2375 1226 2462 sibi
1246 2379 1409 2463 adscivit
1427 2380 1622 2466 feritatem

204 2491 343 2574 humor
365 2489 437 2576 ille
465 2519 535 2605 pet
558 2493 686 2575 crisim
716 2495 757 2574 in
789 2488 871 2605 ipsi
901 2490 1062 2575 sanitate
1086 2517 1180 2574 cum
1207 2493 1356 2604 pruritu
1391 2497 1544 2576 enormi
1573 2495 1622 2578 ad

204 2606 319 2688 varias
340 2607 519 2719 corporis
546 2629 673 2719 partes
693 2606 886 2717 erumpit,
911 2601 1139 2716 erysipelate
1172 2605 1320 2686 cintius
1351 2601 1421 2686 sub
1450 2607 1521 2689 her
1548 2611 1622 2691 etis

202 2714 356 2800 nriliaris
378 2719 555 2801 nomine.
579 2716 689 2830 Saepe
704 2712 834 2798 morbi
854 2714 902 2798 ad
926 2717 1038 2797 instar
1058 2716 1248 2829 eruptivi,
1264 2712 1377 2798 lentis
1400 2637 1622 2802 incresdens

201 2828 404 2940 gradibus,
430 2829 590 2914 somnos
617 2829 816 2935 adimens,
834 2824 986 2911 febrem
1000 2826 1214 2932 inducens,
1240 2825 1333 2910 ditm
1348 2830 1389 2910 in
1408 2827 1516 2912 hisce
1533 2859 1621 2942 par-

199 2940 299 3026 tibus
313 2945 500 3027 cicatrice
514 2941 724 3027 obducitur
733 2945 804 3049 ,in
820 2937 903 3024 aliis
916 2939 1133 3049 vicinisque
1154 2937 1346 3053 praecipue
1367 2941 1620 3050 recrudescit,

201 3056 309 3166 quod
330 3083 400 3170 per
413 3055 563 3140 menses
585 3058 761 3168 integros
783 3054 865 3139 vidi
885 3055 1078 3138 renovari.
1091 3049 1156 3134 Ab
1171 3049 1299 3161 aliqui
1316 3051 1412 3164 sape
1427 3053 1621 3140 causaci-

200 3165 308 3252 terni
331 3168 556 3275 inducitur,
581 3169 664 3252 utsi
681 3197 768 3282 pars
782 3163 953 3251 vestibus
972 3165 1113 3249 assueta
1132 3163 1207 3248 soli
1221 3165 1504 3278 imprudentibs
1521 3165 1626 3272 obji·.

198 3284 336 3365 riatur.
350 3282 544 3364 Arsinon
557 3280 700 3364 adesset
711 3282 872 3364 interior
887 3278 1047 3384 acredo,
1060 3273 1338 3362 ortumibrevi
1353 3307 1399 3362 ac
1410 3277 1490 3362 levi
1502 3279 1618 3363 causi

200 3391 287 3480 leve
299 3391 448 3478 malum
459 3392 641 3508 prompte
655 3392 859 3483 sanaretur.
870 3391 951 3475 Sed
961 3391 1066 3474 unde
1080 3389 1148 3472 illa
1156 3390 1243 3474 sero
1256 3391 1364 3474 insita
1375 3390 1545 3476 acredo?
1562 3391 1616 3476 1⁰.

199 3505 263 3592 Ab
281 3505 465 3592 omnibus
476 3507 601 3590 modo
616 3507 811 3590 recensitis
822 3506 957 3610 causis,
965 3530 1010 3586 ut
1023 3506 1119 3600 aeris
1131 3503 1263 3586 haustu
1274 3501 1616 3617 impuri,ciborum

200 3619 325 3734 longo
344 3619 417 3704 usu
432 3624 580 3704 acrium
593 3683 606 3725 ,
621 3629 699 3703 &c
721 3616 814 3700 2⁰.i
836 3615 917 3700 bile
936 3641 1001 3699 aut
1016 3613 1207 3729 simplici,
1223 3641 1289 3699 aut
1309 3620 1389 3698 acri
1411 3645 1458 3699 ac
1479 3645 1616 3731 porra-

199 3731 272 3816 cei
281 3794 295 3840 ,
314 3731 381 3817 vel
399 3731 507 3843 quod
524 3729 632 3846 pejus
649 3729 750 3829 atri3
769 3731 796 3812 si
815 3729 974 3838 quidem
994 3731 1051 3810 hae
1069 3754 1207 3811 omnes
1224 3725 1312 3811 bilis
1325 3727 1474 3842 species
1491 3725 1615 3812 isero

200 3845 424 3951 diluuntur,
446 3854 487 3930 δι
506 3845 587 3955 quo
604 3871 689 3957 pars
709 3844 852 3953 quavis
871 3843 999 3925 acrior
1021 3865 1137 3952 atque
1153 3843 1333 3948 tenuior,
1360 3844 1412 3925 eo
1429 3843 1548 3925 etiam
1573 3849 1615 3926 dt

198 3957 353 4042 facilibs
368 3955 555 4064 diluitur,
584 3960 784 4069 &rapitur
798 3985 891 4038 cuni
905 3954 991 4038 sero
1005 3957 1287 4038 vehementius.
1671 4029 1675 4036 .

235 4141 239 4146 .
255 4072 399 4156 Serum
420 4069 518 4154 illud
534 4072 767 4154 acerrimum
777 4067 870 4172 ,sed
885 4076 927 4153 bt
943 4065 1054 4152 simul
1067 4067 1350 4168 tenuissimum,
1367 4067 1421 4146 ita
1442 4091 1487 4148 ut
1512 4067 1626 4180 apud
1707 4086 1736 4152 s·
1772 4075 1847 4151 111.-

203 4187 443 4295 antiquiores
462 4180 532 4267 sub
557 4183 707 4295 spiritbs
732 4181 799 4265 seu
828 4181 1042 4276 ssi’ruiiabir
1059 4181 1222 4261 nomine
1245 4177 1363 4259 fuerit
1383 4181 1612 4291 cognitum,
1657 4158 1706 4224 D‘
1726 4157 1786 4221 [ω
1807 4169 1875 4234 ²⁶¹¹·

200 4323 281 4378 non
308 4311 428 4381 unam
450 4298 491 4378 iri
515 4292 705 4378 morboso
736 4321 906 4408 corpore
927 4292 1085 4394 scenam
1113 4293 1217 4400 agit,
1243 4314 1431 4398 quatenus
1451 4288 1625 4382 ultimos*
1743 4351 1746 4361 .

196 4409 380 4494 vasorum
392 4407 618 4492 moeandros
631 4403 705 4488 soli
717 4409 873 4519 pervios
889 4403 1158 4518 imaginationi
1178 4427 1380 4516 penetrare
1392 4398 1541 4511 ualens,
1558 4408 1625 4512 ibi,

202 4547 364 4628 nervos,
380 4521 617 4631 netveasque
629 4545 755 4654 partes
769 4519 860 4602 diris
871 4540 1030 4628 torquet
1045 4513 1280 4600 cruciatibus
1296 4523 1338 4599 bt
1353 4512 1513 4601 dolores
1524 4549 1617 4605 con·

200 4637 299 4718 citat
312 4639 512 4719 immanes.
529 4635 722 4718 Novitate
742 4633 798 4715 rei
820 4655 1016 4736 attentos,
1045 4626 1427 4712 &rheumatismum
1448 4629 1612 4742 vulgato

201 4743 363 4833 nomine
383 4747 602 4831 incusantes
622 4743 774 4830 deludit
786 4741 886 4828 illud
897 4805 912 4850 ,
937 4744 1014 4828 sive
1035 4772 1142 4826 nunc
1162 4743 1240 4828 hirc
1251 4803 1266 4847 ,
1280 4772 1386 4827 nunc
1400 4739 1497 4826 illirc
1510 4743 1612 4828 sera·

196 4885 281 4970 mr,
300 4863 386 4952 sive
403 4862 523 4946 lixam
541 4855 611 4944 sibi
628 4859 760 4967 sedem
778 4861 821 4945 in
845 4854 973 4972 aliqua
995 4879 1103 4974 parte
1124 4853 1314 4969 elegerit3
1338 4854 1443 4942 unde
1465 4861 1617 4970 pruritu
1687 4935 1690 4942 .
