4250 5898
504 451 590 574 ³564
945 453 1053 544 DE
1124 451 1560 544 MORBIS·

560 625 783 710 Vindisiam
796 619 938 737 pariter
949 631 989 706 ὃ(
1006 622 1140 706 cibum
1156 621 1224 705 fibi
1241 648 1416 732 quarunt
1431 611 1663 732 phalangia,
1684 613 1749 700 seu
1764 605 1940 722 aranea,

505 739 741 830 insessorum
765 763 888 848 genus
919 733 1130 850 multipes,
1158 734 1225 818 sed
1248 735 1318 818 alis
1343 735 1509 818 omnino
1535 731 1772 813 destitutum.
1806 727 1939 837 Quod

504 856 708 964 ingentem
723 850 867 932 famam
880 851 1024 932 veneni
1036 847 1104 930 srbi
1118 845 1393 951 vindicavisle,
1411 844 1503 928 ideo
1520 842 1666 946 eredo,
1692 840 1801 951 quod
1815 841 1937 924 hirsu-

505 992 591 1046 tum
612 958 782 1066 animal,
805 962 893 1042 tetri
914 958 1064 1044 coloris
1088 986 1133 1042 ut
1156 958 1391 1073 plurimirm,
1416 955 1545 1040 forms
1565 954 1758 1058 foediori,
1779 949 1936 1037 silentio

503 1075 699 1179 incessis,
727 1076 912 1157 timorem
940 1077 1069 1186 pueris
1089 1076 1278 1179 incutiat,
1305 1076 1389 1154 ti1nr
1412 1069 1521 1178 quod
1544 1097 1628 1150 non
1653 1065 1783 1149 solum
1808 1070 1937 1149 carni-

505 1217 648 1274 vorum
666 1187 852 1292 s1t‚&ex
869 1184 1161 1292 insefflsvivat,
1179 1185 1375 1269 sedetiam
1390 1185 1554 1297 propriae
1569 1181 1713 1294 speciei
1726 1176 1937 1292 &paribus

506 1330 590 1383 non
610 1324 762 1414 parcat,
783 1297 893 1408 quod
911 1300 1066 1382 homini
1091 1297 1219 1381 forsan
1236 1295 1309 1380 soli
1332 1304 1373 1380 dt
1394 1297 1557 1408 scorpiis
1579 1298 1696 1402 atque
1714 1289 1936 1406 phalangiis

506 1416 712 1528 proprium
732 1414 796 1494 esi.
831 1409 946 1492 Unde
966 1409 1069 1523 apud
1093 1415 1269 1495 audores
1293 1407 1439 1523 dupleri
1463 1410 1515 1491 est
1537 1409 1579 1488 in
1595 1408 1745 1490 araneis
1761 1403 1936 1489 nocendi

505 1526 664 1610 modus.
690 1524 878 1607 Haustam
903 1526 945 1606 in
968 1527 1088 1628 vino,
1112 1522 1179 1608 vel
1204 1519 1303 1633 aquit
1323 1549 1504 1605 araneam
1524 1518 1568 1603 ut
1589 1545 1789 1602 venenum
1816 1515 1937 1626 aliqui

507 1637 746 1754 descripsdre
755 1698 770 1741 ‚
785 1637 887 1718 inter
903 1663 1004 1745 quos
1024 1643 1066 1720 dt
1079 1636 1303 1720 Avicennas
1321 1641 1363 1718 ὃ(
1382 1631 1526 1716 Paulus
1544 1633 1756 1745 AEgineta‚
1776 1629 1935 1714 fortiffi-

505 1779 650 1862 maque
691 1747 1016 1862 symptomatibus
1055 1746 1293 1834 validissimis
1347 1745 1524 1830 antidota
1573 1774 1666 1828 cum
1694 1745 1938 1828 .vomitoriis

505 1891 634 1947 rutam
668 1861 919 1974 sylvestrem,
959 1860 1126 1966 allium,
1168 1861 1315 1944 semina
1349 1856 1581 1972 spondylii,
1621 1854 1935 1976 calamintbam‚

506 1975 676 2060 daucum
706 1969 939 2084 praebebant.
968 1973 1077 2054 Nam
1105 1977 1378 2056 &anxietates
1401 1979 1443 2056 dt
1463 1970 1592 2054 febres
1618 1976 1659 2053 dt
1680 1971 1800 2051 urinae
1820 1972 1936 2052 emit-

506 2086 633 2170 tendae
659 2080 934 2167 difficultatem
957 2089 1059 2167 inter
1079 2087 1162 2166 haec
1183 2085 1443 2201 symptomata
1462 2080 1731 2167 numerabant.
1754 2081 1863 2166 Rern
1885 2081 1936 2165 de

505 2200 641 2280 nostris
670 2195 887 2310 phalangiis
912 2223 1030 2308 negat
1059 2193 1323 2281 illustrissimus
1357 2195 1407 2279 de
1435 2195 1634 2308 Sauvages
1646 2255 1660 2300 ,
1695 2191 1790 2276 licet
1818 2191 1935 2300 aliter

506 2309 656 2392 sensisse
670 2310 847 2394 uideatur
863 2306 928 2392 Cl.
943 2307 1082 2394 Lister.
1103 2309 1273 2393 Materia
1290 2312 1372 2391 haec
1386 2307 1436 2393 de
1448 2307 1598 2392 morbis
1614 2309 1717 2392 cutis
1729 2307 1936 2408 tradentes

505 2452 590 2505 non
608 2425 744 2534 tangit.
767 2418 897 2503 Probe
919 2447 1051 2505 tamen
1068 2419 1152 2504 scio
1171 2423 1440 2532 nequissimam
1460 2421 1674 2526 faminam,
1693 2417 1935 2529 quaeritis

506 2531 690 2618 tollendo
711 2537 852 2615 marito
878 2529 1123 2619 laboraverat
1147 2533 1284 2618 inscite
1296 2598 1312 2642 ‚
1339 2532 1472 2618 fassam
1501 2533 1642 2640 fuisse,
1667 2533 1707 2616 se
1733 2534 1828 2614 osio
1852 2561 1934 2614 ara·

506 2675 600 2731 neas
622 2673 671 2730 ex
692 2645 861 2729 horridis
886 2642 1025 2729 illis&
1044 2646 1325 2759 nigricantibus
1352 2676 1403 2733 ex
1429 2650 1525 2730 vino
1556 2644 1820 2762 propinandas
1848 2647 1935 2727 viro

505 2758 682 2867 alioquin
703 2757 864 2841 moroso
887 2756 1056 2865 dedisse,
1081 2759 1255 2845 innocue
1288 2759 1470 2870 quidem,
1499 2762 1654 2844 homini
1681 2759 1772 2869 qui,
1798 2757 1828 2840 sr
1853 2784 1934 2840 rem

504 2871 698 2977 scivisset,
727 2871 856 2954 forsan
880 2871 1091 2954 convulsus
1117 2901 1165 2984 ex
1189 2876 1357 2958 horrore
1381 2871 1523 2957 fuisset.
1592 2935 1596 2943 ι

560 2983 721 3068 Morsus
738 2987 834 3068 verb
854 3010 1080 3067 aranearum
1099 2985 1148 3068 ad
1169 3015 1243 3070 nos
1291 2989 1443 3072 ertinet.
1471 2985 1549 3069 His
1568 2980 1729 3068 aculeus
1749 3011 1933 3070 recurvus

505 3100 703 3206 utrimque
737 3093 896 3208 duplex.
937 3095 1094 3204 Liquor
1130 3099 1152 3180 ai
1213 3017 1424 3183 robofcide
1455 3094 1687 3181 intermedii
1720 3123 1933 3181 venenatus

503 3211 617 3312 exit,
645 3203 993 3291 demonstrantibus
1018 3207 1125 3292 Clar.
1193 3211 1324 3294 ead&
1339 3212 1505 3294 Listero.
1534 3209 1698 3294 Morsus
1715 3213 1784 3292 vix
1807 3207 1929 3294 ullum

429 3403 447 3412 ‚J
504 3318 688 3404 'dolorem
715 3322 919 3424 concitat,
948 3345 989 3402 at
1008 3345 1199 3404 terrorem
1225 3327 1368 3406 incude
1394 3327 1610 3436 ingentem.
1635 3321 1856 3406 Verisimile
1879 3323 1929 3405 est

502 3431 655 3518 inseetis
682 3429 824 3542 quibus
846 3431 1055 3516 vescuntur
1078 3431 1164 3516 illas
1188 3434 1502 3520 venenatasesse
1513 3496 1528 3542 ,
1556 3463 1778 3544 eorumque
1802 3435 1930 3546 liquo-

502 3572 589 3630 rem
616 3546 825 3630 resrstentes
854 3545 981 3629 adhlrc
1011 3549 1215 3658 perimere.
1250 3550 1307 3631 At
1336 3545 1564 3632 hominibus
1592 3545 1766 3653 nullam,
1796 3547 1930 3632 saltem

501 3658 723 3771 'apud'nos‚
748 3687 894 3772 noxam
920 3658 1126 3769 infligunt,
1152 3687 1225 3744 nec
1249 3661 1431 3760 videntur
1452 3659 1623 3770 aliquam
1645 3663 1788 3744 mereri
1813 3689 1931 3746 atten-

502 3773 669 3855 tionem.
687 3772 778 3854 Nec
799 3769 879 3884 ipsa
885 3768 1012 3965 plaga
1033 3767 1055 3852 ὲ
1073 3769 1284 3885 phalangio
1295 3772 1442 3888 appulo
1458 3773 1649 3856 tarantula
1665 3772 1772 3856 dieto
1789 3777 1932 3858 inflier

501 3880 585 3966 ulla
621 3910 781 3967 externa
818 3911 883 3966 me
911 3885 1106 3966 icamenta
1138 3885 1332 3998 postulat,
1369 3911 1435 3968 aut
1468 3886 1618 3969 morsus
1647 3915 1794 3971 aranee
1826 3885 1930 3970 illitis

500 3997 775 4103 Americanae,
811 4024 928 4106 quam
963 3994 1028 4078 Fr.
1064 3994 1303 4082 Hernandez
1332 4005 1398 4103 (ol¹
1426 3995 1496 4081 sub
1528 3999 1692 4082 nomine
1728 3997 1930 4110 hoiqocalr

502 4106 753 4221 descripsrt&
768 4106 1084 4218 quaetarantulae,
1098 4113 1228 4217 nteit,
1247 4118 1289 4196 dc
1306 4137 1499 4216 corpore,
1513 4118 1555 4195 ὃ(
1568 4111 1744 4196 nocendi
1753 4107 1932 4195 efficacis

501 4217 635 4302 fimilis
654 4223 730 4324 est,
752 4219 905 4306 nullum
932 4220 1196 4304 remediorum
1217 4251 1441 4338 apparatum
1461 4227 1649 4332 requirit,
1677 4251 1934 4309 externorum

502 4327 660 4430 saltem3
682 4333 708 4413 st
732 4362 816 4441 que
837 4358 918 4415 tam
938 4330 960 4416 *a
978 4331 1107 4447 longo
1122 4361 1303 4450 tempore
1318 4337 1368 4420 de
1391 4335 1436 4420 eai
1458 4333 1578 4418 relata
1597 4336 1706 4442 sunt,
1723 4340 1866 4443 statim,
1888 4347 1936 4422 dt

477 4449 480 4458 '
501 4437 573 4631 {ub
595 4471 792 4528 novorum
817 4442 1112 4530 observatorum
1131 4448 1448 4557 inquisrtionibus
1467 4473 1511 4530 ut
1531 4445 1626 4532 falsa
1645 4479 1729 4532 non
1752 4449 1936 4541 habenda

520 4577 587 4634 rut.
1249 4583 1251 4589 ’

558 4662 701 4746 Liceat
716 4695 814 4777 ergo
831 4665 922 4752 curri
940 4669 1161 4756 recentibus
1176 4673 1226 4758 de
1239 4671 1425 4759 fabulosrs
1442 4701 1666 4762 aranearum
1681 4681 1941 4762 nocumentis

377 4876 379 4886 Ι
499 4773 655 4858 sentire.
686 4776 777 4858 Nec
802 4804 933 4865 tamen
960 4781 1159 4867 diffitebor
1182 4791 1279 4876 mihi
1306 4786 1532 4901 scrupulum
1551 4785 1701 4895 injicii
1724 4787 1941 4882 doctissimi

541 4938 597 5011 (a)
620 4928 691 4995 Hist.
709 4934 823 5016 Animal
838 4953 905 5002 nov.
921 4935 1002 5022 Hisp.¹
1018 4958 1050 5006 tr.
1063 4963 1103 5026 js
1120 4959 1176 5026 cap.
1192 4961 1222 5020 ς.
