4292 5904
666 361 1210 522 CUTKNEI&
1572 439 1662 558 8η

222 584 337 676 citur.
364 585 514 679 verlini
539 591 592 681 ita
613 595 714 682 inter
732 597 772 684 se
792 597 1045 684 consentiunt
1059 596 1141 704 illi,
1165 623 1211 700 ut
1232 590 1327 713 sepi
1348 593 1454 686 idem
1477 625 1595 798 cqput
1612 607 1654 690 iii

223 729 331 828 parte
348 703 406 788 sui
426 729 472 790 ca
500 705 608 792 illarii
629 739 711 794 non
732 713 845 796 unitis
867 710 1004 796 format
1023 737 1200 796 tumores
1223 716 1453 819 contineat,
1471 715 1509 801 se
1554 717 1655 802 alter

223 841 298 921 rani
312 814 446 903 durior
461 740 505 907 slt
518 829 560 906 ὅ(
575 820 785 931 indolens,
808 823 905 909 alter
918 827 1023 935 quasi
1039 822 1327 908 intumescente
1342 827 1444 908 intus
1459 857 1657 915 contento

222 953 381 1014 tumore
398 929 538 1020 leviter
554 936 846 1046 inflammetur,
869 936 966 1022 alter
984 937 1252 1022 veterascente
1272 943 1313 1020 br
1333 938 1489 1021 sicciori
1505 941 1658 1030 decies«

225 1066 311 1147 cat,
334 1047 547 1157 postremus
568 1047 729 1134 demum
745 1051 924 1136 nondirm
944 1049 1083 1156 justum
1101 1050 1158 1134 sui
1172 1047 1363 1134 volumen
1383 1053 1615 1160 acquisierit.

279 1152 385 1240 Illud
414 1162 456 1242 in
486 1162 593 1246 hisce
621 1161 844 1248 tumoribus
877 1163 1061 1248 accurati
1090 1161 1412 1279 perpendendum
1442 1167 1521 1270 est,
1554 1161 1602 1248 an
1632 1177 1655 1254 is

223 1265 340 1351 causi
354 1267 475 1358 locali
483 1264 699 1389 pendeant,
712 1303 796 1387 qua
809 1277 938 1362 velud
954 1276 1171 1382 sorditiem,
1185 1274 1251 1360 vel
1263 1275 1313 1359 ad
1325 1277 1657 1408 compressionem

223 1373 399 1496 icapitis
417 1389 696 1502 integumentis
712 1389 1161 1494 indomitissimorum,
1182 1417 1232 1471 an
1250 1417 1332 1472 non
1351 1393 1481 1502 potitis
1497 1387 1521 1472 ‘ii
1540 1391 1660 1502 causi

224 1494 398 1688 generali
423 1500 641 1614 repetenda
664 1503 738 1586 siiit
759 1509 800 1588 dt
827 1501 850 1585 a
871 1502 1128 1618 deputatione
1153 1504 1367 1586 humorum
1392 1503 1433 1584 in
1455 1505 1539 1586 hrtc
1562 1501 1659 1588 loca

252 1609 486 1721 eponendis
504 1613 599 1698 Vidi
612 1615 734 1723 enim,
778 1615 957 1700 raseriim
971 1615 1073 1731 apud
1086 1611 1292 1722 mulieres,
1309 1641 1451 1728 magna
1464 1622 1506 1700 dt
1520 1615 1657 1701 habitu

223 1725 406 1806 vexantia
423 1728 560 1840 capitis
579 1725 703 1833 mala,
722 1646 776 1810 all
790 1727 900 1815 hisce
912 1727 1134 1812 tumoribus
1148 1731 1271 1814 enatis
1285 1727 1429 1812 cessare
1443 1735 1484 1811 dt
1498 1737 1657 1844 piorsiis

225 1829 424 1943 desinere,
443 1837 828 1955 suppuratiti'neverb
847 1840 1015 1958 peraili,
1035 1849 1077 1925 ὅ(
1097 1837 1275 1924 absoluta
1296 1843 1504 1947 cicatrice,
1526 1871 1659 1926 recru-

225 1942 386 2032 descere
408 1947 554 2036 denuo.
580 1953 670 2059 Iino
692 1957 883 2070 extirpata
906 1953 1189 2096 imprudentius
1211 1956 1253 2034 in
1277 1956 1414 2067 capitis
1433 1981 1525 2037 cute
1544 1954 1660 2040 meli·-

226 2061 326 2144 ceris
359 2089 456 2146 mox
505 2065 741 2150 hrenitidem
770 2066 916 2152 intulit.
954 2065 1203 2150 crediderim
1232 2063 1353 2148 semel
1383 2061 1656 2175 observatum,

225 2197 303 2256 tiec
314 2197 445 2258 tamen
457 2095 503 2260 id
509 2207 581 2291 pro
594 2177 858 2265 demonsbato
871 2177 1092 2282 habuerim,
1105 2175 1411 2260 melancholiam
1424 2175 1507 2262 fert
1521 2183 1662 2263 mania·

226 2311 343 2391 cam,
366 2285 509 2372 deinde
532 2293 715 2402 phthisim
736 2317 921 2373 nerveam
940 2289 989 2372 ab
1010 2294 1153 2370 horum
1178 2313 1380 2370 murorum
1401 2288 1660 2376 delirusiione

225 2396 598 2505 indueram,saltem
607 2397 688 2503 ejus
697 2399 737 2482 se
766 2427 905 2484 uacem
920 2399 1043 2484 fuisse.
1052 2397 1202 2482 Verum
1215 2424 1424 2509 antequam
1436 2401 1486 2484 ad
1495 2408 1660 2488 curatio-

225 2535 319 2592 nem
327 2512 580 2622 accingamur
589 2429 1086 2626 perpendendaestvivendi
1095 2536 1211 2620 atque
1219 2511 1573 2625 patiendinormaae
1602 2543 1661 2600 ro·

225 2648 338 2726 rum,
361 2621 518 2706 scienda
539 2628 591 2708 est
605 2622 801 2708 malorum
819 2622 961 2735 quibus
986 2620 1153 2707 obnoxii
1164 2627 1345 2708 vixerunt
1358 2627 1532 2732 hisloria,
1556 2545 1659 2713 <feto

256 2733 481 2846 endumque
497 2739 550 2820 est
570 2767 620 2821 an
639 2735 768 2848 aliqua
783 2737 944 2822 evidens
962 2735 1075 2822 causa
1093 2761 1270 2820 tumores
1290 2735 1383 2824 illos
1401 2739 1660 2852 produxerit?

226 2764 336 2932 {lam
362 2847 566 2932 fatendum
590 2852 642 2934 est
666 2852 741 2936 hos
769 2875 946 2934 tumores
972 2853 1091 2933 rariiis
1111 2848 1344 2962 exsurgere,
1374 2857 1417 2934 dt
1440 2857 1661 2968 promptius

227 2959 353 3046 sanari
381 2959 483 3044 mala
511 2965 596 3048 haec
624 2964 666 3046 in
691 2966 738 3048 iis
758 2962 985 3048 hominibus
1011 2965 1078 3072 qui
1100 2987 1219 3078 caput
1241 2961 1366 3045 rasum
1391 2991 1545 3076 gerunt.
1571 2966 1663 3049 Pia·

227 3070 368 3158 culum
387 3072 491 3159 foret
511 3071 600 3160 leve
615 3075 762 3159 malum
774 3073 984 3188 grandibus
1003 3075 1300 3159 medicamentis
1320 3077 1533 3190 attingere,
1552 3079 1662 3188 quod

227 3189 410 3300 graviora
433 3189 692 3272 incommoda
714 3191 954 3306 exciperent.
980 3186 1154 3271 Aliunde
1202 3185 1281 3272 lica
1303 3187 1497 3274 Polonica
1519 3192 1560 3274 id
1587 3190 1662 3274 sal-

227 3325 312 3383 tem
324 3359 338 3406 ,
359 3329 616 3410 quecumque
633 3303 699 3408 sit,
724 3301 960 3386 demonstrat
982 3299 1092 3414 posse
1110 3217 1227 3385 erilis
1247 3325 1365 3411 atque
1387 3301 1663 3416 depurationes

228 3439 302 3527 per
322 3409 456 3496 cutem
481 3411 702 3527 capillatam
725 3417 821 3498 fieti.
1092 3521 1096 3528 ι
1188 3423 1193 3432 “

212 3567 221 3574 -
288 3521 584 3609 Pretereiveib
595 3525 745 3610 summi
758 3523 852 3611 c'uri
866 3525 1133 3608 annotandum
1147 3521 1222 3628 est,
1240 3520 1435 3606 hodierno
1451 3527 1663 3614 noslratum

225 3635 440 3753 presertim
467 3633 595 3740 luxu,
618 3641 672 3720 ira
696 3641 811 3720 variis
836 3634 1015 3748 adipibus
1046 3631 1361 3744 aromatibusque
1389 3635 1502 3718 simul
1531 3642 1664 3728 mixtis

227 3773 367 3832 cutem
386 3744 608 3860 capillatam
630 3746 780 3852 imbui,
800 3750 852 3828 ita
871 3741 1001 3859 posteii
1019 3744 1181 3862 pulvere
1198 3743 1271 3828 illo
1294 3750 1432 3866 cyprio
1452 3753 1519 3858 qui
1539 3755 1664 3836 muci-

229 3857 365 3974 lagine
388 3859 510 3943 scatet
534 3859 742 3943 &acescit
765 3856 980 3966 facillime,
1001 3859 1177 3968 onerari,
1198 3861 1331 3969 utqui
1355 3885 1475 3974 caput
1492 3857 1664 3950 maximi
1722 3885 1725 3890 “

230 3998 417 4058 ornatum
447 3997 622 4084 gerunt,
653 3974 679 4055 si
734 3970 889 4056 tuendi
915 3996 1036 4084 atque
1066 3977 1147 4056 hac
1185 3997 1414 4055 ornamenta
1448 3977 1665 4062 renovandi

232 4113 371 4172 curam
392 4084 607 4190 amiserint,
625 4110 670 4167 ut
719 4111 734 4168 t
752 4087 794 4168 in
811 4081 961 4168 morbis
977 4113 1027 4170 ex
1047 4083 1262 4198 improviso
1281 4080 1665 4198 supervenientibus,

234 4195 449 4282 necessario
460 4200 584 4280 cutim
598 4193 828 4288 obstrufilam
842 4222 959 4306 atque
973 4197 1201 4311 obstipatam
1217 4193 1405 4303 habeant,
1421 4197 1527 4280 unde
1541 4223 1666 4284 tumo-

235 4307 343 4396 ribus
363 4305 582 4416 localibus,
606 4317 650 4393 δι
666 4310 747 4393 sirie
759 4307 965 4394 universali
980 4313 1160 4425 corporis
1180 4307 1375 4394 concursu
1394 4309 1663 4424 nascentibus,

233 4421 395 4506 occasio
420 4419 545 4506 datur.
1127 4523 1132 4538 ‚
1386 4489 1394 4507 .
1543 4453 1546 4463 ·

291 4533 339 4618 Id
359 4531 565 4645 presertim
586 4535 633 4622 lit
649 4533 692 4618 in
714 4559 806 4618 ciite
828 4529 1021 4619 infantum
1043 4529 1206 4618 humidi
1229 4541 1271 4618 dr
1294 4531 1341 4617 ad
1363 4531 1485 4618 hosce
1507 4533 1668 4623 affesius
1769 4537 1776 4549 “

238 4644 409 4730 maximi
432 4645 629 4759 proclivi,
654 4651 746 4732 ciim
770 4645 887 4732 luxus
907 4649 962 4732 ita
982 4645 1190 4732 invaluerit
1210 4671 1256 4730 ut
1273 4641 1373 4760 saepb
1389 4671 1529 4733 matres
1551 4675 1669 4757 atque

236 4757 417 4842 custodes
440 4757 516 4842 illie
542 4757 682 4869 quibus
707 4790 801 4846 cura
824 4761 1020 4845 infantum
1046 4755 1407 4891 concrediturplus
1433 4783 1669 4844 ornamento

234 4867 389 4958 frivolo
409 4877 451 4956 dt
471 4869 556 4958 levi
572 4871 773 4986 eibum,
796 4870 915 4990 quiiiu
936 4899 1037 4964 verae
1059 4871 1274 4990 &semper
1287 4873 1535 5072 lqiqqirpndae
1558 4901 1670 4960 muita

1470 5015 1497 5096 ¹l
