4292 5904
488 427 574 526 ⁶4*
924 411 967 500 D
996 413 1033 498 E
1091 413 1143 500 M
1171 411 1283 501 OJR
1301 409 1451 500 BIS

485 579 797 691 abstinentiaque
820 575 1003 662 ciborum
1027 581 1197 688 acrium,
1214 579 1488 681 moventium,
1511 567 1766 680 irritantium,
1780 562 1931 689 primas

485 694 546 778 ad
577 689 797 777 tollendam
823 716 975 806 guttam
1003 692 1154 776 roseam
1185 694 1436 778 conditiones
1464 685 1643 801 implent.
1675 690 1734 771 At
1762 689 1931 800 prosunt

491 803 708 922 plurimbm
733 807 775 886 in
796 805 878 888 hoc
905 803 1037 888 morbi
1064 805 1227 913 curandi
1252 806 1373 889 stadio
1399 831 1447 886 ea
1473 831 1555 911 qua
1581 799 1713 882 alvum
1740 799 1932 887 subluunt

495 927 539 1002 bt
559 917 711 1022 laxant,
736 918 819 1000 ¹sme
835 913 921 1002 ullo
944 921 1170 1002 irritationis
1191 917 1326 1024 sensu,
1354 943 1399 1000 ut
1423 915 1511 998 sunt
1531 912 1725 1027 praecipue
1747 913 1932 1016 vernales

432 1075 436 1083 -
494 1031 572 1116 illae
602 1027 730 1112 herbae
760 1060 844 1140 quae
876 1030 1139 1146 saponaceam
1163 1035 1348 1116 virtutem
1377 1033 1419 1112 in
1451 1027 1737 1140 principiorum
1768 1021 1931 1129 juventi

493 1144 672 1248 servant,
694 1142 856 1248 sonchi,
881 1170 1129 1251 taraxacum,
1154 1143 1339 1250 laslucae,
1363 1143 1564 1256 gramina,
1589 1165 1719 1222 avene
1743 1146 1786 1220 ἃ
1806 1143 1932 1224 tritici

494 1255 689 1340 nascentis
705 1253 829 1361 folia,
849 1260 934 1340 tbm
950 1259 1185 1341 cichoracea
1198 1259 1357 1364 omnia,
1379 1279 1496 1364 atque
1513 1251 1767 1364 borraginea,
1782 1249 1932 1359 quibus

495 1397 570 1484 pro
596 1365 731 1452 naturi
754 1369 916 1453 curandi
939 1367 1124 1476 subjesli,
1145 1369 1340 1454 adduntur
1366 1365 1457 1450 salia
1481 1361 1706 1446 mollissrma
1718 1425 1733 1469 ,
1764 1391 1932 1472 neutra,

496 1484 565 1566 vix
587 1483 800 1594 pungentia
809 1511 829 1588 ·,
854 1507 900 1566 ut
924 1479 979 1564 sal
1000 1480 1181 1596 vegetale
1205 1480 1305 1565 illud
1329 1484 1543 1564 nostrarum
1569 1475 1848 1581 officinarum,
1873 1475 1932 1562 sal

496 1592 744 1708 Rupellense
781 1627 790 1676 :
833 1597 935 1678 inter
982 1597 1065 1678 hac
1101 1594 1293 1709 praec'ipue
1332 1597 1477 1677 virtute
1520 1587 1738 1703 saponaceir
1771 1591 1933 1702 insignis

497 1711 649 1790 eminet
674 1733 776 1790 terra
809 1707 945 1792 foliata
974 1711 1118 1792 tartari.
1158 1707 1235 1792 His
1267 1708 1363 1792 diun
1394 1703 1502 1789 alvus
1532 1702 1612 1786 leni
1642 1698 1800 1784 stimulo
1829 1708 1930 1788 caea

525 1816 692 1902 roluitur
730 1825 772 1901 ὅ(
803 1817 956 1921 facilius
993 1821 1120 1904 effluit
1155 1817 1271 1925 bilis,
1304 1821 1490 1904 circuitus
1524 1819 1566 1898 in
1596 1839 1798 1940 portarum
1828 1815 1929 1902 vena

495 1850 661 2016 liberior
686 1933 841 2016 accedit
855 1995 868 2038 ,
899 1933 1054 2017 additur
1079 1941 1122 2018 bt
1147 1930 1304 2018 libertas
1330 1936 1371 2015 in
1395 1930 1613 2014 mesaraicis
1638 1929 1789 2010 arteriis
1811 1955 1931 2038 atque

495 2048 631 2148 venis,
653 2051 694 2126 ὅ(
714 2045 840 2153 srquae
860 2044 1000 2128 adsunt·
1017 2047 1311 2150 hamorro'r'des,
1334 2043 1610 2128 detumescunt
1630 2038 1725 2144 illae,
1744 2069 1811 2126 aut
1823 2040 1936 2130 laxass

496 2160 546 2254 ris
572 2159 746 2259 tunicis,
768 2155 995 2268 sanguinem
1016 2187 1090 2269 prae
1109 2157 1322 2240 erethismo
1342 2159 1593 2239 constridium
1619 2151 1830 2238 effundunt.

551 2269 716 2354 Norunt
741 2267 877 2350 formae
905 2293 1023 2377 atque
1049 2271 1188 2351 nitoris
1213 2270 1363 2382 cupidae
1387 2266 1601 2371 mulieres,
1628 2269 1805 2376 quantiam
1828 2267 1920 2380 ipfis

497 2381 699 2470 conducat
731 2377 863 2464 alvum
894 2375 1058 2463 liberam
1090 2408 1159 2493 per
1196 2405 1318 2464 artem
1350 2377 1524 2464 servasse.
1561 2379 1639 2462 His
1670 2377 1830 2488 quidem
1853 2407 1921 2492 per

499 2494 668 2603 longum
694 2517 848 2607 tempus
869 2493 1069 2606 produfilis
1090 2493 1190 2606 sape
1208 2490 1402 2577 debellata
1424 2491 1577 2576 videtur
1602 2489 1714 2574 fuisse
1739 2493 1930 2606 incipiens

444 2681 446 2690 .
496 2630 610 2718 gutta
630 2603 761 2710 rosea,
791 2605 857 2696 sed
879 2607 909 2689 sr
935 2602 1165 2690 fortioribus
1191 2606 1372 2690 remediis
1391 2633 1492 2718 opus
1518 2604 1663 2708 fuerit,
1689 2631 1736 2688 ea
1761 2631 1811 2688 ex
1837 2631 1929 2718 ape*

500 2719 683 2802 rientium
707 2715 948 2830 illorumque
971 2716 1204 2802 diluentium
1226 2747 1330 2833 penu
1352 2718 1402 2802 de
1431 2715 1620 2800 romenda
1641 2717 1743 2800 sunt.
1777 2815 1781 2823 ¹
1862 2753 1869 2764 ·

501 2901 509 2908 .
554 2829 740 2936 Etenim,
765 2829 861 2917 licet
878 2831 1028 2916 varises
1041 2829 1116 2914 illa:
1134 2835 1303 2915 minimae
1317 2828 1424 2914 nulla
1448 2833 1600 2914 ratione
1623 2827 1927 2917 obstnrffionem

358 3037 368 3050 .
497 2943 539 3024 in
566 2968 674 3056 parte
699 2940 885 3028 varicosi·
907 2943 1155 3059 supponant,
1188 2944 1256 3029 sed
1283 2945 1504 3030 tarditatem
1531 2947 1683 3027 tantiun
1713 2946 1930 3053 circuitus,

497 3059 741 3140 tamencum
764 3060 928 3173 perstant
953 3085 1071 3168 atque
1096 3054 1263 3142 rebelles
1285 3058 1373 3141 sunt
1395 3056 1445 3142 ad
1467 3057 1639 3140 remedia
1657 3055 1843 3140 vasorum
1868 3059 1929 3144 do

497 3165 645 3284 plentia
653 3230 668 3274 ,
688 3170 842 3255 necesse
857 3174 910 3257 est
927 3167 1048 3255 latere
1064 3173 1105 3253 in
1121 3168 1334 3256 visceribus
1354 3167 1534 3282 aquibus
1552 3169 1706 3283 sanguis
1726 3167 1930 3256 revellitur

498 3278 779 3368 obstrussiones
793 3344 807 3388 ,
841 3281 983 3392 quibus
1014 3281 1146 3366 frustra
1181 3313 1250 3398 per
1281 3286 1372 3369 artis
1405 3280 1611 3367 molimina
1640 3295 1852 3368 revocatus
1878 3283 1931 3372 ad

496 3393 684 3478 inferiora
712 3395 750 3493 sa
833 3398 891 3502 is,
921 3397 1069 3508 impetu
1097 3399 1317 3504 acquisito,
1341 3424 1411 3511 per
1438 3395 1479 3479 se
1506 3401 1631 3480 rursus
1659 3397 1702 3478 in
1727 3396 1927 3511 superiora

496 3505 687 3591 referatur
697 3569 712 3614 ,
741 3426 947 3619 aridisque,
977 3509 1044 3591 nisr
1062 3504 1238 3620 legitima
1253 3537 1322 3623 per
1337 3505 1593 3623 amplissimos
1614 3506 1929 3594 abdominalium

495 3617 689 3703 viscerum
716 3619 870 3704 canales
895 3623 1109 3704 restituatur
1134 3619 1366 3727 circulatio,
1388 3620 1658 3734 frustrb‘guttae
1678 3620 1800 3708 roseae
1821 3653 1930 3708 cura-

494 3733 649 3837 tionem
669 3731 808 3843 speres.
838 3732 955 3817 Undew
981 3731 1109 3816 herbae
1137 3761 1276 3818 omnes
1303 3737 1547 3846 aperientes,
1575 3731 1663 3817 boli
1678 3762 1732 3818 ex
1746 3739 1930 3822 emeris

496 3842 716 3958 plantarum
729 3844 882 3930 iliarum
903 3848 1130 3930 concinnati
1140 3909 1153 3954 ,
1168 3846 1261 3931 salia
1271 3874 1429 3955 neutra,
1445 3851 1564 3931 etiam
1579 3875 1629 3930 ex
1643 3845 1929 3954 conjunuione

495 3955 612 4042 alcali
638 3965 679 4042 dr
706 3956 912 4042 acidorum
939 3957 1186 4042 mineralium
1213 3960 1394 4044 confessa
1429 3962 1494 4044 hic
1530 3958 1707 4074 prodesse
1739 3962 1927 4077 poliunr;

495 4070 524 4152 li
557 4074 664 4154 enim
691 4097 775 4154 non
804 4069 994 4155 sustuleris
1022 4069 1301 4159 obstructiones
1329 4071 1438 4179 illas,
1467 4098 1618 4187 guttam
1648 4073 1800 4157 roseam
1822 4085 1927 4158 man-

492 4209 615 4290 ¹quam
628 4183 831 4284 sanaveris,
846 4182 1064 4268 Addendos
1088 4189 1206 4270 eriam
1227 4184 1485 4302 millepedes,
1512 4215 1585 4301 pro
1603 4213 1645 4272 re
1659 4183 1773 4294 nat-b,
1787 4188 1928 4303 praedi·

497 4322 589 4381 cant
615 4299 791 4380 auslores
819 4295 978 4404 jusculis
1013 4300 1194 4386 conflatis
1225 4327 1274 4384 ex
1303 4297 1513 4414 borragine
1526 4361 1541 4405 ,
1566 4297 1800 4407 cerefolio,
1821 4305 1928 4414 agri-

495 4407 629 4492 monid
640 4471 657 4515 ,
675 4414 881 4524 eupatorio
891 4472 905 4517 ,
931 4409 1234 4524 scolopendrio,
1254 4415 1340 4498 imb
1361 4414 1608 4504 &nasturtiis
1631 4437 1750 4526 atque
1770 4411 1932 4500 trifolio

495 4513 640 4622 librino
660 4521 922 4636 similibusque
944 4523 1078 4608 multis
1096 4524 1251 4640 plantis.
1274 4525 1423 4610 Pariter
1447 4522 1698 4640 prascribunt
1720 4525 1936 4614 addendos

493 4627 605 4714 hisce
627 4659 790 4720 cancros
813 4635 1020 4723 fluviatiles
1045 4639 1268 4749 contusos,
1294 4643 1362 4750 qui
1386 4641 1531 4724 virtute
1554 4637 1731 4722 antacidi
1761 4647 1805 4721 dt
1830 4667 1934 4755 ape-

494 4745 619 4846 riente
656 4750 826 4859 praellant
856 4785 869 4834 :
905 4755 991 4834 tirm-
1033 4750 1180 4836 addunt
1226 4781 1410 4838 arcanum
1450 4749 1705 4866 duplicatum.
1740 4745 1936 4862 Hacque

491 4855 665 4942 remedia
687 4859 955 4952 intermiscent
977 4863 1230 4984 purgantibus
1242 4868 1285 4961 ri
1297 4865 1494 4957 mediocri
1507 4867 1722 4981 instrueris,
1745 4861 1815 4954 sed
1837 4895 1937 4980 quae

1657 5239 1702 5325 Ι
