4250 5898
164 533 166 540 ,
680 398 1184 490 CUTANEru-
1560 427 1641 544 mr

211 567 411 680 ‘deamque
429 559 528 674 illa,
551 567 693 682 partim
712 565 761 652 ab
788 565 1032 683 epidermide
1058 595 1143 678 qua
1165 565 1208 650 in
1233 591 1326 652 cute
1352 565 1460 654 aridai
1485 566 1552 654 vix
1575 599 1646 687 pet

212 681 447 768 sufficientia
472 679 634 766 ‘vincula
657 685 824 767 neslitur
836 746 852 790 ‚
874 681 1057 793 adebque
1082 677 1200 764 facile
1224 679 1395 764 eraditur
1416 742 1432 789 ,
1456 685 1599 796 partim
1622 684 1647 774 b

212 796 384 880 mucosis
408 792 609 910 particulis
632 825 716 906 qua
738 799 780 880 in
803 822 895 882 cute
918 792 1025 880 aridi
1049 793 1230 878 arescunt
1248 791 1366 878 facile
1389 802 1431 878 dt
1457 797 1647 992 perspira-

212 909 335 994 tionis
363 911 567 993 materiam
594 910 818 1014 sicciorem,
833 909 1042 1015 efficiunt,
1072 909 1319 1020 quantumvis
1347 903 1410 991 illi
1433 912 1647 1021 a'quandb

212 1019 357 1134 magni
381 1019 501 1136 copis
523 1048 750 1138 erumpant,
776 1024 1024 1134 quantumvis
1046 1049 1233 1106 verorum
1247 1019 1450 1104 lichenum
1469 1051 1650 1112 naturam

211 1135 411 1242 afferrent,
423 1131 532 1218 nulla
545 1162 678 1220 tamen
692 1137 780 1250 ipsrs
792 1133 992 1248 singularis
1006 1137 1199 1250 competit
1213 1137 1365 1216 curatio
1374 1193 1388 1240 ,
1405 1138 1515 1244 ciam,
1530 1140 1648 1226 causd

211 1245 317 1331 bene
338 1276 390 1332 co
421 1243 501 1332 nita
512 1308 528 1355 ,
554 1246 654 1331 nihil
671 1248 778 1332 aliud
800 1247 994 1364 postulent
1012 1274 1147 1363 praeter
1169 1251 1426 1332 hunreslantis
1446 1252 1648 1362 regiminis
1780 1253 1782 1256 ’

210 1355 370 1446 auxilia.
438 1388 486 1445 ec
510 1389 640 1445 rarum
664 1363 741 1467 est,
761 1365 848 1476 post
866 1361 1015 1446 insueta
1033 1362 1244 1467 exercitia,
1272 1359 1372 1444 sudo
1401 1363 1649 1452 &fervente
1707 1405 1710 1411 ·

210 1471 326 1579 sole,
349 1475 434 1587 post
452 1471 586 1587 epulas
607 1471 820 1580 lautiores,
842 1472 1067 1559 &abusum
1089 1477 1170 1559 vini
1189 1472 1492 1582 inconsuetum,
1511 1475 1649 1566 videre
1779 1517 1783 1523 ·

150 1615 155 1620 ·
209 1589 254 1670 in
266 1583 473 1692 juvenibus
487 1584 630 1670 similes
643 1587 882 1672 furfitraceas'
900 1590 1126 1701 eruptiones
1143 1617 1226 1697 quat
1246 1613 1344 1700 potu
1365 1586 1563 1696 diluente,
1580 1619 1649 1696 aut

210 1697 365 1784 balneis
392 1699 534 1814 tepidis
562 1697 779 1784 solvuntur.
810 1700 901 1783 Ιιιιὸ
928 1729 1008 1810 quo
1038 1699 1229 1815 precipue
1257 1726 1437 1815 ternpore
1464 1699 1648 1817 pubertas

210 1815 385 1918 emicat,
406 1818 448 1894 dt
468 1839 597 1896 novus
623 1812 663 1895 se
684 1814 795 1897 venis
818 1815 984 1895 insinuat
1005 1817 1133 1924 ignis,
1156 1842 1236 1923 quo
1256 1839 1438 1927 tempore
1462 1843 1649 1930 apparent

209 1929 322 2040 signa
339 1923 648 2038 turgescentium
669 1923 970 2037 glandularum,
992 1924 1087 2038 saepe
1111 1926 1157 2008 sit
1166 1986 1180 2030 ,
1197 1921 1380 2050 ampliati
1395 1930 1499 2036 quast
1517 1930 1648 2044 super·

209 2041 308 2124 ficie
327 2039 453 2144 cutis,
472 2037 662 2152 separatio
684 2036 935 2150 epidermidis
956 2036 1212 2146 quotidiana,
1231 2036 1391 2146 ejusque
1412 2045 1647 2150 renovatio,

196 2147 408 2261 simulque
431 2175 778 2235 excrementorum
796 2149 1052 2234 mucosorum
1065 2211 1079 2255 ,
1096 2153 1136 2232 in
1162 2152 1361 2262 principiis
1386 2152 1546 2260 quidem
1569 2153 1648 2242 suis

207 2264 551 2370 tenuissimorum,
571 2262 641 2347 sed
659 2261 870 2347 densorum
894 2260 1026 2366 mole,
1048 2287 1262 2375 proventus
1286 2291 1476 2376 magnus,
1500 2297 1584 2377 quae
1604 2273 1649 2354 in

206 2379 273 2462 far
299 2385 340 2460 ὃ(
364 2375 527 2456 farinam
551 2371 723 2481 abeunt,
744 2404 809 2457 ma
837 2403 891 2458 no
913 2377 1059 2458 timore
1083 2398 1253 2456 matrum
1279 2379 1347 2482 qui
1374 2374 1458 2460 suas
1479 2380 1649 2466 credunt

205 2484 383 2594 jamjam
398 2483 636 2572 laboraturae
650 2405 877 2598 herpetifius
892 2483 1053 2601 puellas.
1072 2488 1130 2569 At
1143 2483 1254 2570 diaets
1268 2485 1443 2574 diluente
1456 2489 1648 2578 tumultus

208 2599 287 2686 ille
311 2601 597 2713 componitur,
618 2598 868 2683 renovandus
895 2596 1105 2708 aliquando
1130 2595 1328 2681 leviffimis
1355 2599 1552 2689 erroribus
1577 2605 1647 2690 ad·

207 2712 335 2798 millis
385 2739 428 2797 er
450 2739 574 2794 annos
594 2715 795 2824 integros,
824 2718 866 2794 dt
887 2711 1008 2794 causae
1024 2708 1279 2824 producentis
1302 2711 1515 2800 cellatione
1536 2717 1647 2803 annis

206 2742 467 2931 labentibus,
486 2849 606 2934 atque
627 2820 819 2912 conversi
830 2845 942 2909 atate
957 2822 1117 2909 tandem
1135 2823 1343 2908 finiendus.

271 2938 443 3022 Ariditas
457 2939 577 3043 vero,
598 2938 676 3022 five
695 2939 818 3043 cutis,
842 2939 920 3021 sive
938 2937 1059 3022 totids
1081 2940 1259 3050 corporis
1283 2962 1351 3050 per
1368 2937 1410 3022 se
1427 2939 1649 3050 quidemut
1778 2957 1781 2966 '

205 3053 355 3136 vitium
369 3053 421 3134 est
433 3047 779 3164 simplicissimum,
797 3051 849 3133 src
861 3053 980 3134 etiam
994 3047 1505 3163 fimplicemindicationem
1518 3055 1648 3140 offert.

204 3165 365 3250 Verum
381 3163 408 3245 sr
423 3161 609 3248 ariditatis
620 3161 752 3247 causas
763 3157 924 3246 ulterius
935 3162 1169 3269 scrutemur,
1182 3161 1290 3247 certe
1305 3189 1354 3247 ex
1368 3165 1648 3280 simplicissimo

204 3278 316 3364 vitio
339 3277 408 3360 fiet
427 3276 684 3360 teterrimum.
702 3277 826 3360 Nunc
848 3279 955 3359 enim
974 3274 1198 3360 ventriculo
1218 3273 1373 3360 medela
1391 3273 1553 3384 serenda
1572 3283 1649 3387 est,

207 3417 325 3474 nunc
350 3412 468 3473 tonus
488 3387 755 3474 resarciendas
776 3388 958 3473 vasorum
983 3392 1138 3473 aelione
1164 3392 1420 3476 concoelrice
1443 3391 1651 3477 defrauda-

204 3527 351 3587 torum
362 3559 377 3607 ,
401 3529 508 3584 nunc
534 3502 732 3616 aperiendi
757 3499 912 3588 canales
932 3505 1104 3607 nutritii,
1125 3499 1275 3586 instrui
1296 3533 1309 3602 ;
1334 3529 1400 3588 aut
1422 3509 1582 3589 materia
1600 3508 1649 3590 iis
1713 3577 1714 3584 ι

203 3612 477 3713 sufficienda3
505 3643 611 3697 nunc
639 3643 784 3729 corpus
815 3615 1040 3698 exhaustum
1071 3610 1256 3697 alendum
1289 3615 1342 3698 est
1354 3675 1369 3721 ,
1402 3646 1476 3731 pro
1505 3620 1649 3704 virium

207 3728 387 3814 ratione.
425 3724 507 3809 Sed
534 3723 628 3811 verb
656 3729 712 3811 ait
740 3724 799 3809 Hi
827 3752 1009 3840 pocrates
1021 3788 1035 3832 ‚
1066 3723 1220 3810 facilius
1251 3729 1303 3810 est
1332 3755 1501 3814 vacuare
1527 3728 1650 3840 ,quim

205 3868 257 3926 re
289 3835 384 3923 lere.
403 3837 692 3922 Vacuationem
707 3867 769 3922 ars
799 3840 900 3946 acit,
917 3837 1180 3954 repletionem
1193 3865 1336 3924 natura
1350 3843 1452 3925 vires
1469 3843 1651 3929 efficiunt

204 3867 323 4038 sola.
345 3951 445 4036 Non
463 3953 636 4037 nostrum
650 3953 703 4038 en
717 3975 831 4036 tanta
848 3949 1080 4036 incumbere
1095 3955 1297 4052 materiei3
1317 3956 1417 4036 cutis
1430 3955 1652 4040 ariditatem

204 4065 266 4152 ab
282 4066 453 4149 externis
468 4065 710 4149 concauam
723 4062 912 4149 sesiamur
928 4062 1053 4149 solam
1070 4068 1196 4172 hanc,
1222 4071 1264 4147 dt
1282 4093 1364 4148 uno
1377 4063 1503 4164 verbo
1521 4071 1651 4153 onmis

205 4173 456 4291 adimpletur
479 4176 647 4262 curatio.
677 4176 956 4264 Humenansa
978 4182 1063 4263 tiam
1086 4175 1263 4284 interne,
1286 4181 1371 4261 tiam
1395 4179 1556 4272 externe
1580 4179 1652 4267 ad-

207 4287 431 4376 movenda.
1315 4315 1318 4322 ’

271 4399 365 4487 Nec
379 4396 505 4488 ullum
525 4404 578 4487 est
592 4404 900 4489 humeslantium
915 4429 1039 4516 genus
1058 4401 1169 4514 quod
1187 4402 1340 4488 rccuset
1358 4406 1458 4490 cutis
1475 4406 1652 4516 ariditas,

207 4515 435 4603 nibtamen
450 4513 782 4630 curalflpraeposterit
797 4523 839 4599 dt
852 4513 1046 4601 ineruditi
1056 4543 1102 4600 ea
1115 4513 1236 4600 nimii
1249 4515 1503 4604 adhibeantur
1517 4519 1652 4648 copil,

206 4631 277 4716 ita
291 4651 337 4711 ut
353 4649 491 4710 venter
510 4627 603 4713 inde
620 4624 698 4738 jam
718 4655 931 4736 oneretur,
959 4625 1122 4744 lympha
1142 4631 1197 4714 ita
1214 4632 1494 4745 immergatur,
1514 4659 1559 4718 ut
1574 4663 1654 4739 jam

207 4739 370 4828 nonin
396 4739 695 4853 homogeneum
718 4747 762 4828 dt
787 4741 998 4828 animalem
1023 4740 1184 4828 laticem
1215 4747 1317 4829 verti
1340 4745 1485 4861 pulsu,
1512 4744 1580 4830 sed
1610 4747 1653 4827 in

205 4871 394 4967 corpore
417 4852 522 4966 quasi
543 4855 711 4967 aquosus
737 4853 841 4954 latex
864 4853 1055 4949 diluviem
1075 4856 1207 4946 saciat.
1234 4857 1380 4972 Unde,
1405 4885 1451 4947 ut
1467 4862 1510 4945 in
1529 4854 1654 4976 injec-

315 4999 318 5006 .
1383 4982 1385 5011 l

1381 5020 1384 5064 l
