4226 5916
532 427 533 432 ’
645 399 1135 489 CUTANEIS.
1532 427 1614 514 445

181 555 358 646 ,cubandi
387 565 539 648 ratione
567 593 579 664 ς
606 565 660 648 ita
690 589 735 649 ut
767 565 982 680 nudipedes
1012 569 1128 650 variis
1167 589 1365 652 tententur
1400 562 1449 648 ad
1482 591 1617 652 cutem

180 674 331 786 pedum
350 674 462 761 malis
478 673 618 786 quibus
637 707 719 760 non
737 681 980 791 attinguntur
993 680 1061 786 qui
1073 703 1208 762 cutem
1224 677 1368 762 calceis
1389 704 1616 809 protegunt.

178 783 245 892 3⁰.
268 785 459 890 Exvario
481 815 803 876 ornamentorum
823 789 920 896 usu,
943 819 1114 901 quorum
1141 790 1301 899 quidem
1329 795 1524 874 astronom
1551 795 1616 876 hic

176 897 374 1002 ,evolvere
400 907 557 1016 prorsus
588 903 693 988 soret
724 900 863 988 inutile
893 911 933 986 br
969 903 1071 1013 quast
1104 901 1340 1008 absurdum,
1369 904 1436 988 sed
1465 935 1549 1014 quae
1575 909 1617 990 in

180 1007 306 1114 alterst
320 1012 433 1120 hujus
449 1019 579 1130 operis
596 1042 705 1133 parte
726 1013 864 1100 locum
882 1018 1103 1122 invenient,
1125 1013 1193 1099 ubi
1214 1015 1409 1128 agendum
1433 1016 1619 1130 supererit

179 1121 235 1218 ,de
259 1125 408 1212 morbis
437 1132 478 1210 iu
503 1125 585 1245 ipsi
608 1155 701 1214 cute
727 1126 987 1214 nascentibus.
1019 1129 1121 1239 Qua:
1148 1131 1254 1213 enim
1282 1130 1402 1212 causae
1432 1128 1617 1228 morbum

183 1234 208 1320 dr
236 1244 399 1353 proprio
430 1244 671 1327 instrumenti
700 1245 800 1328 vitio
828 1243 1115 1346 determinant,
1147 1245 1186 1324 in
1219 1241 1345 1354 ipsum
1380 1239 1617 1355 alienigenas

185 1352 306 1434 etiam
329 1378 456 1468 partes
477 1355 694 1463 advocant,
716 1356 811 1440 dum
832 1352 1058 1440 debilitatur
1083 1380 1201 1438 tonus
1223 1353 1307 1436 loci
1330 1353 1377 1437 ad
1399 1383 1517 1464 quem
1537 1359 1620 1439 uni·

181 1463 344 1564 2versalis
363 1467 476 1552 causa
502 1471 699 1584 pertingit.
733 1469 974 1552 Varietatem
1002 1469 1104 1550 hanc
1130 1465 1307 1580 persequi
1330 1492 1375 1550 ut
1397 1468 1536 1551 inutile
1562 1470 1621 1552 fo·

183 1604 247 1681 ret
254 1641 268 1684 ,
290 1581 344 1664 ita
372 1585 492 1664 etiam
518 1580 700 1668 inutilem
724 1580 956 1666 diuisionem
982 1581 1223 1686 omittimus,
1244 1587 1285 1662 ὅ(
1307 1579 1471 1663 morbos
1493 1586 1643 1665 nomi·-

185 1688 302 1778 nibus
326 1701 365 1780 ὃ(
392 1694 592 1782 afferribus
618 1696 785 1808 insignes
810 1692 979 1778 totidem
1005 1691 1178 1778 articulis
1200 1693 1494 1805 prosequemur.

422 1917 955 2016 ARTICULUS
1023 1916 1385 2001 PRIMUS.

585 2129 654 2239 De
683 2125 814 2240 crusta
839 2127 962 2212 luders
987 2127 1196 2244 sustratum

182 2351 186 2358 ’
239 2353 357 2440 Unde
375 2353 528 2468 digressi
547 2352 678 2437 sumus
699 2359 942 2439 revertimur.
961 2353 1092 2437 Prima
1111 2357 1217 2438 enim
1233 2381 1321 2436 atas
1341 2357 1489 2467 primos
1508 2387 1625 2470 atque

182 2460 188 2550 J
217 2471 408 2582 raecipuos
435 2469 536 2549 curis
564 2464 728 2550 morbos
757 2471 966 2584 experitur.
1003 2466 1166 2582 Quippe
1196 2463 1331 2580 patent
1358 2471 1492 2554 omnia
1521 2472 1625 2582 quast

184 2499 326 2676 ¹hiulca
340 2577 429 2664 vasa
441 2640 456 2685 ,
476 2576 785 2694 &perspiratiO,
809 2582 866 2662 uti
886 2577 964 2685 jam
979 2577 1173 2684 diximus,
1205 2588 1246 2662 br
1271 2579 1442 2664 maxime
1462 2581 1626 2668 mucosa
1694 2649 1699 2654 .

190 2693 271 2800 est,
299 2690 538 2776 &indolem
566 2689 748 2774 ciborum
775 2689 947 2776 maxime
964 2692 1118 2776 retinet.
1150 2687 1244 2774 Cibi
1272 2689 1432 2802 quidem
1456 2693 1627 2780 maximb

190 2802 386 2919 simplices
401 2805 441 2887 in
455 2829 565 2888 artare
579 2801 739 2888 novellb
759 2802 857 2886 nihil
872 2802 985 2887 luxbs
1004 2801 1151 2889 habent
1172 2803 1291 2915 quem
1313 2807 1440 2918 perosr
1457 2807 1624 2894 infantes

190 2917 276 3004 refu
307 2944 446 3026 erent,
485 2914 585 3000 nihil
617 2914 762 3030 gulosae
796 2913 900 3000 illibs
934 2918 1128 3001 varietatis
1159 2947 1242 3028 quae
1276 2915 1421 3000 nedum
1452 2916 1626 3032 palatum

191 2949 340 3139 molle,
362 3059 437 3116 nec
453 3029 649 3114 eruditum
663 3026 834 3134 jucunde
851 3029 1080 3135 afficerent,
1103 3026 1242 3113 contri
1262 3057 1508 3114 venenorum
1527 3031 1626 3121 loco

191 3142 297 3260 ipsos
322 3143 625 3243 convellereut3
651 3141 718 3232 sed
746 3170 795 3226 ne
822 3141 933 3226 suum
962 3145 1107 3251 cuique
1136 3144 1235 3226 aetati
1260 3142 1356 3226 defit
1386 3171 1626 3258 peccatum,

191 3254 388 3372 ingluvies
411 3285 481 3374 per
509 3259 678 3374 copiam,
697 3257 860 3338 nimiam
887 3255 1190 3361 demonstratur,
1219 3261 1260 3337 ὃ(
1288 3257 1476 3370 appetitui
1504 3259 1628 3346 infan-

191 3396 278 3454 tunr
306 3373 437 3455 nutrix
462 3367 565 3456 male
592 3365 725 3454 sedula
755 3371 869 3452 nimis
893 3365 1148 3454 obsecundat.
1187 3365 1303 3452 Unde
1337 3367 1483 3481 duplex
1510 3375 1627 3486 origo

187 3479 362 3598 'duplicis
383 3485 511 3568 crustat
539 3480 669 3568 lasieae
694 3476 854 3598 pendet.
879 3479 1010 3564 Prima
1039 3483 1146 3563 enim
1171 3483 1293 3564 crusta
1320 3475 1442 3564 lauea
1472 3512 1555 3593 qua
1585 3489 1627 3570 in

190 3599 342 3682 vertice
358 3603 398 3682 br
419 3593 504 3680 toth
519 3621 611 3679 cute
634 3592 815 3710 capillatd
829 3593 1022 3677 infantum
1039 3619 1218 3706 apparet,
1241 3591 1319 3676 dici
1342 3593 1449 3708 posse
1473 3596 1628 3684 videtur

192 3737 243 3794 ex
264 3708 402 3794 ordine
422 3735 577 3795 naturae.
601 3706 763 3820 Quippe
781 3736 864 3817 quae
885 3705 934 3788 ad
954 3732 1093 3789 omnes
1113 3703 1221 3814 aque
1240 3705 1406 3790 infantes
1429 3711 1625 3900 pertinet,

189 3822 476 3934 &squammis
510 3847 627 3932 atque
661 3817 873 3902 furfuribus
908 3843 992 3904 tota
1025 3817 1386 3930 comprehenditur.
1463 3823 1627 3907 ruritum
1702 3895 1717 3914 ,

194 3959 328 4020 tamen
354 3933 526 4046 aliquem
555 3928 703 4016 abillo
732 3955 989 4015 excremento
1022 3931 1214 4014 concitari
1250 3929 1342 4014 inde
1372 3925 1626 4035 judicandum

193 4049 274 4154 est,
296 4047 405 4158 qubd
419 4047 488 4132 ubi
503 4076 547 4130 ca
576 4073 620 4130 ut
635 4043 854 4148 detedium,
879 4051 920 4127 ὃ(
940 4073 1076 4126 manus
1096 4040 1238 4128 liberas
1259 4040 1440 4125 obtinent
1459 4043 1626 4133 infantes

194 4161 467 4272 quicumque,
497 4078 577 4244 sesd
613 4154 792 4273 scalpunt
824 4154 969 4263 illico,
1002 4187 1096 4240 cum
1130 4153 1263 4264 aliquo
1299 4155 1352 4236 im
1383 4180 1449 4238 etu
1481 4161 1549 4266 qui
1585 4169 1627 4246 δε

196 4269 358 4358 deliffias
379 4279 419 4356 ὅ(
435 4271 699 4357 necessitatem
722 4296 885 4386 arguat3
907 4298 983 4355 nec
999 4295 1130 4354 tamen
1153 4266 1298 4349 fortem
1317 4183 1415 4371 ese,
1439 4295 1505 4352 aut
1523 4273 1627 4356 into·

195 4382 400 4470 lerabilem
418 4384 569 4469 sensum
592 4381 705 4466 illum
722 4381 816 4466 inde
831 4380 1065 4486 deducitur,
1090 4379 1198 4488 quod
1215 4377 1264 4462 de
1278 4377 1474 4494 scalpendi
1494 4385 1627 4470 neces-

195 4499 305 4582 srtate
326 4491 504 4612 cogitare
520 4526 603 4580 non
618 4495 845 4600 videantur,
873 4493 900 4576 sr
928 4495 1116 4576 reteslum
1144 4491 1261 4576 fuerit
1285 4517 1413 4606 caput.
1441 4492 1474 4576 F
1476 4496 1626 4586 ursures

195 4607 256 4696 illi
277 4640 359 4696 non
382 4637 470 4693 eam
492 4639 575 4721 quae
593 4604 816 4692 lichenibus
837 4603 1036 4690 familiaris
1056 4605 1108 4687 est
1128 4604 1297 4687 formam
1320 4603 1537 4714 assumunt,
1560 4609 1627 4696 sed

194 4725 359 4808 crustam
376 4722 504 4804 cruslae
531 4721 643 4837 super
671 4719 808 4805 osrtam
824 4715 1035 4823 exhibent,
1062 4720 1114 4800 ita
1139 4743 1184 4800 ut
1204 4713 1349 4800 lamina
1375 4747 1450 4799 una
1473 4717 1628 4806 fortiter

197 4836 282 4928 cuti
316 4833 495 4952 affigatur
531 4841 573 4918 δι’
604 4751 828 4948 adhereat,
861 4829 981 4918 altera
1007 4833 1133 4918 minus
1158 4829 1350 4942 firmiter,
1378 4833 1490 4916 tertia
1516 4858 1561 4916 ut
1588 4863 1632 4952 ru
