4228 5898
484 379 1267 496 ‘INTRODUchd
1575 436 1628 522 π

200 563 333 658 Semel
347 571 416 656 has
441 567 668 684 sanguineas
694 571 776 656 vidi
790 567 955 685 pustulas
970 574 1013 654 in
1033 575 1197 658 homine
1215 575 1375 688 triginta
1395 563 1518 660 annos
1533 603 1628 662 nato
1660 583 1666 595 '

196 687 335 771 adium
353 683 604 768 aedificatore.
619 683 777 767 Exortae
800 711 911 768 erant
929 713 1025 768 cum
1049 689 1198 801 pruritu
1215 689 1391 801 ingenti,
1415 689 1520 774 unde
1537 717 1628 775 acre

200 807 242 883 bt
264 797 434 884 erodens
454 797 583 880 serum
603 800 643 879 in
675 794 748 879 illo
779 795 961 911 suspicari
984 798 1042 880 fas
1072 796 1261 884 erat.'Ille
1291 797 1359 883 lon
1391 829 1417 884 o
1447 826 1527 885 tem
1558 831 1627 888 ore

225 908 408 996 arietibus
428 908 654 993 dealbandis
669 911 841 993 intentus
860 910 983 993 nudas
998 908 1111 994 tibias
1136 909 1210 994 soli
1233 831 1412 998 obversas
1431 831 1628 1000 obtulerat

31 1079 33 1094 .
261 1050 350 1109 ente
364 1021 480 1134 syrio.
493 1023 696 1106 Litteratis
713 1048 823 1106 atate
872 1017 1118 1107 randioribus
1138 1051 1253 1108 crura
1275 1025 1320 1108 iis
1335 1029 1454 1110 etiam
1469 1027 1626 1140 pustulis

31 1145 33 1206 l
198 1137 448 1234 afficiuntur3
467 1134 595 1248 longo
608 1133 794 1230 alsrdendi
810 1053 871 1218 ad
872 1136 1012 1219 focum
1027 1135 1114 1240 usu,
1130 1136 1219 1220 vasa
1233 1134 1414 1222 tibiarum
1427 1139 1509 1223 sere
1523 1145 1626 1225 vari·

195 1251 291 1334 cosa
312 1257 355 1333 &t
369 1244 483 1332 facile
502 1247 718 1362 rumpenda
736 1247 932 1354 evadunt,
950 1247 1199 1334 coilionibus
1218 1248 1332 1333 stmul
1355 1249 1510 1338 alitmde
1534 1255 1626 1340 fun-

194 1361 303 1446 ditirs
326 1352 571 1444 labefaciatis.
673 1446 679 1462 ,

253 1475 321 1558 Ad
343 1473 566 1586 sanguineas
589 1471 785 1558 accedunt
806 1469 971 1589 pustulas
1004 1469 1080 1556 illae
1102 1499 1185 1666 qpae
1211 1470 1435 1584 atrabilariae
1457 1473 1505 1559 ab
1525 1479 1625 1563 anti-

195 1590 284 1698 quis'
302 1583 545 1670 dicebantur.
570 1588 708 1672 Anam
734 1587 895 1696 quidem
913 1583 1036 1669 bilem
1060 1614 1111 1667 nu
1145 1591 1284 1671 atensis
1300 1590 1343 1670 in
1368 1588 1554 1695 massam,
1584 1598 1626 1674 bt

195 1700 301 1810 quasr
323 1695 608 1812 conglobatam
639 1703 846 1783 continent
871 1695 974 1802 illae,
1001 1698 1069 1782 sed
1092 1696 1234 1782 saevitie
1261 1723 1379 1810 atque
1408 1701 1625 1786 acrimonist

196 1808 413 1895 atrabilarist
437 1811 600 1895 efferum
625 1810 752 1896 serum
774 1811 862 1895 vasa
887 1809 967 1924 ipsa
988 1810 1166 1895 corrodit
1190 1809 1398 1925 sanguinea
1419 1815 1625 1899 &effundi

196 1922 356 2008 laricem
377 1925 465 2006 smit
480 1921 740 2035 quemlubitb
764 1923 843 2038 ipsa
864 1925 1080 2007 acrimonia
1095 1926 1136 2007 in
1151 1926 1346 2037 nigricans
1368 1923 1504 2008 tabum
1529 1954 1626 2012 con·

195 2041 334 2132 vertit,
346 2034 439 2120 vere
453 2035 669 2150 pestiferam
709 2034 870 2120 ustulam
882 2033 1070 2120 attollens
1086 2044 1128 2120 &
1141 2037 1224 2121 cito
1241 2033 1449 2144 lethalem,
1467 2039 1622 2124 srsrmul

195 2149 313 2234 febris
339 2152 540 2234 concitata
566 2158 650 2234 &e
682 2149 884 2234 ervescens
909 2147 1088 2233 desaevire
1107 2151 1210 2234 indta
1235 2151 1436 2236 materiem
1461 2159 1502 2234 dt
1523 2153 1626 2236 intu-

197 2263 371 2347 mescere
393 2258 547 2376 probet.
566 2260 794 2372 Aliquando
814 2287 945 2347 tamen
967 2265 1112 2346 criticae
1130 2261 1334 2346 evasenurt
1355 2261 1451 2346 tales
1495 2264 1622 2366 ustulae

193 2379 238 2458 in
259 2373 355 2458 mali
380 2377 503 2460 moris
524 2373 695 2480 morbo,
721 2374 749 2458 st
774 2399 907 2460 tamen
926 2370 1086 2458 levioris
1102 2401 1205 2458 nota
1213 2373 1363 2484 suerit,
1387 2291 1493 2490 saepd
1503 2379 1622 2462 etiam

199 2488 280 2572 stne
291 2485 398 2572 febre
413 2515 659 2604 gangrenam
672 2496 715 2571 ὃ(
726 2484 954 2602 sphacelum
963 2489 1142 2574 nuntiant
1157 2493 1199 2570 dt
1213 2487 1380 2572 afferunt
1389 2485 1484 2594 illae,
1495 2493 1623 2574 vario·

203 2627 276 2710 que
301 2603 465 2684 nomine
489 2600 592 2716 apud
621 2603 802 2710 antiquos
828 2596 1072 2685 vocabantur
1088 2615 1202 2682 'nunc
1230 2595 1499 2705 paruerimus
1526 2599 1621 2701 rausa

196 2741 302 2798 nunc
313 2707 469 2822 abacia
481 2713 550 2798 seu
561 2709 804 2830 ιιιζισμτα,
822 2719 863 2794 ὃ(
877 2708 1002 2794 Palrlo
1017 2707 1085 2794 lib.
1098 2741 1150 2815 4,
1164 2733 1251 2823 cap.
1270 2741 1345 2817 ιο,
1360 2711 1593 2829 opisphora
1607 2769 1621 2808 ,

196 2823 469 2947 αιριζισμιτα,
486 2819 751 2933 aspiranum
764 2853 847 2936 quae
862 2827 996 2906 omnia
1009 2820 1164 2906 causam
1187 2821 1388 2936 defignant
1400 2822 1562 2910 feralem
1577 2834 1619 2912 bt
1700 2909 1704 2921 ,

198 2942 308 3024 omni
321 2935 526 3053 diligendi
538 2935 764 3022 medicinali
778 2938 817 3021 di
847 2957 950 3018 nam.

252 3051 342 3136 Post
363 3053 592 3166 sanguineas
609 3049 696 3134 illas
712 3051 794 3164 pust
838 3078 877 3132 as
901 3075 983 3158 quae
999 3041 1275 3160 suppuratione
1297 3044 1380 3130 solrl
1406 3050 1617 3165 phlegmo-

194 3163 301 3250 node
317 3163 409 3249 tolli
421 3163 582 3360 poliunt
607 3169 649 3248 ἅ
666 3165 792 3247 curari
805 3225 820 3268 ‚
826 3161 984 3358 priores
998 3163 1162 3244 veniunt
1180 3169 1223 3244 dt
1240 3161 1458 3272 frequentis
1483 3174 1524 3250 δι
1544 3197 1618 3249 nu-

192 3307 305 3365 mero
321 3308 405 3388 quae
440 3303 511 3362 unt
529 3274 797 3390 lymphatica,
814 3279 826 3357 i
870 3275 922 3356 est
938 3271 1024 3356 sero
1040 3275 1120 3356 acri
1135 3280 1177 3356 &
1193 3277 1383 3406 pungenti
1393 3273 1528 3387 plenae.
1543 3277 1617 3364 Hae
1638 3293 1644 3302 “

190 3393 324 3508 sapius
334 3391 456 3474 basim
473 3388 620 3475 habent
631 3384 968 3502 erysipelatosam,
983 3415 1065 3470 non
1076 3411 1208 3469 tamen
1221 3389 1528 3495 umversrm,‡ec
1540 3397 1618 3476 uni-

190 3507 384 3590 formiter.
392 3500 619 3614 Aliquando
639 3498 688 3586 ab
703 3503 871 3588 humore
889 3497 1134 3613 lymphatico
1151 3498 1335 3608 quidem,
1345 3500 1414 3584 sed
1424 3531 1516 3584 cum
1533 3501 1617 3591 aliie

193 3647 286 3702 com
315 3615 410 3701 lexo
423 3617 587 3700 conflari
600 3614 781 3699 videntur
791 3676 806 3722 ‚
822 3616 875 3696 ita
889 3611 1029 3696 dantur
1047 3613 1089 3692 in
1106 3607 1254 3694 morbis
1270 3608 1408 3718 lentis,
1429 3613 1615 3702 femineis

193 3761 267 3846 pra
285 3734 417 3834 ertim,
439 3727 593 3843 pustulae
614 3723 861 3840 lymphatica
874 3755 958 3835 quae
972 3724 1163 3836 fastigium
1176 3725 1616 3840 praeseruntnigricans3

192 3873 276 3927 non
292 3843 454 3955 quidem
468 3838 580 3924 moral
592 3842 857 3943 contrarium,
873 3836 982 3948 quod
1001 3835 1294 3950 gangrenosum
1309 3840 1434 3943 soret,
1452 3849 1493 3922 ὅ(
1510 3837 1614 3924 sum-

190 3987 298 4040 mam
326 3955 487 4040 devioae
518 3979 659 4037 narurae
688 3949 932 4038 debilitatem
956 3975 1160 4064 arguerem
1185 3950 1253 4035 sed
1277 3953 1382 4061 quast
1402 3949 1515 4036 illico
1539 3956 1613 4037 hu-

191 4098 308 4154 more
320 4072 462 4182 nigro,
478 4095 628 4179 pauco,
646 4093 738 4150 cum
753 4061 1093 4259 lymphbpluriml
1107 4067 1276 4147 remixto
1294 4066 1480 4147 constant.
1496 4065 1613 4151 Mor-

191 4181 265 4267 bus
282 4186 351 4266 bic
369 4181 566 4294 eruptivus
586 4177 634 4261 ab
649 4177 897 4294 Hippocrate
928 4173 981 4259 ub
996 4179 1159 4259 nomine
1171 4179 1281 4266 dolor
1303 4173 1532 4262 describitur
1545 4185 1612 4292 qui

192 4295 377 4410 pudenda
390 4318 507 4377 vexat
524 4289 753 4398 mulierum,
770 4299 811 4374 ot
831 4295 873 4372 in
895 4292 987 4374 viria
1012 4291 1131 4372 etiam
1146 4346 1160 4391 ‚
1175 4285 1242 4371 sed
1262 4291 1380 4373 rarius
1390 4351 1407 4396 ,
1427 4287 1611 4378 observa»

193 4437 268 4492 rur.
281 4407 404 4493 Unde
418 4411 536 4491 etiarn
557 4402 699 4488 Paulus
721 4401 790 4486 lib.
813 4433 862 4509 3,
887 4431 976 4514 cap.
1005 4430 1074 4508 54,
1096 4399 1285 4500 dolorm
1303 4406 1485 4510 lediart,
1503 4411 1556 4492 ait
1569 4417 1612 4492 &t

195 4519 288 4604 Gal
311 4519 383 4604 lib.
398 4551 444 4627 9,
467 4541 726 4606 κατωτεπυς.
743 4513 834 4631 Ego
848 4517 946 4599 verb
961 4511 1125 4628 pustulat
1142 4511 1255 4620 hujus
1278 4517 1431 4628 generis
1451 4515 1546 4603 latas
1569 4523 1611 4603 in

194 4633 370 4718 cmribus
405 4636 721 4718 cacheoicorum
745 4625 823 4736 jam
847 4623 1212 4743 leucophlegmatiae
1233 4631 1505 4741 proximorum
1527 4659 1612 4716 non

195 4744 272 4830 uni
286 4745 495 4852 vicerim,
510 4747 593 4830 imb
617 4749 658 4827 in
680 4739 906 4829 hominibus
930 4740 1084 4826 summo
1112 4734 1332 4856 defatigatio
1353 4741 1489 4828 libore
1501 4806 1517 4850 ,
1531 4746 1610 4828 line

189 4855 277 4948 'ullo
298 4860 497 4948 cachexia
510 4861 673 4974 uestigio
694 4862 896 4960 oriuntur3
916 4855 1081 4970 suntque
1104 4851 1209 4968 quast
1236 4852 1350 4970 quiin
1370 4858 1449 4942 stre
1477 4856 1612 4972 perflas
