4190 5884
373 535 375 539 ,
476 485 501 540 2
731 445 825 536 os
865 396 1173 536 arostars
1231 442 1627 536 cosanum.

473 611 604 728 posted
623 611 693 698 filo
718 643 917 722 nunquam
941 610 1072 696 sallaci
1091 613 1217 696 nostra
1244 637 1425 724 regantur
1444 615 1613 728 vestigia.
1633 611 1742 699 Hinc
1765 639 1889 700 cutem

472 729 595 842 ipsam
619 791 633 834 ,
666 755 852 836 tanquam
879 728 1007 838 operis
1029 727 1147 808 noslri
1170 719 1413 842 subjeetum,
1437 723 1605 830 breviter
1630 723 1889 828 lustrabimus;

471 840 565 925 inde
591 839 756 922 laestonis
789 838 961 942 causas,
1004 865 1139 922 earum
1171 839 1274 920 vires
1307 863 1424 947 atque
1451 839 1558 952 signa
1584 839 1883 953 ponderantibus

472 949 730 1038 elucescet&
748 946 957 1062 Diagnosrs
973 1011 986 1056 ,
1005 957 1046 1032 ὃ(
1069 948 1116 1032 ab
1137 942 1204 1062 ills
1223 949 1398 1062 pendens
1414 978 1530 1061 atque
1549 955 1758 1066 repetenda
1770 957 1889 1072 Prog-

471 1068 587 1152 nosrs.
623 1061 685 1148 Ex
719 1064 778 1146 his
808 1061 946 1176 sponte
982 1061 1101 1144 &ad
1141 1061 1460 1174 dogmaticorum
1491 1063 1747 1150 Medicorum
1783 1099 1890 1153 men.

471 1205 555 1264 tem
592 1177 672 1262 sese
702 1173 814 1257 nobis
843 1173 1010 1256 offerent
1035 1173 1295 1255 indicationes
1318 1174 1554 1280 curamriae,
1579 1177 1626 1258 ad
1649 1210 1742 1287 quas
1766 1208 1890 1266 totum

470 1321 572 1405 opus
605 1287 794 1375 collineat
808 1347 823 1394 ,
858 1311 974 1395 atque
1001 1284 1243 1384 intenditur3
1267 1282 1408 1392 quibus
1434 1285 1554 1370 semel
1576 1293 1739 1373 excullls
1765 1301 1891 1408 vepri-

469 1401 574 1509 bus,
603 1402 831 1486 audaciores
860 1397 909 1481 ad
932 1394 1225 1514 particularium
1261 1395 1494 1479 morborum
1521 1403 1805 1512 expositionem
1830 1412 1893 1490 via

466 1497 1894 1624 faciliorupronadeducet‚variasqueAuetorumopinionesstobser-

466 1655 555 1712 vata
567 1691 580 1732 ,
606 1630 757 1708 ratione
780 1619 910 1706 facem
936 1623 1131 1735 praebente
1143 1684 1160 1731 ,
1186 1621 1236 1706 ad
1263 1619 1401 1708 severe
1436 1627 1591 1708 critices
1618 1654 1799 1714 normam
1824 1661 1894 1716 ex-

461 1739 640 1853 pendere
669 1733 885 1850 proclivius
906 1740 992 1821 erit.
1234 1759 1239 1772 ’

462 1959 1901 2060 ...η’-Ἣ.-

775 2176 1092 2281 CAPUT
1173 2179 1561 2280 PRIMUM.

461 2349 465 2515 ζ
572 2350 576 2360 Ι
633 2437 705 2528 De
747 2429 858 2528 ‘Cure
904 2424 1101 2586 bumaud
1143 2431 1193 2526 in
1215 2423 1344 2564 flatu
1369 2426 1489 2567 sano
1517 2426 1731 2565 speslatd.

460 2619 726 2780 lucens
758 2714 841 2793 quae
870 2685 911 2765 in
939 2682 1129 2766 cadavere
1156 2684 1287 2796 potibs
1316 2682 1430 2797 pellis
1461 2685 1642 2770 vocanda
1670 2689 1750 2790 est,
1778 2691 1895 2776 vario

460 2802 501 2882 iu
530 2798 686 2884 diversrs
722 2799 915 2882 variarum
946 2799 1155 2908 regionum
1195 2793 1341 2877 incolis
1385 2795 1525 2880 colore
1566 2799 1745 2910 insignita
1760 2859 1776 2904 ,
1813 2825 1896 2886 nec

461 2909 599 2996 esdem
618 2905 745 2990 formal
754 2968 767 3010 ,
784 2931 850 2989 aut
866 2906 1009 2988 eodem
1028 2907 1174 2988 decore
1190 2907 1231 2984 in
1244 2905 1337 2987 sexu
1353 2931 1540 3018 utroque,
1558 2911 1676 2998 autin
1699 2915 1899 3025 perpetus

346 3036 350 3048 ·
458 3047 614 3104 aetatum
643 3021 861 3102 mutatione
890 3013 1116 3130 praesulget,
1142 3017 1225 3097 imb
1256 3016 1352 3130 saepe
1383 3017 1512 3102 subitb
1545 3047 1714 3104 mutatur
1733 3031 1898 3114 ratione

457 3133 667 3218 intimioris
688 3140 730 3214 ὃ(
752 3132 916 3244 propriae
940 3131 1152 3232 limbum,
1178 3128 1478 3215 &diversitates
1503 3136 1622 3216 etiam
1646 3133 1897 3250 multiplices

458 3242 649 3358 accipitis
679 3240 851 3358 partibus
877 3241 918 3323 su
947 3244 1091 3354 postris.
1114 3241 1183 3323 Sic
1209 3243 1328 3324 etiam
1359 3243 1456 3357 saepl:
1489 3251 1530 3327 ὃ(
1562 3241 1726 3330 latentes
1765 3255 1896 3339 animi

455 3361 643 3461 assessus,
674 3381 741 3438 aut
762 3352 894 3437 frustra
907 3271 1129 3436 dissrmulati
1148 3357 1327 3468 corporis
1353 3359 1548 3440 cruciatus
1567 3357 1608 3440 in
1621 3355 1701 3466 ejus
1718 3360 1895 3475 colore,

456 3469 702 3554 lineamentis
729 3475 770 3554 ὃ(
797 3467 938 3550 intuitu
959 3464 1154 3660 legunpr.

510 3583 610 3666 Non
636 3579 703 3664 illa
729 3607 802 3694 pto
838 3577 1003 3692 simplici
1037 3583 1086 3662 ha
1116 3577 1226 3690 enda,
1246 3583 1298 3662 esl
1322 3577 1567 3688 involucro,
1597 3582 1896 3700 sedorganum

456 3697 680 3800 constituit,
705 3701 747 3777 ὅ(
776 3690 874 3774 mirsi
894 3695 1080 3776 varietate
1104 3693 1353 3798 conflatum,
1400 3701 1442 3777 ὅ(
1466 3693 1615 3778 summfi
1650 3697 1897 3787 adornatum

454 3805 671 3922 sapientiai,
697 3809 782 3888 tbm
804 3805 853 3888 ad
882 3808 1061 3918 corporis
1089 3801 1331 3910 utilitatem,
1363 3811 1446 3888 tum
1472 3807 1520 3890 ad
1546 3809 1680 3892 forma·
1705 3813 1896 3924 pulchri-

453 3921 644 4004 tudinem.
672 3919 726 4000 Ut
753 3945 850 4032 crgo
874 3915 1002 3998 illa&
1032 3919 1072 3997 in
1092 3917 1162 3998 suo
1191 3918 1285 4007 statu
1310 3921 1443 4000 nativo
1468 3920 1758 4032 cognoscatur,
1780 3933 1825 4006 ὅ(
1849 3931 1897 4014 in

456 4035 736 4117 constitutione
759 4026 948 4112 morbosa
970 4053 1109 4112 contra
1130 4053 1305 4110 naturam
1323 4026 1577 4136 defleoente,
1597 4031 1773 4118 lustretur
1788 4041 1897 4124 inti-

453 4147 583 4252 mibs‚
608 4146 831 4227 strusiutam
854 4139 935 4249 ejus
964 4168 1080 4252 atque
1103 4143 1358 4255 proprietates
1382 4143 1445 4226 blc
1470 4141 1607 4228 licebit
1625 4148 1897 4260 investigare,

453 4289 536 4342 non
561 4255 731 4370 gloriam
752 4253 866 4342 nobis
892 4252 1162 4368 praesumentes
1189 4255 1419 4338 anatomicae
1450 4253 1697 4364 subtilitatis,
1737 4261 1898 4348 sedita

452 4373 676 4452 strusluram
700 4365 782 4474 ejus
813 4365 1110 4480 expendentes,
1148 4393 1192 4450 ut
1219 4365 1313 4448 dum
1342 4364 1580 4452 medicinam
1602 4371 1713 4456 malis
1741 4381 1898 4484 quaeti-

452 4513 569 4588 mus,
598 4509 737 4564 eorum
765 4479 905 4674 pradus
929 4479 979 4560 ad
1000 4508 1141 4564 nature
1164 4509 1345 4562 nonnam
1371 4481 1555 4594 possimus
1576 4487 1704 4569 metiri
1716 4547 1732 4594 ,
1759 4513 1897 4600 atque

450 4591 637 4714 perpensi.
653 4620 767 4676 corre
784 4594 916 4676 atione
935 4593 1130 4680 conferre.

484 4822 534 4896 (r)
557 4819 691 4880 Auaores
700 4816 748 4878 bic
763 4815 855 4880 nullos
871 4817 967 4880 citatos
984 4815 1119 4897 reperias,
1132 4837 1197 4879 turn
1209 4817 1303 4878 omnia
1318 4837 1354 4878 ex
1370 4815 1406 4876 lin
1447 4815 1540 4879 lorum
1555 4817 1787 4883 Anatomicorurn
1801 4819 1894 4885 libris

448 4901 593 4982 desumpta
607 4901 676 4978 fist.
695 4899 818 4984 nihilque
836 4899 867 4966 in
882 4922 912 4966 re
930 4899 1058 4964 omuibus
1077 4899 1198 4982 exposui
1212 4899 1401 4970 libitintlican
1422 4919 1469 4960 una
1482 4901 1522 4962 lit.
