4292 5904
712 441 1204 544 eu'T'nNatc
1598 464 1677 550 661

241 623 317 730 eli,
340 621 510 706 humore
530 616 697 706 mucoso
712 615 894 736 plenam,
913 647 998 732 que
1015 617 1204 705 incessum
1220 615 1424 704 difficilem
1442 619 1549 704 facit.
1565 619 1681 708 Alio·

241 737 364 848 quin,
378 732 474 818 licet
489 733 702 840 deformis,
718 737 870 849 integra
887 742 928 818 &
944 733 1034 819 sana
1045 734 1239 850 perpetuo
1254 727 1322 816 illa
1337 736 1390 817 ita
1406 733 1615 839 madescit,
1635 757 1682 824 ut

241 845 494 960 qudcumque
509 845 630 953 horai,
644 847 942 958 dinnostuque,
955 845 1076 932 lintea
1089 843 1292 932 evidenter
1305 845 1535 931 humescant
1556 875 1680 962 appo·

241 963 335 1066 lita,
361 959 535 1073 &digiti
555 960 1085 1154 taupenmmteigendismt.
1114 961 1171 1046 At
1184 961 1330 1072 hyeme
1351 956 1484 1070 quivis
1509 955 1532 1040 ὲ
1554 957 1679 1072 primi

243 1071 410 1188 pueritid
441 1075 622 1184 pernioni
651 1103 697 1157 us
720 1097 885 1159 vexatur
903 1075 946 1156 in
967 1075 1049 1157 hoc
1073 1072 1176 1188 pede
1200 1070 1444 1177 miserrime,
1471 1097 1554 1152 non
1574 1072 1684 1182 quod

242 1211 345 1269 unus
368 1211 434 1267 aut
458 1181 556 1268 alter
575 1189 714 1299 pemio
737 1185 884 1270 sanatui
910 1183 1083 1270 difficilis
1110 1185 1156 1269 stt
1169 1246 1184 1290 ,
1206 1183 1272 1268 sed
1296 1182 1405 1294 quod
1426 1181 1602 1267 tumores
1620 1183 1682 1269 illi

245 1297 326 1382 line
355 1294 564 1412 aperturi,
597 1296 668 1381 fibi
702 1325 775 1413 pet
809 1307 939 1382 t'oturn
974 1298 1208 1414 tempestatis
1239 1296 1407 1382 saeviorit
1441 1293 1684 1382 curriculum

246 1413 389 1495 mutuo
413 1409 628 1495 succedant
641 1469 656 1518 ,
681 1418 724 1495 et
752 1408 850 1495 alter
874 1407 1041 1495 alterum
1067 1411 1255 1524 excipiat.

193 1567 197 1580 ·
254 1568 259 1578 ·
302 1519 555 1637 Maligniotie
579 1522 666 1610 sunt
685 1549 828 1608 natura
851 1525 1062 1638 perniones
1086 1526 1154 1634 qui
1179 1526 1220 1605 in
1243 1534 1414 1634 corpora
1436 1523 1684 1634 cacochyma

246 1658 367 1746 atque
387 1634 595 1750 prasertim
617 1638 845 1722 cacheeica
866 1637 1059 1720 incidunt.
1085 1637 1137 1718 In'
1155 1638 1214 1718 hia
1233 1637 1338 1718 enim
1360 1633 1488 1717 laxior
1508 1635 1561 1718 est
1582 1639 1685 1721 cutis

246 1771 406 1854 textus,
428 1753 470 1832 &
495 1748 723 1862 perspitatio
746 1747 895 1833 itatem
918 1748 966 1832 ad
993 1776 1128 1833 cutem
1140 1809 1156 1855 ,
1177 1775 1255 1831 nec
1281 1773 1355 1860 pet
1376 1751 1467 1830 vim'
1487 1749 1686 1835 inettiotiu

250 1885 395 1946 natura
412 1863 519 1944 exite
532 1886 643 1976 apta,
655 1863 802 1974 stagnat
814 1859 945 1956 facile.
965 1859 1084 1944 Unde
1101 1865 1202 1958 curis
1218 1859 1368 1974 semper
1386 1863 1426 1941 in
1446 1857 1506 1944 his
1523 1863 1690 1945 humenss

245 1976 329 2058 tior
342 1975 424 2078 est,
447 1972 566 2057 sacil'e
584 1976 702 2058 etiam
722 1975 1011 2088 corrumpitur,
1033 1979 1074 2056 δι
1098 1976 1306 2086 perniones
1329 1972 1424 2054 facit
1443 1977 1510 2080 qui
1530 1999 1600 2086 per
1620 2003 1689 2088 pa·

248 2110 378 2170 tentes
398 2083 563 2170 cellulas
581 2086 739 2200 serpunt
761 2088 813 2170 eo
833 2083 1013 2189 facilius,
1034 2086 1117 2193 quo
1137 2082 1214 2166 illae
1233 2087 1402 2166 humore
1421 2083 1572 2168 scatent
1588 2085 1690 2172 dllu·
1797 2185 1800 2192 ¹

249 2200 355 2282 tiori.
383 2195 500 2280 Unde
512 2257 526 2301 ,
557 2196 626 2280 ubi
680 2198 879 2307 hiyeloena
901 2193 1023 2280 semel
1041 2195 1288 2384 superficiem
1310 2193 1544 2306 erysipelatis
1562 2226 1690 2282 occu·

249 2313 379 2423 pavit,
413 2305 608 2420 proserpit
641 2228 710 2391 iila
735 2315 778 2389 dt
803 2306 1045 2387 diffunditur.
1105 2303 1261 2387 raterea
1285 2307 1382 2388 vero
1415 2309 1507 2386 ciun
1539 2312 1606 2415 qui
1631 2306 1689 2396 ibi

250 2421 378 2504 affluit
401 2419 548 2500 humor
573 2414 746 2521 crudus,
774 2413 1009 2498 cruditatem
1038 2439 1270 2530 perpetuet,
1305 2441 1505 2526 nonquam
1534 2415 1689 2504 bonum

250 2559 325 2647 pua
354 2526 411 2612 ibi
441 2525 676 2642 sperandum
702 2527 782 2634 est,
806 2530 944 2612 uerum
967 2523 989 2610 *a
1013 2525 1139 2611 fundo
1168 2526 1376 2634 ulceroso,
1407 2527 1476 2612 sed
1507 2531 1689 2642 irritato,

252 2666 386 2730 manat
405 2641 547 2747 ichor,
567 2669 673 2744 nunc
687 2667 864 2756 paucus,
881 2668 986 2724 nunc
1008 2636 1147 2746 majori
1169 2637 1312 2755 eopii;
1338 2639 1406 2724 sed
1434 2639 1585 2758 semper
1603 2649 1693 2730 tium

252 2755 278 2843 ὲ
307 2749 437 2839 nativi
473 2750 694 2866 qualitate,
721 2757 808 2838 tirm
833 2749 856 2838 d
882 2754 1123 2866 stagnatione
1147 2755 1279 2838 vicina
1306 2753 1439 2836 exedit
1466 2787 1477 2835 τ
1504 2757 1588 2838 imo
1615 2755 1692 2842 ali-¹

256 2866 440 2982 quando,
455 2867 484 2950 st
500 2869 629 2952 acrior
641 2868 713 2973 stt,
729 2863 841 2951 elicit
853 2865 1105 2980 sanguinem,
1123 2869 1291 2982 pruritus
1301 2866 1584 2954 immoderatos
1598 2899 1694 2955 eon·-

254 2985 381 3086 citat,
411 2981 496 3064 imo
526 2985 568 3062 dt
594 2977 806 3064 fistulatum
830 2980 872 3064 in
893 2975 1151 3086 morem'jam
1174 3006 1257 3062 non
1286 2981 1409 3062 cutim
1439 2977 1589 3087 solam,
1619 2982 1690 3068 sed

253 3119 384 3211 partes
423 3093 542 3176 etiam
577 3094 661 3176 cuti
687 3087 875 3200 subieslas
912 3091 1103 3176 corrodit.
1138 3093 1229 3176 Nec
1263 3092 1482 3175 inauditum
1509 3095 1562 3178 est·
1599 3091 1691 3180 leve

256 3209 388 3324 primo
420 3203 576 3320 aspectu
607 3203 766 3319 malum·
789 3203 951 3290 tandem
985 3202 1035 3288 ab
1067 3206 1379 3290 inflammatotio
1412 3203 1694 3319 etyfipelatoso

258 3320 454 3404 caractere
480 3319 522 3400 in
540 3317 737 3432 putridam
754 3345 1001 3433 gangrena-m
1021 3315 1179 3423 abiisse,
1207 3315 1317 3430 quod
1343 3337 1476 3402 tamen
1501 3347 1584 3402 nou
1609 3345 1691 3404 tam

257 3431 410 3518 mitiori
437 3433 674 3546 pernionum
703 3457 848 3516 natura
877 3429 1131 3516 tribuendum
1154 3433 1234 3534 est,
1268 3429 1388 3538 quim
1417 3433 1547 3512 mixtis
1580 3431 1693 3518 simui

260 3568 381 3654 atque
406 3539 463 3624 ibi
489 3541 673 3659 deposttie
695 3543 897 3630 fermentis
916 3538 1149 3650 quibuslibet
1162 3601 1176 3644 ,
1204 3539 1410 3653 prasertim
1431 3540 1692 3654 scotbutico‚
1715 3565 1718 3576 '

261 3681 331 3741 aut
343 3655 573 3766 herpetico,
590 3681 657 3736 aut
702 3653 835 3736 utrido
851 3653 1102 3762 cuicumque.
1117 3651 1159 3734 N
1162 3678 1217 3735 on
1228 3652 1333 3735 enim
1350 3650 1482 3735 solit-m
1493 3655 1697 3742 affeslibue

261 3767 410 3884 pedum
427 3761 640 3871 ulcerosis,
676 3762 728 3848 ed
746 3760 831 3847 aliis
847 3761 1163 3874 quibuscumque
1185 3789 1334 3848 novum
1358 3788 1476 3875 atque
1498 3771 1693 3882 pernicio·

259 3881 349 3970 sum
371 3871 604 3968 caracterem
626 3875 766 3961 indunt
787 3874 979 3960 fermenta
997 3874 1065 3959 illa
1083 3873 1200 3960 facile
1221 3875 1270 3960 ad
1289 3904 1424 3962 cutem
1446 3877 1713 3992 deponenda,

321 3988 449 4094 Causa
467 3991 568 4074 veri>
582 3993 821 4104 pernionum
834 3991 1015 4074 omnium
1029 3996 1114 4073 tum
1127 3993 1352 4097 mitiorum,
1367 3997 1449 4074 tiam
1464 3992 1694 4104 saniorum,

219 4137 224 4142 ·
265 4129 320 4192 ex
347 4103 528 4189 onmium
550 4105 754 4186 audiorum
783 4101 1009 4210 consensu,
1032 4101 1154 4216 srigua
1179 4107 1246 4188 ess,
1270 4101 1369 4184 Non
1397 4103 1562 4212 quidem
1585 4109 1696 4217 quod

264 4215 412 4331 frigus,
428 4242 480 4300 eo
495 4217 658 4298 nomine
670 4213 779 4326 quod
790 4213 899 4300 Galli
913 4216 1002 4330 ipsis
1012 4219 1070 4298 im
1096 4217 1265 4321 ertiuut,
1284 4241 1431 4297 certam
1446 4217 1695 4329 congelatio-

262 4355 361 4412 nem
380 4325 577 4433 attulerit,
597 4325 666 4412 sed
683 4327 792 4438 quod
809 4327 1038 4442 perspiratio
1058 4245 1249 4440 suppressa
1267 4353 1342 4439 prae
1361 4326 1545 4412 vasorum
1558 4332 1698 4420 inertia

265 4421 463 4554 iisrigore
487 4437 644 4525 indulsi
663 4441 730 4524 llic
752 4443 893 4524 haeteat
905 4497 921 4545 ,
947 4445 990 4523 et
1012 4442 1152 4553 partlm
1178 4436 1232 4522 ab
1253 4437 1465 4522 erethismo
1486 4441 1667 4530 vasorum
1678 4505 1698 4554 ,

266 4555 411 4670 partim
423 4547 471 4634 ab
481 4551 664 4637 harentii
674 4549 830 4664 liquidi,
840 4575 1040 4637 tumorem
1052 4551 1202 4634 efficiat
1209 4547 1541 4664 erysipelatolum‚
1557 4554 1697 4643 eidem

268 4667 449 4768 ratione,
468 4663 612 4762 eodem
629 4664 901 4750 mechanismo
919 4691 1004 4775 quo
1021 4663 1135 4748 causa
1153 4661 1222 4747 illa
1285 4665 1400 4748 avior
1414 4665 1512 4750 facia
1529 4697 1701 4784 gangra·-

269 4803 365 4864 nam
381 4775 438 4860 ibi
450 4771 658 4890 glacialem
673 4779 860 4864 efficeret.
879 4775 997 4864 Unde
1014 4779 1224 4888 perniones
1255 4777 1333 4859 emi
1362 4775 1573 4871 elationem
1589 4808 1702 4863 com*

245 4887 534 5026 'prehendunt
559 4889 643 4976 Sed
665 4893 748 4980 hoc
771 4894 911 5008 ingena
934 4885 1154 4976 differentia
1177 4889 1231 4974 est
1253 4807 1363 5004 quod
1386 4917 1593 5007 gangrena
1614 4891 1703 5010 git-2
