4228 5898
527 431 1330 530 INTRODUCTIO.
1582 459 1635 553 83

201 631 251 688 an
272 598 411 685 ulcera
432 595 502 683 illa
519 599 657 684 critica
681 599 754 685 srnt
776 604 950 716 pervim
970 628 1113 688 natura
1139 602 1288 690 malum
1310 603 1360 690 ad
1385 604 1508 690 cutim
1536 633 1635 691 evo-

201 717 344 801 mentis
374 739 487 796 extra
519 715 797 827 erumpentia?
818 715 884 798 An
910 716 1109 830 pendeant
1131 715 1154 800 b
1177 715 1358 832 pervers&
1379 722 1502 803 totius
1527 724 1637 808 muci

202 825 360 927 natur&
389 829 444 911 ira
466 851 511 909 ut
528 855 612 936 quae
630 825 698 909 vei
716 824 892 913 alimenti
910 826 977 913 vel
1000 829 1279 916 medicamenti
1302 829 1419 916 titulo
1446 830 1637 918 adhiben-

202 969 295 1047 tur,
320 939 468 1025 ncdbm
485 937 635 1024 malum
657 941 894 1048 immutent,
917 940 1057 1026 contri
1079 939 1128 1026 ab
1148 943 1234 1058 ipso
1254 969 1452 1030 mutentur
1468 944 1637 1028 morbo-

203 1056 365 1166 samque
379 1053 617 1138 contrahant
631 1051 844 1139 indolemi·
865 1054 1159 1166 Rem'quid'em
1186 1054 1208 1141 *a
1235 1057 1394 1144 sarritate
1416 1090 1445 1142 a
1473 1061 1638 1144 rotantis

204 1167 446 1282 dignosces,
471 1197 556 1276 quae
574 1167 603 1247 li
618 1163 708 1252 ante
722 1169 972 1282 eruptionem
986 1167 1090 1254 male
1103 1169 1144 1256 se
1158 1167 1363 1278 habuerit,
1415 1089 1518 1259 oded
1540 1175 1640 1258 verb

202 1283 388 1367 fueritin
404 1278 541 1364 melius
556 1279 688 1387 versa,
703 1279 792 1364 satis
814 1285 942 1394 arguit
959 1281 1114 1366 fontem
1133 1312 1275 1398 purum
1306 1291 1348 1368 bc
1370 1288 1383 1368 i
1415 1287 1535 1372 'mem
1558 1283 1639 1370 sese

205 1398 381 1510 cognito
399 1391 668 1478 mechanismo
694 1393 717 1477 “a
739 1391 921 1479 sordibus
945 1394 1147 1512 superfluis
1168 1393 1357 1483 liberasse.
1386 1395 1522 1483 Posteb
1539 1401 1639 1484 verb

202 1511 235 1592 sa
260 1511 393 1591 omnia
417 1503 583 1592 meliora
603 1507 702 1613 sint,
724 1507 752 1590 st
777 1537 896 1622 quam
921 1511 1135 1624 occupavit
1158 1510 1312 1616 sedem,
1338 1514 1381 1595 in
1404 1507 1480 1621 qui
1500 1511 1640 1604 focum

204 1619 314 1728 sinit,
330 1617 526 1734 relinquat
543 1617 672 1704 sanam
689 1623 937 1744 &integram
950 1622 1115 1708 morbus
1125 1625 1182 1732 ,ss
1201 1623 1361 1710 dembm
1377 1627 1639 1731 incrementi,

204 1737 317 1820 statiis
334 1761 454 1845 atque
466 1731 708 1820 decremmti
717 1737 899 1848 tempora
909 1733 1200 1843 observaveris,
1216 1735 1639 1830 mali'naturasalutaris.

208 1848 396 1933 &critica
406 1843 535 1964 palam
545 1843 980 1934 declarabitur.Contrb
989 1851 1087 1936 verb
1097 1851 1314 1936 redivivum
1325 1849 1478 1964 semper
1491 1850 1641 1940 malum

207 1961 327 2046 assum
356 1965 406 2046 tis
425 1959 723 2078 proportionale
742 1959 963 2072 alimentis,
985 1993 1061 2050 nec
1078 1961 1239 2072 levans,
1257 1975 1333 2050 nec
1347 1960 1523 2072 juvanda
1537 1963 1639 2048 sani·-

206 2079 278 2160 tati
300 1991 520 2182 idoneum,
546 2104 629 2157 non
649 2078 830 2160 criticum
849 2079 923 2184 est,
950 2107 1034 2162 non
1059 2103 1203 2162 naturae
1230 2079 1392 2163 astuosa
1420 2106 1548 2193 opus,
1572 2077 1667 2166 sed.

207 2193 299 2274 artis
313 2183 686 2309 'expostulatefficax
700 2188 922 2276 subsidium.

263 2304 423 2388 sivero
444 2307 549 2386 circa
563 2305 646 2387 hac
661 2301 807 2387 attentb
823 2303 1066 2438 inspeffione
1079 2303 1287 2390 meditatus
1301 2303 1420 2388 suetis
1442 2333 1525 2389 non
1539 2306 1642 2392 adeb

206 2398 340 2500 sorsan
355 2415 428 2498 tibi
443 2413 608 2500 difficile
628 2416 746 2501 suerit
766 2413 990 2533 intelligere
1011 2443 1075 2502 tot
1099 2421 1261 2502 nomina
1282 2413 1460 2504 Arabum
1464 2417 1642 2539 sohofhdr'

217 2529 399 2644 nigram,
427 2529 578 2614 olboras
591 2556 677 2614 tum
697 2531 831 2644 nigro,
848 2557 933 2616 tum
947 2530 1064 2630 olba,·
1090 2533 1279 2644 morphan
1292 2531 1437 2646 puriter
1454 2557 1641 2647 unoque,

99 2679 102 2690 ¹
214 2635 365 2748 bochor,
384 2641 503 2754 resren
536 2645 544 2659 '
553 2705 568 2750 ,
583 2641 762 2751 bolsriati,
781 2643 965 2728 alvorbim
976 2673 1060 2754 quae
1074 2647 1208 2726 omnia
1221 2646 1290 2724 hio
1303 2643 1447 2727 referre
1460 2657 1505 2729 ut'
1517 2646 1643 2841 Ἢν·

212 2784 385 2842 vacuum
406 2758 481 2863 est,
521 2785 558 2839 rc
580 2759 627 2839 iis
648 2757 835 2854 inherere
858 2759 1053 2862 noxium,
1091 2759 1184 2838 clun
1208 2781 1271 2839 tot
1298 2754 1525 2840 nominibus
1579 2763 1643 2842 *nt

213 2897 356 2954 natura
374 2872 645 2985 phoenomena
659 2866 713 2952 ob
784 2894 870 2957 ratu
879 2866 1057 2976 Arabes,
1077 2869 1119 2953 id
1139 2867 1357 2954 effecerunt
1369 2866 1427 2952 illi
1446 2895 1491 2954 ut
1510 2874 1643 2956 omnia

215 2979 477 3099 intelligendo
501 2981 601 3066 nihil
626 2980 723 3068 intel
782 3007 904 3070 erent.

269 3098 532 3214 Apropostto
559 3094 675 3182 nobis
703 3126 750 3180 or
778 3100 843 3182 ine
865 3096 1052 3182 recedere
1073 3096 1256 3180 videntur
1281 3121 1457 3181 tumores
1485 3095 1644 3206 quidam

211 3213 366 3296 mucosa
380 3214 449 3323 qui
469 3240 553 3294 non
575 3208 801 3325 glandulas,
818 3240 901 3294 non
921 3214 1023 3294 cutis
1042 3207 1248 3295 folliculos
1259 3206 1357 3322 ,sed
1376 3236 1530 3295 textum
1548 3213 1644 3293 reti·

215 3323 390 3410 cularem
431 3327 548 3431 rimb,
564 3321 695 3439 posted
707 3321 829 3440 ipsam
849 3349 982 3410 cutem
1001 3324 1190 3408 afficiunt.
1205 3323 1263 3407 Hi
1279 3351 1359 3408 nun
1389 3353 1477 3406 uam
1491 3323 1646 3406 inflam-

214 3441 376 3524 matorii
393 3356 509 3546 sbnt,
527 3425 624 3522 licet
643 3435 855 3547 aliquandi>
878 3435 932 3522 ob
953 3437 1154 3521 distentam
1175 3439 1309 3521 cutem
1323 3353 1393 3518 sub
1409 3436 1483 3521 suis
1499 3439 1648 3550 princi÷

214 3557 288 3670 piis
311 3550 506 3654 rubeant;
532 3578 571 3637 at
584 3551 607 3636 ὲ
621 3552 910 3662 squammarum
932 3551 1183 3634 mucosarum
1205 3551 1325 3633 stratis
1341 3541 1411 3632 fibi
1430 3551 1569 3632 mutub
1583 3548 1649 3634 su·-

215 3668 471 3783 perapposrtis
499 3665 657 3750 formati
680 3673 721 3748 ὃ(
743 3667 938 3771 conflati,
968 3663 1178 3774 aliquandi>
1200 3662 1409 3776 quamdam
1438 3661 1650 3776 organismi

215 3781 389 3863 sormam
406 3778 594 3885 referunt,
615 3780 693 3863 sive
709 3775 965 3864 concentrici
985 3781 1093 3860 muci
1113 3775 1358 3862 lamellarum
1373 3775 1648 3890 dispositione,

216 3889 493 4008 fiveparallelai
507 3893 763 4009 appositione.
783 3891 894 3975 Hinc
909 3889 1001 3975 dieti
1018 3888 1117 3975 olim
1131 3892 1365 3976 sarriuntur.
1381 3889 1502 3974 Licet
1520 3915 1652 3973 tumo-

219 4035 280 4094 res
299 4005 360 4092 illi
379 4007 466 4091 rarb
482 4033 715 4122 appareant,
741 4007 846 4089 varia
865 4011 907 4088 dt
927 4004 1098 4089 distincia
1115 4005 1334 4091 effecerunt
1358 4029 1559 4086 tumorum
1579 4011 1652 4118 ge·
1723 4053 1726 4060 ⁴

219 4149 311 4206 nera
336 4151 462 4206 cornu
491 4117 711 4204 aemulantia
739 4117 869 4204 formai
894 4144 1010 4230 atque
1032 4117 1174 4203 duritie
1205 4126 1246 4201 ὃ(
1269 4117 1384 4198 variis
1414 4115 1653 4200 innascentia

220 4233 423 4350 partibus,
454 4231 583 4342 qualia
609 4234 746 4318 videre
768 4236 821 4318 est
840 4237 880 4316 in
900 4230 1029 4316 diariis
1055 4231 1224 4344 Europe
1245 4229 1371 4312 variis.
1394 4227 1452 4310 Hi
1477 4255 1653 4314 tumores

222 4351 390 4432 omnino
411 4348 564 4431 mucosr
584 4346 697 4454 sunt,
724 4353 764 4430 br
790 4344 991 4432 bullientis
1009 4371 1120 4452 aqua
1134 4337 1362 4426 continuate
1376 4338 1556 4426 efficacii
1567 4371 1655 4428 ver·

221 4489 357 4546 tuntur
376 4465 418 4544 in
438 4491 630 4567 mucum,
652 4489 699 4543 ac
718 4461 872 4574 penitus
890 4454 1149 4542 resolvuntur.
1163 4455 1254 4540 Hos
1266 4481 1443 4540 tumores
1455 4453 1655 4540 ulceribus

224 4573 444 4661 adscribere
462 4575 592 4660 forsan
607 4569 805 4667 videbitur
832 4571 978 4656 durius.
998 4569 1282 4656 Verumtamen
1310 4597 1402 4651 cum
1421 4596 1560 4653 eorum
1576 4571 1657 4681 pti-

225 4690 375 4774 mordia
410 4687 433 4772 b
467 4718 588 4773 muco
615 4685 740 4771 effuso
773 4695 815 4772 &
849 4711 960 4771 extra
988 4685 1078 4772 vasa
1109 4686 1237 4800 polito
1271 4682 1496 4799 pendeant,
1526 4678 1657 4766 nullus

225 4799 322 4889 alius
345 4801 462 4888 locus
486 4804 574 4918 ipsis
601 4801 846 4916 assignandus
863 4799 921 4890 ‚est
933 4863 949 4914 ,
985 4805 1079 4887 clam
1109 4795 1267 4884 aliunde
1295 4797 1362 4882 sua
1387 4795 1493 4911 ipsos
1524 4796 1658 4878 raritas
1680 4899 1686 4918 ,

225 4941 333 5006 extra
348 4945 475 5005 artem
489 4917 714 5007 *constituae
821 5006 826 5014 ,
1320 5009 1362 5108 L,
1393 4979 1423 5045 ..³

1392 5055 1417 5134 tp
1467 5075 1469 5080 ·
1565 5073 1568 5084 ·
