4228 5898
461 461 468 480 .
523 349 1238 508 ruraa=1>aarru
1527 427 1608 535 a„

170 559 381 664 rsusrls'ate
406 561 520 660 simul
547 584 588 661 ct
617 577 841 663 aetuofitrte
871 575 1069 692 deffluts,
1097 565 1164 692 qui
1191 579 1213 666 ὲ
1244 565 1403 698 glaciali
1422 567 1608 673 oriuntur
1652 631 1655 638 ⁴

172 693 353 888 srifiore,
380 695 474 774 cum
507 688 683 774 membra
716 721 791 805 prae
827 687 876 774 fri
907 719 978 776 ore
1015 692 1310 808 congelascunt.
1346 695 1467 782 Tunc
1499 703 1607 785 enim

172 833 224 889 nu
259 835 329 888 um
349 809 450 888 'cirm-
469 804 515 888 srt
530 802 688 888 aliunde
701 831 860 922 retropu
892 806 997 888 tonis
1041 805 1263 915 ericulum,
1282 809 1437 924 prodest
1459 809 1607 926 algenti

170 921 265 1004 nive
298 915 478 1002 membra
513 915 780 1032 perfundere,
819 945 904 1029 qua
935 835 1090 1008 ieniius
1120 918 1432 1008 oscillationibus
1454 927 1542 1010 vasa
1564 931 1609 1011 in‘

171 1035 371 1116 stelionem
386 1033 530 1114 minori
544 1031 693 1144 frigore
708 1056 884 1116 revocet.
898 1031 990 1116 Hos
1001 1055 1198 1141 tumores,
1213 1034 1359 1142 srmalo
1376 1038 1543 1124 consilio
1555 1042 1610 1126 ad'

171 1147 185 1227 i
215 1171 308 1228 nem
320 1143 541 1232 admoveris
550 1171 620 1228 eos
630 1205 645 1250 ‚
665 1172 821 1339 tumaides
833 1152 873 1228 sit
886 1142 1016 1254 brevi,
1033 1147 1223 1232 destructo
1238 1153 1348 1232 omni
1361 1143 1601 1264 organismo,

173 1175 381 1372 [inhacelus
404 1253 559 1341 lethalis
592 1257 728 1342 aderit.
796 1260 883 1342 enia
907 1263 1042 1342 omnia
1068 1263 1238 1372 primum
1263 1261 1458 1347 suadenda
1486 1267 1574 1351 sunt
1587 1328 1602 1374 ,

173 1367 322 1481 quibus
346 1395 416 1483 per
447 1369 589 1484 gradus
609 1367 827 1482 sensimque
845 1370 925 1460 stne
948 1368 1058 1454 sensu
1082 1399 1293 1456 revocetur
1314 1372 1447 1484 calor,
1475 1379 1605 1493 postea

174 1487 273 1572 vero
297 1481 436 1566 locum
463 1485 667 1568 invenient
696 1485 913 1566 aromatica
936 1482 1183 1570 resolventia.
1451 1502 1452 1505 ‘
1574 1541 1577 1548 ,

231 1595 325 1680 Post
348 1588 516 1708 primam
536 1595 753 1681 laxantium
776 1597 1084 1710 appositionem,
1106 1598 1299 1709 certisque
1314 1597 1392 1707 jam
1413 1599 1513 1684 nihil
1528 1603 1605 1689 esse

179 1705 439 1812 metuendum
470 1735 521 1792 ex
548 1711 734 1810 ,humoris
770 1708 1055 1824 retropulfione
1066 1771 1081 1817 ,
1112 1716 1335 1824 proximum
1371 1717 1412 1797 in
1444 1717 1606 1802 materiai

176 1817 405 1936 chirurgici
413 1818 552 1906 iocum
568 1820 637 1905 sthi
648 1822 852 1908 vindicant
864 1820 1112 1908 resolventia.
1127 1823 1205 1908 His
1218 1852 1261 1908 ru
1277 1828 1374 1911 fides
1382 1889 1397 1933 ‚
1413 1830 1442 1911 fi
1456 1829 1606 1914 malum

176 1961 227 2020 ex
241 1933 455 2018 accidente
477 1938 691 2049 ingruerit,
720 1937 749 2019 st
774 1953 919 2049 corpus
949 1936 1085 2021 sanum
1117 1935 1272 2022 causam
1305 1936 1492 2026 latentem
1521 1973 1604 2027 non

176 2047 391 2160 argtmt‚sr
423 2045 560 2133 laxitas
582 2052 707 2163 'partis
736 2045 963 2132 roborantia
989 2047 1185 2163 postulet,
1216 2049 1357 2163 quibus
1380 2053 1430 2136 ad
1452 2053 1605 2139 oscilla-

175 2164 306 2244 tiones
327 2162 425 2245 fiant
441 2162 530 2246 vasa
558 2161 776 2270 alacriora,
807 2170 851 2247 δι
872 2169 958 2247 titm
980 2157 1030 2245 ad
1053 2165 1206 2248 hostem
1228 2166 1490 2276 reamandum,
1518 2175 1625 2263 tum,

174 2273 222 2357 ad
244 2271 526 2387 expellendum
545 2277 716 2388 'aptiora
1271 2287 1274 2300 '

231 2387 429 2496 Quamuis
460 2415 589 2472 autem
624 2387 733 2494 uuila
764 2385 849 2470 fers
877 2389 924 2474 stt
947 2386 1155 2480 substantia
1186 2417 1270 2499 quat
1294 2386 1494 2476 resolvens
1521 2393 1602 2478 dici

176 2499 421 2614 conponit,
446 2501 474 2582 st
495 2501 590 2586 vasa
602 2497 738 2585 titillet
763 2497 926 2607 leniter,
954 2507 997 2584 δι
1022 2502 1273 2617 interius'per
1296 2531 1418 2620 poros
1440 2533 1604 2620 accepta

171 2611 328 2727 patulos
348 2638 476 2728 partes
493 2615 610 2727 possit
628 2613 820 2696 infinuare
834 2615 1032 2698 contentis
1053 2619 1094 2698 &
1109 2613 1433 2729 praeexistentibus
1447 2623 1602 2702 tenuio-

175 2741 262 2837 r'es,
285 2751 421 2810 tamen
436 2730 678 2812 attenuanda
698 2723 767 2810 illa
779 2724 849 2810 seu
869 2722 1103 2810 resolvenria
1122 2739 1284 2814 externa
1307 2731 1349 2811 in
1367 2755 1445 2812 tres
1464 2728 1603 2830 licebit
1633 2732 1638 2742 '

175 2838 311 2925 classes
331 2838 519 2924 dividere
786 2847 789 2854 “
830 2847 833 2852 ’
1501 2861 1505 2868 ’

230 2951 403 3036 Primam
432 2953 671 3038 constituunt
701 2949 938 3038 resolventia
970 2949 1024 3036 sic
1057 2945 1216 3068 propris
1247 2951 1350 3036 dista
1375 2983 1459 3064 quae
1489 2957 1602 3043 fimul

171 3064 310 3148 laxant
321 3126 336 3172 ,
357 3069 566 3179 macagine
587 3065 729 3149 referta
748 3068 835 3149 miti
861 3093 908 3148 ac
930 3063 1067 3171 dulci,
1090 3067 1159 3150 sed
1179 3062 1404 3151 subacribus
1427 3067 1601 3156 scatente

174 3175 375 3291 partibus,
403 3205 453 3262 ut
485 3178 573 3263 sunt
599 3177 728 3261 farina
756 3175 997 3264 resolventes
1019 3179 1073 3263 stc
1096 3179 1205 3263 disis
1233 3205 1281 3264 ex
1306 3178 1600 3289 orobo,fabs1,
1705 3241 1706 3247 a

172 3290 330 3397 secale,
369 3289 555 3398 hordeo,
587 3295 629 3374 ’δε
654 3288 733 3374 alia
758 3288 872 3398 hujus
898 3294 1052 3404 generis
1086 3289 1211 3376 multa
1246 3290 1387 3402 quibus
1422 3298 1601 3379 ausiorcs

173 3404 335 3490 scatent
360 3403 496 3489 Altera
521 3401 645 3489 classrs
676 3400 957 3489 resolventium
982 3431 1030 3488 ea
1055 3407 1235 3502 continet
1315 3437 1344 3488 ae
1373 3383 1488 3489 sumti
1509 3407 1601 3492 ads·-

172 3521 350 3632 rringunt
371 3523 412 3602 &t
430 3517 587 3634 propris
610 3516 856 3616 discutientis
872 3515 953 3600 dici
973 3515 1130 3602 debent
1161 3515 1225 3601 Ab
1242 3435 1343 3624 iiiis,
1365 3543 1436 3602 aut
1461 3517 1570 3603 nulla
1582 3563 1609 3628 ,-

172 3653 237 3713 aut
256 3656 385 3744 pauca
410 3634 576 3744 partium
603 3651 878 3714 contentarum
905 3633 1121 3714 attenuatio
1141 3629 1169 3711 s
1184 3628 1327 3714 eranda
1350 3633 1425 3735 est,
1445 3629 1512 3715 sed
1527 3658 1602 3716 ter-

175 3743 247 3826 reis
265 3743 514 3856 stypticisque
529 3743 679 3827 scatent
700 3740 896 3856 partibus,
917 3740 1110 3854 smulque
1131 3742 1225 3827 dum
1237 3743 1459 3857 stringendo
1480 3745 1602 3830 robo-

175 3882 282 3962 rant,
308 3854 481 3968 partibus
502 3853 655 3940 acribus
681 3852 947 3956 oscillationes
969 3856 1152 3958 vasorum
1177 3856 1429 3956 exsuscitant3
1448 3882 1493 3940 ut
1510 3857 1602 3942 sunt

197 3967 368 4080 seratque
400 3964 537 4082 plantat
568 3969 598 4050 st
650 3966 729 4051 tici
762 3967 916 4052 donata
941 3971 1114 4076 virtute,
1140 3967 1310 4084 sigillum
1343 3968 1599 4078 Salomonis,

171 3998 356 4196 iugula,
384 4077 585 4189 brunella,
599 3997 727 4165 ysistes
758 4077 1059 4188 balaustiorum,
1090 4082 1187 4166 roste
1213 4080 1364 4187 rubra,
1392 4079 1595 4190 sanicula,

173 4194 330 4304 asiaque
364 4193 624 4278 medicamina
658 4192 882 4302 hujusmodi
906 4223 1083 4306 quorum
1106 4199 1150 4278 in
1184 4195 1313 4308 capite
1346 4193 1450 4278 resi&
1477 4195 1607 4282 addes·
1705 4251 1713 4258 ,.

169 4307 368 4392 sarumina
401 4310 533 4390 omnia
550 4333 762 4420 prsparata
772 4371 787 4413 ‚
815 4310 844 4392 sr
869 4307 1076 4422 prasertim
1105 4333 1155 4390 ex
1184 4333 1300 4395 aceto
1328 4305 1596 4408 adhibeantur.

170 4419 356 4505 Tertiam
384 4418 543 4505 demitm
572 4416 734 4503 classem
766 4447 914 4528 quares
939 4425 983 4506 in
1014 4421 1236 4504 aromaticis
1260 4420 1391 4520 herbis
1423 4423 1597 4512 odoratis

170 4553 258 4644 qua
277 4530 469 4618 roborant
495 4529 693 4637 maxime,
721 4533 909 4645 stringunt
928 4536 1095 4650 pariam,
1123 4531 1263 4645 quibus
1290 4563 1337 4618 ea
1359 4536 1482 4622 virtus
1500 4539 1607 4623 inest

171 4663 217 4729 tit
242 4643 492 4731 ostillatione
510 4644 693 4730 vasorum
722 4643 918 4729 &calore
941 4645 1148 4754 redivivo,
1170 4673 1364 4732 concreta
1396 4646 1598 4734 solvantur

30 4824 35 4835 .
171 4787 221 4843 ac
237 4761 286 4841 in
308 4787 463 4844 motum
485 4761 611 4844 rursits
637 4783 798 4871 agantur
820 4756 1006 4845 resorbta.
1034 4759 1112 4848 His
1136 4756 1318 4847 omnibus
1342 4759 1520 4848 classibus
1540 4765 1598 4847 ‘ita
1717 4824 1719 4832 ‚

31 4861 40 4933 i

32 4904 40 4961 Ν.
170 4857 339 4961 virtutes
356 4873 569 4960 medicatas
588 4870 759 4960 distribui
779 4870 909 4964 uoluit
930 4901 1062 4962 rerum
1082 4875 1297 4965 fabricator
1320 4878 1597 4993 omnipotens,
