4186 5908
465 335 550 446 2'64'
912 329 1453 424 DEMORBIS

464 529 489 586 e
516 500 655 613 inyslis
666 561 680 608 ,
699 527 817 700 guam
840 489 899 586 ita
916 498 1202 615 descripserunt
1222 498 1390 606 Paulus,
1415 493 1619 582 Oribasrut
1640 499 1685 603 (α
1725 491 1909 610 ,aliique

464 531 598 700 (lraeci
623 646 699 730 apu
750 613 982 724 Bysantinos
1007 619 1049 696 dt
1071 612 1299 700 Orientales
1324 608 1638 698 Medicinamsa
1758 637 1839 717 tes,
1862 635 1917 728 ut,

442 729 586 844 ¹siper
612 727 835 814 universum
861 755 1007 840 corpus
1028 725 1147 812 suerit
1174 725 1454 830 diffundenda,
1483 751 1655 834 nunqua¹
1706 722 1910 810 videretur

465 843 505 926 ei
529 841 752 928 sustinenda
802 869 843 922 ar
867 841 927 925 vis
951 841 1133 925 humana.
1166 839 1267 925 Haec
1287 842 1401 946 enim
1421 834 1607 956 simplicis
1629 833 1788 954 pustulae
1809 836 1908 922 tese-

465 982 556 1041 rens
576 955 602 1038 s
619 956 747 1038 eciem
769 869 834 1036 die
854 949 1016 1063 quidem
1033 955 1101 1038 vix
1120 955 1328 1038 hominem
1346 975 1490 1060 vexat,
1513 958 1556 1036 dt
1575 953 1697 1035 noilu
1717 951 1772 1033 ita
1789 949 1908 1036 mise·

340 1111 344 1120 ·
464 1097 555 1152 rum
605 1064 720 1151 olore
739 1063 964 1151 lancinante
983 1093 1101 1178 atque
1119 1067 1482 1152 urenteexcruciat
1493 1125 1507 1172 ,
1533 1089 1580 1150 ut
1598 1061 1770 1148 serendis
1790 1060 1908 1146 dolo·

464 1179 573 1265 tibus
605 1182 730 1294 impar
755 1178 934 1264 videatur
958 1181 1034 1286 (b).
1069 1178 1424 1266 Exulcetationem
1449 1177 1654 1262 mucosam
1681 1179 1748 1260 vix
1774 1173 1908 1262 sabam

464 1317 684 1402 aequantem
702 1289 843 1376 Celsus
860 1320 1003 1401 vocat,
1020 1300 1063 1379 &
1083 1298 1175 1378 cum
1194 1293 1245 1378 de
1264 1290 1449 1378 omnibus
1470 1289 1558 1375 aliis
1575 1316 1710 1374 cutem
1726 1286 1907 1374 obsiden-

464 1402 570 1489 tibus
603 1401 753 1490 morbis
780 1402 931 1492 Arabes
968 1405 1230 1492 diverfitatem
1263 1409 1471 1492 nominum
1507 1404 1701 1488 summam
1732 1405 1835 1487 inter
1867 1400 1911 1488 se

464 1515 638 1602 habeant
649 1579 664 1624 ,
682 1516 873 1622 morbum
891 1521 1023 1626 hunc,
1046 1549 1151 1604 nunc
1174 1520 1406 1636 epinyslidis
1426 1529 1557 1632 gr'aeco
1579 1519 1772 1624 nomine,
1798 1543 1910 1600 nunc

463 1629 590 1716 setam
610 1634 763 1736 nodis,
789 1629 980 1746 pustulam
1002 1631 1245 1740 serotinam,
1272 1640 1314 1717 dt
1336 1637 1567 1716 nocturnam
1592 1655 1774 1732 vocant3
1800 1627 1908 1714 unde

465 1743 510 1828 id
531 1746 630 1828 mihi
654 1741 981 1832 concludendum
999 1745 1126 1832 visum
1145 1748 1197 1830 est
1217 1745 1295 1832 esse
1314 1748 1356 1828 in
1378 1740 1634 1829 calidioribus
1654 1742 1759 1828 locis
1781 1745 1909 1856 magis

465 1886 701 1962 commune,
714 1887 843 1941 rarum
858 1859 962 1975 apud
973 1888 1048 1944 nos
1063 1856 1228 1968 malum,
1245 1865 1337 1943 cum
1381 1859 1562 1942 raesertim
1577 1884 1661 1942 rem
1674 1856 1758 1943 sese
1770 1853 1910 1942 vidisse

466 1968 645 2056 retulerit
655 1971 875 2086 Chirurgus
889 1972 1158 2088 peritissimus,
1175 1975 1243 2083 qui
1254 2002 1330 2087 apu
1374 1974 1498 2084 Syros
1515 2000 1609 2056 cum
1623 1970 1795 2056 Medico
1809 1971 1911 2056 mihi

466 2086 601 2168 amico
613 2084 812 2198 profesius
830 2084 934 2200 apud
947 2082 1162 2199 Alepenses
1178 2086 1397 2200 Chirurgiae
1414 2086 1572 2170 navavit
1585 2113 1612 2169 o
1640 2111 1762 2170 etam.
1786 2082 1909 2168 Hanc

468 2223 646 2304 veteres,
675 2203 761 2282 tum
783 2198 1056 2314 magnitudine
1079 2197 1199 2306 mali,
1228 2204 1313 2282 tim
1336 2195 1550 2314 pertinacis
1571 2226 1593 2282 a
1640 2225 1764 2282 atram
1785 2193 1909 2282 bilem

465 2308 689 2397 referebant
701 2373 715 2419 ,
743 2308 841 2396 licdt
868 2310 1025 2396 aliunde
1052 2308 1193 2397 breves
1218 2314 1292 2396 smt
1317 2315 1359 2396 in
1385 2310 1627 2427 exponendi
1647 2309 1764 2418 hujus
1793 2337 1909 2395 cura-

467 2426 631 2511 tione&
677 2451 787 2508 arum
800 2421 1064 2542 diligentes.S
1092 2423 1244 2541 lphium
1256 2425 1540 2512 commendant
1552 2427 1657 2537 quast
1668 2423 1906 2531 exsrccandi‚

467 2539 548 2622 stne
580 2567 632 2650 qu
673 2539 766 2623 'tate
797 2539 951 2647 urenti,
975 2457 1165 2624 facultate
1190 2539 1425 2654 p'raeditum,
1454 2537 1716 2648 lenticulam,
1740 2534 1915 2623 herbam·

465 2651 775 2766 sanguinariam,
797 2679 865 2736 aut
883 2651 1136 2737 coriandrum
1150 2653 1277 2738 viride
1293 2653 1467 2769 apposita
1487 2652 1622 2740 laudat
1645 2651 1804 2759 Celsus,
1827 2680 1914 2737 nec

466 2761 585 2882 aliam
612 2765 850 2852 methodum
879 2764 1065 2851 adhibere
1089 2793 1225 2882 prater
1250 2765 1361 2850 illam
1389 2797 1507 2878 quam
1535 2765 1718 2852 omnibus
1744 2763 1912 2881 pustulis

468 2879 728 3013 communem
745 2875 858 2989 vult,
885 2877 1152 2968 abstinentiam
1176 2877 1225 2964 ab
1249 2877 1404 2967 acribus
1414 2941 1430 2988 ,
1453 2881 1618 2968 dioetam
1636 2879 1908 2988 modam,

468 3016 669 3078 exercitia.

524 3105 742 3194 Mihiverb
756 3109 1020 3223 epinysiidem
1032 3108 1191 3222 qualem
1199 3097 1359 3228 ‘veteres
1373 3110 1531 3197 Medici
1542 3109 1791 3216 describunt,
1819 3107 1911 3193 serb

467 3217 674 3337 periodice
688 3219 850 3308 dolores
863 3227 1133 3309 concitantem
1144 3251 1315 3334 atroces,
1328 3226 1379 3312 de
1389 3225 1454 3310 die
1469 3226 1754 3337 quiescentem,
1771 3221 1914 3308 uldere

468 3363 669 3446 nunquam
697 3337 881 3452 contigit.
912 3339 968 3421 At
1019 3335 1139 3425 luries
1166 3337 1353 3423 morbum
1380 3341 1475 3424 huic
1500 3339 1661 3424 affinem
1688 3335 1910 3422 observasse

469 3449 604 3538 datum
621 3449 686 3535 est.
710 3447 907 3534 Pustulam
927 3451 980 3536 sc'
1002 3455 1082 3536 'cet
1101 3451 1184 3537 vidi
1204 3451 1350 3566 pluries
1369 3455 1556 3559 unicam,
1576 3455 1645 3537 vix
1662 3449 1907 3556 notabilem,

467 3561 637 3649 mucoso
664 3590 764 3678 pure
789 3562 1017 3672 sordidam,
1052 3564 1205 3679 semper
1232 3566 1283 3652 ad
1311 3569 1458 3650 tatium
1487 3569 1542 3650 ita
1572 3565 1768 3678 exquisrto
1795 3561 1908 3648 sensu

467 3677 682 3783 donatam,
717 3701 762 3762 ut
796 3676 924 3792 digito
951 3673 1032 3763 levi
1064 3706 1183 3790 atque
1216 3678 1399 3796 suspenso
1428 3683 1588 3765 tratiata
1626 3681 1836 3780 hominem
1864 3679 1908 3763 in

468 3789 634 3902 ejulatus
658 3817 842 3875 enormes
868 3807 1055 3906 cogeret:
1081 3791 1141 3877 Ea
1165 3795 1263 3878 verb
1291 3823 1398 3878 nunc
1427 3793 1684 3879 mediocriter
1711 3789 1907 3898 dolebat,

468 3911 583 3992 nunc
596 3903 832 3990 atrocissima
853 3901 1048 3992 inserebat
1067 3930 1288 4014 tormenta,
1310 3911 1366 3992 ita
1384 3931 1429 3992 ut
1444 3910 1505 3995 vir
1526 3915 1566 3992 dt
1587 3908 1733 4022 pietate
1749 3903 1907 4020 conspi-

468 4045 590 4124 cuus,
617 4026 657 4103 dt
683 4013 830 4102 robore
854 4017 1034 4132 infignis,
1063 4015 1143 4103 sese
1170 4048 1342 4134 pronum
1369 4023 1412 4104 in
1430 4024 1702 4152 pavimentum
1723 4018 1910 4106 volveret

469 4129 634 4238 ejulans·
653 4129 836 4222 Alterum
856 4129 970 4216 finili
995 4127 1145 4246 pulluli
1168 4131 1307 4216 misere
1326 4159 1569 4247 exagitatum
1595 4136 1699 4219 crisrs
1722 4160 1792 4248 per
1811 4163 1908 4248 pau-.

469 4245 599 4329 ciores
628 4251 669 4326 δι
704 4247 872 4328 minutas
904 4242 1071 4361 pustulas
1102 4272 1172 4360 per
1206 4267 1333 4328 totam
1365 4272 1505 4332 cutem.
1531 4246 1552 4331 i
1576 4247 1721 4332 vicinii
1777 4243 1907 4332 ustula

469 4354 702 4444 exoriendas
716 4353 921 4460 liberavit3
937 4355 1035 4446 alter
1048 4361 1173 4444 trado
1188 4361 1406 4474 temporis,
1453 4363 1510 4445 ost
1528 4363 1726 4446 exhaustas
1741 4277 1817 4444 sbti
1832 4357 1909 4446 lac·

467 4473 519 4558 ris
534 4467 690 4582 hydrias
706 4471 898 4584 integras,
914 4475 1217 4586 catharticisque
1230 4471 1407 4589 pluribus
1424 4392 1524 4560 bend
1536 4501 1748 4588 purgatus,
1765 4503 1909 4560 conva

469 4583 560 4691 luit,
571 4583 742 4668 triennio
753 4610 885 4670 tamen
895 4585 981 4699 post
993 4589 1188 4702 integram
1201 4591 1450 4678 curationem
1461 4583 1670 4708 apoplexis
1680 4587 1908 4706 assumptus.

529 4744 606 4810 αδ
684 4745 777 4816 s‚lib.
826 4765 918 4819 ,tn
976 4786 989 4816 .

504 4751 567 4918 sil
587 4763 683 4898 Cytiso?
682 4825 731 4888 lib.
751 4841 766 4904 5
776 4766 865 4902 ,⁷28,
883 4765 975 4932 {53⁷
1732 4909 1890 5002 ΡΜ

1891 4941 1911 5000 s
