4166 5908
456 441 536 517 aa
902 417 1010 514 na
1073 385 1439 508 monnts

515 585 717 704 Praecipue
752 575 937 672 adhunc
965 586 1076 670 usum
1104 583 1187 696 jure
1214 588 1437 696 nreritoque
1466 581 1490 667 i
1519 583 1585 668 Fr.
1615 577 1907 697 Hoffmannoa

458 703 616 789 Stahlio
625 765 640 810 ,
662 711 704 786 &
722 698 898 784 melioris
920 726 1022 784 note
1041 699 1145 815 apud
1163 702 1387 784 Germanos
1402 698 1581 784 Medicis
1595 700 1901 786 commendatur

459 819 626 901 tinsiura
642 812 727 899 salis
744 817 901 918 tartari,
928 812 1087 923 qualem
1103 812 1152 896 ab
1173 841 1320 898 eorum·
1334 808 1519 925 operibus
1539 809 1760 896 transcribit
1780 814 1900 898 enar-

460 959 660 1043 macopaea
681 926 908 1010 Parisrensrs.
936 924 1010 1010 illa
1027 925 1174 1012 viribus
1193 925 1374 1010 alcalieis.
1388 933 1429 1010 ὅ(
1449 925 1498 1008 ad
1519 925 1678 1010 acidum
1701 925 1902 1010 deliniens-

462 1039 557 1140 dum
577 1044 703 1154 aptis,
727 1042 914 1123 virtutem
933 1040 1195 1153 saponaeeam
1217 1038 1294 1124 alte
1317 1063 1587 1150 penetrantem
1608 1046 1649 1121 &t
1671 1039 1910 1124 mereattew

461 1181 647 1240 nuantem
667 1149 815 1264 jungit,
841 1151 1092 1268 palmamque
1106 1151 1225 1238 facile
1244 1149 1574 1240 caterisadhunc
1589 1151 1703 1236 usum
1720 1155 1909 1238 institutis:

462 1268 964 1378 medicamentis'praeripit.
1216 1295 1219 1303 ’
1372 1311 1377 1320 ·
1684 1299 1705 1346 ο

479 1376 488 1478 ᾗ
518 1379 618 1462 Haec
643 1381 683 1460 in
703 1375 920 1462 levioribus
938 1376 1054 1462 malis
1075 1378 1149 1462 rite
1172 1374 1350 1460 adhibita·
1368 1384 1410 1460 et
1436 1376 1909 1466 cathartitislenioribus:

463 1498 525 1578 ita.
544 1493 794 1596 intermixta,
823 1517 867 1574 ut
892 1494 1021 1576 flainus
1045 1494 1219 1576 materie
1243 1489 1292 1574 ad
1313 1489 1447 1574 alvum
1472 1493 1538 1574 fiat
1550 1550 1574 1594 ‚.
1591 1493 1805 1601 feritasque
1821 1492 1901 1577 alvi

464 1605 565 1688 cutis
594 1605 822 1688 densitatem
855 1603 1186 1719 Hippocraticam
1217 1603 1407 1708 inducat,
1441 1603 1679 1703 sufficiunt3
1716 1605 1911 1690 crassities

463 1721 569 1803 enim
596 1717 726 1802 latita·
747 1715 799 1800 src
827 1715 966 1802 sensam
995 1718 1232 1822 edomatur,
1265 1725 1306 1800 &t
1329 1714 1392 1800 sal-
1416 1719 1542 1802 aerius
1566 1721 1698 1798 cruori
1721 1718 1910 1802 additum.

464 1831 592 1945 ipsum
618 1831 667 1914 ad
696 1827 911 1912 naturalem
942 1857 1083 1914 tonum
1113 1830 1279 1914 reducit.
1310 1831 1365 1912 At
1393 1827 1500 1911 malo
1528 1829 1830 1914 inveterascenti·
1858 1839 1905 1916 ὰ

453 1945 637 2056 graviori
663 1939 739 2026 alia
761 1939 935 2026 subsidia
945 1942 1107 2028 ulterius
1127 1941 1345 2052 quaerenda.
1370 1942 1478 2024 Nam
1497 1941 1607 2051 quod
1626 1938 1701 2047 jam
1722 1944 1793 2028 usu
1813 1944 1905 2028 diu·

465 2083 584 2140 turno
597 2117 611 2162 ‚
639 2052 757 2169 pravi
787 2054 923 2161 dieti,
954 2056 1165 2140 tristissimis
1196 2057 1314 2150 animi
1347 2053 1634 2168 pathematibus
1663 2058 1829 2170 primam
1858 2061 1903 2139 ὅ(

465 2167 876 2280 alteramcoslionem
901 2165 1398 2281 perturbantibus-invaluit
1410 2229 1423 2272 ‚
1448 2176 1490 2250 ὅ(
1512 2165 1574 2272 jus
1593 2171 1761 2253 civitatis
1786 2170 1904 2284 adep-

465 2305 551 2362 tum
577 2282 651 2386 est,
677 2277 759 2362 alia-
776 2282 1025 2366 curationum
1047 2279 1254 2364 molimina
1279 2283 1440 2393 expetit.
1469 2279 1636 2364 Scilicet
1656 2311 1903 2394 graveonus

466 2395 539 2476 arti
551 2390 929 2506 incumbitlymphae
942 2393 1160 2480 universam
1177 2395 1312 2479 crasnn
1331 2390 1554 2499 acidulam,
1577 2402 1617 2476 dt
1633 2397 1738 2504 quast
1754 2400 1903 2509 grumis

468 2503 634 2612 obsitam
657 2509 719 2589 ita
735 2510 900 2620 penitus·
914 2511 1156 2614 immutare,
1178 2533 1223 2590 ut
1245 2503 1324 2610 jam
1350 2535 1426 2589 nec
1451 2504 1654 2618 glandulas
1675 2505 1835 2592 oberret
1859 2517 1904 2592 &

468 2627 497 2726 a
511 2646 605 2702 cute
622 2615 746 2702 fibert
766 2620 892 2704 redire
913 2620 1029 2734 poffit
1040 2683 1054 2725 ‚
1077 2620 1206 2704 serum
1223 2619 1587 2812 nonpercolando‚
1613 2619 1679 2703 sed
1700 2623 1907 2736 principiis

467 2733 784 2826 intimiusmixtis
796 2735 930 2816 omnia
944 2731 1058 2814 fim‘ul
1072 2732 1229 2845 agendo
1242 2734 1309 2814 uni
1329 2735 1432 2815 ormi
1443 2734 1623 2815 circuitu.
1638 2733 1779 2816 Serum
1790 2739 1905 2821 enim

470 2843 582 2940 simul
606 2843 758 2930 diluere
778 2844 897 2928 debet
921 2871 1048 2958 partes
1072 2847 1255 2928 intimius
1272 2847 1412 2928 mixtas
1443 2871 1565 2954 atque
1586 2847 1903 2962 agglomeratis,

469 2985 605 3068 rapere
633 2957 766 3040 secum
795 2962 1000 3042 materiem
1027 2955 1232 3070 plasticam
1239 3019 1267 3062 ,,
1286 2987 1377 3040 rnuc
1419 2961 1541 3063 ines,
1575 2963 1672 3042 varii
1689 2962 1745 3043 in
1770 2962 1906 3044 crassa-

469 3072 525 3152 tie
547 3069 707 3152 ordinis.
736 3069 923 3153 Ptaeterea
940 3072 1063 3176 vero,
1080 3069 1191 3178 quod
1215 3099 1299 3155 non
1316 2987 1477 3153 minimi
1498 3075 1716 3155 attentione
1737 3071 1906 3185 dignum

472 3184 547 3287 est,
558 3179 780 3266 solvendus
793 3185 845 3264 est
868 3183 1131 3296 ipsein-textu
1148 3179 1327 3266 cellulari
1344 3182 1393 3272 de
1422 3184 1541 3268 ofitus
1560 3183 1698 3297 adeps,
1720 3190 1790 3295 qui
1809 3189 1906 3270 clun

470 3293 607 3378 alat‘le
624 3294 793 3408 pendeat
811 3295 994 3378 nondum
1010 3299 1051 3376 in
1070 3295 1298 3407 sanguinem
1312 3215 1425 3380 versd
1433 3358 1448 3400 ,
1470 3297 1661 3409 ipsiusque
1678 3327 1907 3383 cremorem

471 3407 740 3522 representet,
758 3407 846 3490 ante
867 3407 965 3492 alios
985 3408 1304 3507 humorescaseo
1323 3409 1499 3496 admixto
1515 3415 1801 3526 corrumpitur,
1819 3439 1909 3521 rau»

474 3521 618 3626 tescit,
628 3521 869 3634 grumescit,
885 3521 1096 3632 forsanque
1109 3523 1298 3604 maximas
1313 3525 1534 3635 agitpartet
1549 3525 1590 3606 in
1609 3523 1878 3636 producendis
1884 3573 1908 3634 ,·

470 3633 672 3738 fovendis,
692 3659 809 3743 atque
821 3634 1058 3747 adaugendis
1071 3659 1376 3747 puerpuerarum
1392 3633 1541 3718 morbis
1554 3639 1750 3742 curantis,
1767 3638 1907 3753 suppu·

471 3744 767 3856 rationibusque
779 3748 1031 3832 efformandis
1046 3745 1124 3832 illis
1139 3747 1407 3856 crudioribus,
1431 3749 1908 3866 &odoremspecificum

470 3857 702 3975 spirantibus
726 3863 794 3970 qui
819 3859 970 3973 semper
995 3863 1206 3946 comitatur
1232 3859 1330 3973 illas.
1416 3922 1421 3932 -

529 3975 665 4058 Ex.his
675 3971 902 4085 ergosacile
909 3971 1279 4060 deducituneasdem
1288 3974 1549 4060 indicationes
1561 3975 1772 4060 medicanti
1789 3972 1909 4060 offer·

472 4088 526 4194 ri,
543 4088 698 4197 quoties
709 4083 848 4170 eadem
861 4087 1149 4198 causa-ingruit,
1156 4088 1229 4177 sed
1237 4087 1305 4174 ubi
1316 4083 1367 4174 eo
1377 4089 1498 4198 usque
1505 4091 1661 4174 vitiatus
1674 4089 1905 4195 esthumor,

471 4223 516 4288 ut
533 4225 671 4281 omnes
686 4194 758 4282 illo
775 4197 948 4284 scateant
963 4202 1047 4282 tirm
1059 4197 1271 4312 glandula,
1289 4203 1654 4309 tirm‘incernicula,
1669 4205 1754 4284 tirm
1767 4227 1910 4286 textus

473 4305 695 4417 cellularis·‚
717 4313 892 4424 ingentia
914 4312 991 4398 elie
1011 4310 1254 4426 applicanda·
1268 4313 1555 4400 medicamenta
1567 4377 1582 4421 ‚
1611 4317 1812 4398 machinas
1839 4317 1908 4398 itt·-

472 4450 607 4534 gentes
628 4425 873 4531 movendas,
895 4423 1036 4536 quibus
1058 4427 1433 4542 universreorporis
1449 4425 1596 4512 fabrica
1619 4455 1792 4512 mutetur
1814 4427 1907 4512 futu

474 4535 597 4618 ditus.
612 4535 693 4620 Hic
711 4534 882 4622 circulus
899 4536 967 4622 ille
987 4539 1323 4651 metasyneriticus
1337 4545 1585 4652 antiquorum
1602 4540 1744 4625 laeum
1756 4537 1909 4626 nabere

474 4645 619 4753 deber,
652 4677 725 4734 nec
763 4648 986 4734 maximio
1015 4683 1062 4736 us
1094 4656 1153 4736 est·
1179 4654 1464 4758 meditatione,
1497 4679 1544 4736 ut
1567 4655 1756 4739 sentiatur
1783 4651 1907 4764 quim

473 4767 609 4878 pariam
629 4761 771 4875 poffint
786 4765 852 4848 hic
868 4681 1041 4848 remedia
1059 4770 1283 4880 empyrica‚
1309 4765 1448 4879 quibus
1468 4765 1616 4855 melius
1628 4765 1931 4858 obsecundant

471 4871 711 4970 muliercula
734 4872 852 4985 quim
876 4877 999 4968 cuivis
1020 4869 1543 4994 methodoHippoctaticaer
1651 4957 1656 4964 .

1730 4989 1913 5098 Certum
