4228 5898
558 393 1262 497 rnrnooucr‘ro.
1340 479 1347 494 .
1436 504 1439 511 ,
1570 449 1644 528 12,

208 557 311 682 paffn
329 573 452 648 erant,
477 555 535 648 Et
551 559 686 651 nullus
706 563 873 674 dubito,
900 565 1101 656 licbtnon
1117 597 1326 688 expertus,
1341 573 1452 686 quod
1472 577 1499 660 li
1525 605 1645 694 vege-

207 678 304 763 tanti
323 675 442 764 diaetae
462 674 586 762 dediti
600 677 750 764 morbis
769 677 937 794 lympha
957 685 1161 797 stagnantis
1179 711 1297 798 atque
1312 688 1498 802 perversa
1510 692 1643 780 affice·
1707 757 1711 764 -

208 817 343 876 rentur
353 855 366 898 ,
381 788 492 902 quod
507 795 627 900 raribs
643 791 825 879 accidere
839 794 950 908 posse
968 794 1200 903 fatebimur,
1218 799 1357 885 eadem
1377 802 1481 918 ipsos
1492 803 1643 896 sanaret

207 908 408 1011 mutatio,
437 902 637 1019 assumptis
668 903 901 990 animalibus
929 906 1027 994 cibis
1062 919 1105 994 bc
1127 909 1261 996 relies
1284 912 1497 1028 vegetabili
1516 918 1642 1005 diaetd.

207 1018 257 1103 Id
283 1017 491 1130 contigisse
509 1015 691 1132 legimus
716 1017 820 1132 apud
838 1021 1034 1104 Aretaeum
1060 1025 1148 1108 virb
1173 1021 1422 1138 elephantiasr
1445 1025 1642 1120 laboranti

209 1133 278 1241 qui
293 1134 335 1211 in
348 1127 447 1214 loco
474 1129 629 1214 deserto
652 1127 746 1214 solis
771 1135 955 1246 viperinis
972 1134 1152 1220 carnibus
1178 1137 1324 1230 famem
1345 1137 1514 1247 solatus,
1530 1146 1642 1228 inex·

208 1246 402 1356 pedatam
426 1246 672 1330 curationem
704 1271 932 1360 receperat3
962 1247 1073 1356 qnod
1097 1253 1215 1332 etiam
1237 1251 1431 1364 naufragis
1458 1257 1558 1368 apud
1578 1262 1641 1341 in·

207 1353 312 1440 sulas
334 1353 500 1439 desertas
521 1354 734 1466 aliquandb
755 1356 970 1442 miserrime
986 1360 1170 1444 accidisse
1194 1361 1320 1445 visum
1343 1362 1420 1448 suit
1432 1428 1447 1470 ,
1469 1371 1536 1476 qui
1554 1367 1642 1456 soli

207 1465 423 1554 testudinea
443 1496 561 1552 carne
577 1495 753 1574 utentes,
773 1477 815 1554 bt
837 1469 1027 1579 morbos,
1046 1480 1087 1555 ὅ(
1107 1474 1255 1558 samem
1274 1476 1521 1586 expulerunt.

265 1581 330 1664 Ex
353 1583 415 1664 his
441 1583 539 1666 verb
559 1581 792 1696 intelligitur
814 1583 1090 1698 depurationes
1106 1585 1192 1672 illas
1214 1586 1265 1671 ad
1283 1591 1405 1673 cutim
1422 1591 1639 1700 infantum,

208 1691 276 1776 ubi
295 1694 476 1810 perseslae
498 1694 586 1778 sunt
598 1757 612 1801 ,
631 1692 701 1778 ubi
724 1724 868 1809 corpus
892 1701 1031 1811 viget,
1062 1703 1173 1782 omni
1194 1729 1327 1786 carere
1353 1700 1556 1816 periculo,
1570 1705 1639 1790 sed

209 1809 380 1891 curantis
399 1806 748 1910 summbintereise
764 1834 811 1892 ut
823 1806 978 1895 duobus
999 1812 1190 1926 ptaecipub
1209 1814 1386 1897 humoris
1399 1821 1641 1930 erumpentis

204 1917 512 2036 proprietatibus
543 1922 742 2026 attendat,
773 1928 815 2004 dt
849 1923 943 2006 hinc
980 1927 1145 2038 copiam*
1174 1931 1296 2008 nocui
1328 1929 1504 2010 humoris
1538 1926 1640 2014 bene

159 2099 165 2111 .
208 2035 391 2139 noverit,
406 2029 519 2116 illinc
538 2031 651 2140 hujus
674 2036 841 2117 materia
860 2033 1123 2120 mobilitatem
1139 2038 1372 2151 expiscetur.
1393 2040 1491 2122 Non
1509 2069 1641 2125 rarum

208 2148 316 2232 enim
330 2148 384 2230 est
398 2149 439 2228 in
453 2149 562 2261 praxi
577 2149 623 2230 iis
637 2175 846 2231 occurrere
860 2151 989 2260 puetis
1005 2152 1073 2260 qui
1084 2179 1190 2233 nunc
1200 2150 1256 2234 ad
1269 2179 1405 2256 aures,
1422 2151 1572 2259 nasum,
1584 2151 1641 2236 la«

207 2256 301 2364 bia,
326 2256 509 2362 collum,
536 2259 734 2344 foedantur
759 2261 929 2346 humore
958 2289 1127 2362 cutaneo
1141 2323 1156 2367 ,
1185 2291 1290 2345 nunc
1314 2267 1417 2346 acria
1439 2266 1639 2376 patiuntur

206 2375 409 2479 tormina,
429 2399 496 2456 aut
518 2398 670 2456 mutato
689 2372 813 2456 scenae
840 2371 939 2458 loco
957 2437 971 2480 ,
1005 2373 1305 2490 palpitationes,
1328 2375 1638 2484 suffocationes,

209 2486 295 2570 amb
308 2515 347 2566 ιιι
361 2483 487 2598 pnmi
502 2483 663 2568 infantis
677 2512 809 2569 motus
829 2485 1104 2593 convulstvos,
1129 2489 1343 2598 quinetiam
1364 2485 1576 2598 aliquandi)
1597 2497 1640 2574 ὃ(

210 2593 321 2681 fimul
334 2596 525 2682 foedatam
541 2594 688 2681 habent
699 2625 834 2682 cutem
849 2607 888 2681 bt
901 2597 1092 2683 stmulilla
1102 2603 1354 2712 experiuntur
1365 2601 1639 2714 symptomata.
1752 2666 1756 2674 1

261 2711 312 2794 In
337 2714 460 2825 priori
486 2711 576 2795 casu
597 2707 797 2795 mobilitas
823 2714 989 2822 &quast
1012 2711 1224 2810 volatilitas
1245 2711 1365 2795 causae
1386 2741 1426 2794 ar
1482 2716 1570 2796 itur.
1592 2714 1641 2796 In

206 2821 335 2908 altero
361 2825 485 2938 copiae
503 2849 712 2938 acceptum
743 2822 908 2910 debetur
932 2852 1143 2939 gravamen
1167 2822 1266 2907 illud
1289 2833 1331 2908 bt
1360 2743 1641 2938 muitiplicatio

205 2935 530 3050 symptomatum.
547 2935 596 3020 In
619 2933 844 3023 mobilitate
867 2938 1174 3053 symptomatum
1202 2935 1447 3052 praevidendi
1466 2966 1550 3020 non
1565 2967 1641 3020 cae-

208 3050 360 3155 eudes,
386 3049 414 3132 st
439 3051 555 3163 ipsrus
580 3052 796 3164 eruptionis
827 3054 1123 3135 inconstantiam
1149 3051 1269 3135 fueris
1294 3053 1474 3156 rimatus,
1500 3058 1541 3134 dc
1568 3076 1641 3164 pe-

206 3162 347 3246 riodos
369 3192 477 3246 nunc
497 3161 634 3246 efferas
644 3224 660 3267 ‚
682 3192 787 3246 nunc
803 3161 989 3247 abnormi
1011 3163 1150 3248 ordine
1173 3167 1363 3247 mitiores.
1381 3163 1553 3275 Copiam
1574 3161 1640 3246 do-

207 3277 396 3357 monstrat
428 3301 562 3358 tumor
586 3278 754 3389 partium
782 3278 1140 3382 ciroumstantium,
1178 3275 1450 3390 praecipusque
1468 3272 1641 3470 glandu-

207 3383 335 3470 larum
369 3384 663 3493 ambientium,
706 3393 853 3472 ceteris
889 3385 1069 3472 collatus
1089 3413 1436 3484 excrementorum
1513 3387 1641 3468 nilio-

208 3526 385 3610 nnmque
413 3502 529 3584 vitiis.
561 3499 669 3582 Nam
694 3531 800 3585 nunc
830 3499 1112 3606 delitescente,
1147 3529 1253 3585 nunc
1280 3505 1410 3584 rursus
1443 3501 1640 3582 emicante

208 3607 429 3721 ludumque
455 3615 697 3725 pertinacem
729 3611 963 3698 obstinaciirs
997 3611 1160 3698 ludente
1184 3639 1372 3717 veneno,
1413 3612 1454 3694 in
1478 3610 1642 3722 ancipiti

207 3727 286 3808 vita
302 3723 487 3809 versatur.
507 3726 637 3807 Potest
651 3724 757 3808 enim
773 3729 1125 3810 inflammationem
1140 3727 1296 3810 mentiri
1316 3727 1456 3809 vitium
1472 3721 1641 3834 lymphae

207 3840 247 3919 in
304 3835 488 3928 ulmones
513 3835 785 3943 decumbens,
811 3864 878 3922 aut
905 3841 945 3920 in
971 3839 1121 3924 viscera
1146 3842 1274 3922 minirs
1295 3833 1444 3920 sensilia
1468 3832 1643 3918 delatum

208 3867 495 4033 obsirufflones
507 3958 549 4035 bt
563 3949 801 4034 scirrhorum
816 3948 1011 4035 elementa
1022 3950 1234 4067 deponere.
1251 3950 1362 4033 Hinc
1374 3953 1466 4031 cum
1477 3945 1527 4028 de
1539 3970 1643 4030 natu·

206 4091 257 4145 ιιι
276 4061 437 4148 viribus
447 4055 539 4168 justa
561 4066 708 4145 oriatur
729 4061 968 4171 diffidentia,
989 4077 1164 4174 quarunt
1178 4063 1332 4146 Medici
1350 4055 1499 4140 malum
1516 4054 1538 4139 i
1554 4087 1642 4171 par-

208 4173 314 4258 tibus
352 4173 539 4260 divellere
577 4182 619 4258 ὃ(
650 4179 692 4260 in
729 4203 855 4292 partes
883 4177 1089 4290 impellere
1124 4171 1355 4279 debilitatas.
1389 4171 1520 4284 Copia
1555 4170 1644 4254 effi·

209 4283 359 4372 c‘aciter
384 4289 628 4372 imminuitur
651 4315 720 4400 per
756 4289 980 4405 opportunb
1006 4289 1125 4371 sauss
1143 4283 1237 4369 'alvi
1265 4281 1516 4390 laxationes,
1556 4285 1646 4393 qui-

209 4397 282 4484 bus
311 4404 452 4483 rheum
478 4407 520 4484 dt
543 4426 593 4484 ex
611 4403 712 4483 theo
735 4404 954 4516 composrta
973 4403 1182 4514 pharmaca
1204 4394 1307 4512 apud
1328 4398 1495 4480 infantes
1519 4394 1646 4508 vulgb

210 4512 423 4598 sufficiunt.
437 4514 638 4596 Avertitur
654 4513 880 4598 ¹efficaciter
898 4511 1072 4619 malum,
1090 4537 1157 4594 aut
1169 4512 1295 4595 inusto
1321 4535 1392 4624 per
1409 4536 1531 4593 artem
1555 4537 1647 4590 cau-

208 4628 343 4732 terio,
383 4651 451 4708 aut
479 4629 559 4710 acri
587 4625 752 4710 admoto
789 4627 1062 4711 cantharidum
1093 4624 1259 4730 morsu,
1289 4648 1356 4706 aut
1377 4621 1646 4818 :pplicatione

212 4737 418 4823 corticisb
445 4765 629 4824 mezereo
655 4739 845 4849 detracti,
873 4738 940 4824 vel
964 4737 1206 4823 clematitide
1232 4796 1247 4841 ,
1283 4733 1349 4821 vel
1396 4739 1461 4818 ‘iis
1491 4729 1647 4818 acribus

213 4847 379 4963 plantis,
394 4849 491 4966 saeps
514 4853 674 4964 quidem
699 4883 792 4942 cum
805 4855 958 4969 ingenti
972 4849 1175 4965 efficacii,
1196 4847 1408 4961 aliquandi>
1421 4874 1553 4931 tamen
1567 4845 1648 4926 sme
1775 4905 1779 4910 .

1272 4963 1321 5072 Q,
1340 4957 1368 5065 ij
