4246 5900
476 423 1274 542 ··³riirroiiircrio.
1474 527 1476 532 .
1585 472 1639 570 37

201 615 365 726 durior,
392 615 612 734 &papulis
637 615 862 702 durioribus
891 615 1071 702 obstrieta
1096 619 1263 704 evadere
1288 617 1438 728 debet,
1478 647 1523 708 ut
1542 623 1636 709 alibi

200 733 363 820 dicendi
391 731 508 817 locus
540 731 623 817 sese
651 729 929 816 dabit.·Multa
961 728 1143 846 praetereit
1177 735 1243 818 hic
1261 734 1405 818 'adhuc
1427 733 1557 820 latent
1587 739 1638 822 de

200 845 314 930 fluidi
337 844 511 930 eleslrici
534 848 638 928 iuriis
665 847 815 958 agentis
842 845 883 924 in
906 871 1040 928 cutem
1064 843 1267 946 efficaciss5
1292 847 1374 931 vidi
1397 848 1570 934 maculas
1595 857 1638 934 &

199 957 406 1073 lintigines
424 963 466 1042 in
487 984 579 1042 cute
596 984 753 1041 exortas
783 955 833 1040 ad
849 959 947 1039 isius
962 956 1137 1042 eletirici
1157 960 1377 1044 efficaciam
1403 959 1451 1043 ab
1472 966 1639 1048 homine

201 1073 338 1157 referri
356 1107 366 1156 ε
394 1069 548 1178 subitb,
570 1097 617 1156 ut
633 1067 783 1176 aiebat,
803 1096 948 1154 exorta
972 1096 1082 1155 erant
1101 1067 1175 1152 illae
1197 1063 1291 1182 quas
1310 1071 1419 1158 nulla
1435 1104 1493 1161 ars
1507 1065 1638 1190 posteli

200 1197 225 1268 a
245 1214 339 1271 cute
356 1185 564 1270 detrahere
577 1187 715 1297 potuit
915 1273 922 1280 ,
1356 1245 1361 1252 -

261 1299 331 1383 Ad
353 1295 516 1382 alteram
533 1297 730 1402 causarum
753 1323 1002 1382 externarum
1021 1295 1339 1412 perpendendam
1357 1301 1514 1388 classem
1537 1303 1638 1390 ordo

199 1441 286 1495 nos
307 1437 450 1517 vocat,
482 1441 562 1520 quae
589 1408 713 1494 classis
735 1439 817 1493 non
840 1414 967 1494 minus
992 1409 1218 1494 universalis
1239 1415 1292 1494 est
1317 1428 1404 1499 aere
1420 1425 1462 1500 δι
1480 1415 1639 1526 majoris

198 1524 339 1606 forsan
363 1526 567 1608 momenti.
580 1521 752 1608 Classem
771 1521 881 1606 illam
903 1524 1144 1608 constituunt
1159 1521 1270 1608 cibus
1287 1533 1328 1608 δι
1343 1545 1486 1641 potus,
1509 1529 1530 1614 ὲ
1551 1536 1640 1643 qui-

200 1635 279 1721 bus
311 1633 542 1751 repetendas
569 1636 648 1720 else
672 1641 862 1720 maximas
893 1640 935 1719 in
963 1640 1063 1721 ‘cutis
1088 1635 1238 1721 morbis
1261 1639 1498 1726 differentias
1525 1644 1640 1730 multi

202 1751 261 1834 ira
283 1754 465 1863 cogitant
476 1811 491 1856 ‚
516 1775 560 1834 ut
585 1749 633 1833 ab
658 1749 733 1834 illo
754 1749 945 1835 sentiendi
966 1777 1112 1864 genere
1133 1749 1226 1836 illos
1252 1781 1334 1836 non
1355 1753 1571 1842 dimoveas.
1587 1759 1641 1844 Et

207 1862 315 1948 certe
334 1891 395 1948 res
407 1866 470 1946 ita
486 1889 592 1977 patet
616 1866 657 1946 in
672 1865 873 1947 frumento
900 1860 974 1946 illo
991 1863 1101 1974 quod
1118 1864 1312 1948 cariosum
1331 1897 1479 1952 vocare
1495 1871 1639 1984 pollis,

203 1979 333 2090 ergntd
359 1977 510 2062 dicunt.
538 1973 668 2080 Hujus
694 1977 766 2061 usu
796 1975 1037 2090 pessumdata
1064 1980 1278 2060 humorum
1301 1983 1413 2065 cralis
1438 1983 1489 2066 ad
1516 1988 1641 2068 cutim

205 2117 287 2176 non
319 2089 399 2176 sine
423 2092 577 2202 ingenti
604 2090 725 2173 fertur
758 2089 1008 2196 discrimine,
1039 2119 1156 2200 quani
1181 2096 1283 2204 turpi
1310 2089 1433 2178 afficit
1458 2095 1641 2208 siccique

207 2201 412 2316 gangrens
424 2263 439 2308 ,
452 2229 496 2286 ut
508 2206 550 2286 in
567 2204 655 2286 Ae.
669 2204 795 2288 Acad.
808 2203 985 2287 Parisinis
998 2205 1185 2309 refertur,
1203 2204 1390 2316 quodque
1406 2215 1534 2293 rursiis
1545 2237 1640 2295 eve-

209 2315 329 2421 nille,
356 2323 399 2398 ὃ(
421 2314 547 2400 visum
574 2321 755 2430 nuperibs
781 2317 902 2401 iidem
921 2320 1102 2402 testantur
1121 2318 1380 2426 Academici,
1409 2317 1507 2405 licet
1534 2323 1640 2407 circi

212 2430 296 2512 hec
326 2425 531 2514 observata
557 2434 671 2514 novis
705 2429 919 2520 observatis
943 2428 1106 2516 nebulas
1130 2431 1315 2516 offuderit
1342 2431 1498 2517 sedulus
1527 2434 1641 2520 Che-

218 2544 340 2624 inicus
361 2542 417 2626 D.
437 2541 691 2630 Parmentier.
725 2542 807 2628 Sed
836 2540 950 2628 lentae
975 2547 1028 2628 est
1059 2544 1220 2652 hujusce
1251 2549 1394 2629 veneni
1421 2550 1558 2654 attio,
1596 2557 1639 2634 dt

218 2653 324 2738 usum
343 2653 586 2740 habitualem
604 2659 789 2766 requirit,
810 2682 856 2740 ut
872 2657 1094 2740 miserrimis
1113 2655 1299 2768 agricolis
1319 2655 1530 2768 aliquando
1554 2687 1641 2745 eve·

213 2771 295 2874 nit,
317 2771 385 2878 qui
408 2768 503 2852 diini
523 2766 692 2851 meliora
714 2795 788 2851 aere
812 2791 991 2872 mutant,
1016 2765 1089 2850 sibi
1104 2767 1258 2851 servarit
1273 2765 1417 2908 pejora.

268 2885 323 2966 At
344 2879 453 2966 nulli
473 2885 627 2966 ratione
640 2879 779 2965 mellite
793 2877 1036 2992 intelligetur
1056 2878 1299 2990 quomodba
1322 2877 1504 2966 ciborum
1521 2877 1641 2970 etianr'

215 2993 385 3106 presenti
396 2998 498 3080 vitio
512 2995 629 3108 possit
645 2999 745 3079 cutis
768 2994 989 3108 deturpari,
1005 2995 1122 3104 quim
1140 2994 1169 3074 si
1184 2993 1535 3082 animadvertamus
1555 3028 1641 3084 reni

215 3107 441 3218 quotidiani
459 3108 738 3224 deprehensam
753 3105 1004 3224 experientiis.
1021 3105 1188 3192 Scilicet
1210 3106 1323 3192 multi
1345 3107 1434 3193 sunt
1456 3113 1641 3199 homines

214 3228 282 3332 qui
303 3219 520 3336 simytulos
544 3222 797 3335 sumpserint,
817 3223 937 3307 etiam
960 3249 1138 3306 recentes
1169 3229 1210 3304 δι
1236 3225 1440 3336 optimos,
1460 3222 1571 3308 illicb
1597 3235 1641 3330 ὃς

214 3337 317 3446 quasi
335 3333 446 3420 oculi
468 3365 550 3421 uno
570 3339 647 3419 isin
674 3340 841 3449 pruritus
861 3362 1043 3420 enormes
1062 3335 1110 3421 ad
1132 3338 1256 3417 cutim
1273 3339 1524 3448 experiuntur
1539 3367 1643 3448 quos

213 3448 343 3534 subito
365 3452 570 3564 excipiunt
594 3447 760 3564 grandes
785 3451 827 3532 in
850 3473 942 3532 cute
974 3447 1155 3562 papula,
1178 3447 1265 3561 ipsae
1292 3449 1452 3557 quidem
1471 3448 1638 3557 albidae,

213 3563 280 3650 sed
312 3561 467 3648 circulo
497 3564 746 3649 circumdate
774 3563 929 3646 fortiter
966 3558 1254 3675 erysipelatosu
1282 3561 1395 3645 Novi
1433 3566 1642 3648 hominem

214 3682 280 3762 cui
300 3684 341 3762 δι
360 3705 459 3786 aqna
479 3675 662 3797 calcis&
681 3671 802 3760 chelae
815 3667 1054 3761 cancrordm
1070 3675 1274 3788 purissima
1295 3673 1401 3758 idem
1422 3677 1647 3761 efficerent.

215 3795 270 3876 At
288 3815 395 3874 tanta
423 3791 477 3874 est
507 3793 549 3874 iu
585 3786 795 3872 ventriculi
826 3786 1074 3873 sensibilitate
1108 3787 1223 3870 &ad
1255 3789 1378 3870 cutim
1401 3788 1642 3902 sympatheii

214 3905 393 3990 efficacia
423 3909 464 3988 di
492 3902 713 4009 diversitas,
741 3928 786 3986 ut
811 3902 1000 3986 feminam
1025 3903 1205 3986 noverim
1234 3898 1414 3988 nobilem
1438 3905 1503 3983 cui
1534 3900 1642 3984 idem

167 4023 170 4028 ’
215 4021 424 4129 contingat
442 4018 597 4126 quoties
616 4045 795 4128 oryzam,
817 4013 985 4127 quicum
1044 4018 1231 4099 eratione
1249 4012 1478 4118 conditam,
1500 4041 1641 4100 vorare

214 4130 409 4234 voluerit,
426 4158 509 4239 qua
521 4155 654 4213 tamen
673 4133 820 4213 caeteris
838 4046 1071 4212 mortalibis
1094 4127 1358 4211 dulcissimum
1384 4122 1529 4236 prebet
1542 4127 1641 4212 edu-

216 4243 327 4329 lium.
366 4240 526 4325 Similes
558 4239 721 4356 papulas
753 4241 851 4356 sape
878 4245 919 4325 in
943 4240 1115 4325 febrium
1151 4237 1491 4321 intermittendum
1526 4241 1642 4326 initio

217 4357 326 4464 vidi,
357 4353 493 4438 undei
523 4355 654 4438 sorum
675 4357 916 4440 invasionem
938 4351 961 4436 ὲ
982 4348 1193 4437 ventriculi
1215 4347 1446 4436 conditione
1467 4352 1645 4466 pendere
1740 4373 1746 4387 “

220 4470 475 4555 credideram.
493 4386 574 4552 llae
598 4467 757 4578 quidem
782 4467 1005 4550 transitorie
1032 4473 1074 4546 dr
1095 4462 1255 4578 fugaces
1282 4467 1381 4548 cutis
1398 4464 1641 4580 deturpatio-

224 4609 292 4666 nes
313 4611 386 4696 pro
406 4583 508 4665 veris
530 4577 679 4664 morbis
703 4575 839 4663 haberi
863 4609 945 4662 non
963 4575 1146 4690 possunt,
1178 4603 1217 4661 at
1238 4579 1278 4662 id
1305 4575 1441 4662 saltem
1465 4579 1642 4664 indicant

223 4693 337 4806 quiin
363 4690 484 4778 facile
509 4696 610 4778 cutis
627 4691 681 4778 ab
706 4687 1022 4806 impressionibus
1050 4693 1091 4774 in
1118 4686 1384 4777 ventriculum
1409 4693 1519 4786 sadis
1543 4691 1641 4777 alte-

221 4833 337 4898 retur.
360 4801 596 4890 Praetereiisi
619 4805 706 4890 talis
728 4806 928 4921 impressio
952 4807 994 4887 in
1012 4803 1112 4889 illud
1131 4803 1258 4888 viscus
1274 4803 1392 4918 possit
1409 4804 1648 4917 perdurare,

220 4951 291 5010 tiit
312 4951 401 5010 non
422 4921 543 5008 etiam
564 4917 696 5007 morbi
717 4925 818 5008 cutis
838 4917 900 5006 illi
925 4921 1044 5008 eriam
1066 4921 1138 5004 fixi
1163 4941 1281 5030 atque
1307 4919 1526 5002 constantes
1548 4942 1665 5008 esar,
