4292 5904
532 329 621 426 326
909 346 912 354 ’
969 325 1076 416 DE
1147 321 1511 410 MO‘RBIS
1623 351 1627 359 ’

535 501 658 586 caufis
683 497 839 592 aliunde
863 489 1084 608 repetendis
1102 471 1299 603 pendeant
1312 547 1326 592 ,
1353 482 1447 568 alibi
1471 483 1619 590 trailati
1642 481 1735 566 sunt
1754 512 1767 583 ;
1786 483 1959 600 porrigo,

535 617 669 720 nnea',
694 610 909 726 phthiriasis
923 591 1157 710 ,'achores,
1179 601 1288 705 favi,
1312 595 1541 714 meliceria,
1566 592 1723 706 aliaque
1751 593 1961 701 hujusmodi

535 708 737 810 malatino
751 717 971 804 infantilem
983 740 1134 802 atatem
1147 714 1389 818 adorientia,
1403 716 1488 798 tiam
1501 705 1957 818 commutassent,

532 840 580 922 in
601 837 709 920 senio
731 831 916 918 rediviva.

532 1007 535 1014 -
594 947 809 1031 Enimvero
836 941 943 1052 nulla
966 945 1066 1026 cutis
1086 939 1218 1054 portio
1241 935 1343 1022 adeo
1367 931 1638 1051 perspirationi
1669 931 1809 1043 favet,
1836 935 1956 1020 cirini

531 1059 687 1250 'frigope
715 1055 945 1147 defendatur
968 1083 1036 1181 per
1058 1052 1263 1168 copiosam
1283 1052 1505 1152 cesariem,
1534 1076 1619 1156 qua
1648 1046 1678 1129 st
1708 1047 1835 1156 defit,
1860 1048 1956 1134 ubii

528 1199 587 1254 ca
604 1171 698 1252 vitie
713 1172 999 1270 munimentum
1014 1197 1090 1272 pam
1110 1164 1209 1248 illud
1231 1164 1461 1248 destructum
1482 1161 1563 1264 est,
1586 1185 1737 1243 norunt
1757 1165 1953 1268 monachi,

432 1313 439 1325 ·
533 1279 680 1394 quibus
707 1284 796 1366 lisia
823 1289 864 1367 dt
891 1278 1099 1365 artificiosa
1127 1277 1296 1362 cesaries
1325 1273 1530 1363 interdidia
1549 1273 1625 1384 est,
1654 1297 1758 1384 quot
1789 1275 1956 1360 catlra'rris

535 1419 656 1504 atque
677 1391 968 1482 defluxionibus
989 1394 1123 1478 vivant
1143 1387 1324 1473 obnoxii.
1349 1388 1501 1473 Verirm
1526 1387 1620 1468 citm
1651 1382 1789 1497 capilli
1815 1413 1855 1470 ut
1873 1385 1953 1500 plu·

537 1509 680 1593 timiam
699 1507 970 1621 perspirationi
995 1505 1154 1608 favent,
1174 1500 1283 1587 illam
1306 1501 1363 1584 isti
1390 1501 1614 1614 excipiunt,
1640 1503 1682 1580 dt
1711 1497 1855 1608 aquosa
1876 1529 1953 1612 pare

536 1616 651 1724 hujus
687 1622 864 1708 humoris
894 1616 1027 1704 avolat
1054 1615 1215 1726 quidem
1244 1611 1434 1702 facillime
1460 1643 1478 1712 a
1509 1635 1551 1696 at
1574 1637 1751 1694 remanet
1779 1617 1885 1696 extis
1914 1620 1950 1698 dt

535 1730 638 1816 inni
656 1731 823 1846 capillos
845 1761 931 1846 pars
958 1729 1064 1814 illitis
1085 1728 1238 1814 denfior
1262 1751 1379 1834 atque
1401 1721 1567 1812 solidior
1592 1719 1857 1842 agglomerata
1875 1753 1953 1833 quc

536 1845 580 1930 in
605 1843 727 1934 lemas
751 1844 947 1934 &sordes
975 1867 1218 1957 pungentes,
1240 1837 1497 1941 vellicantes,
1525 1838 1714 1950 pruritum
1733 1835 1947 1920 intolerabi-

532 1954 620 2048 lem
647 1959 863 2044 excitantes
893 1955 1117 2046 concrescit
1153 1979 1271 2062 atque
1308 1949 1511 2037 coalescit.
1546 1944 1806 2036 Intolerabilia
1837 1947 1951 2034 soetot

534 2071 674 2153 oritur.
714 2069 834 2152 Undd'
864 2065 1060 2150 malorum
1095 2063 1354 2178 plurimorum
1392 2065 1510 2176 origo
1547 2085 1628 2170 qua
1660 2061 1739 2142 cuti
1769 2059 1949 2172 capillata

537 2183 696 2293 propria
714 2179 814 2264 sunt.
834 2178 1052 2260 Mundities
1073 2180 1209 2290 capitis
1225 2205 1307 2258 non
1323 2171 1453 2259 solirm
1470 2170 1520 2259 ad
1536 2172 1815 2258 decorationem
1829 2197 1940 2281 atque

536 2319 723 2382 ornatum
748 2293 944 2396 instituta,
972 2286 1039 2372 sed
1066 2297 1109 2372 dt
1136 2288 1185 2370 ad
1213 2285 1415 2372 sanitatem
1446 2289 1548 2370 cutis
1577 2288 1726 2400 prorsus
1749 2283 1942 2368 necesaria

536 2404 602 2491 est.
630 2404 738 2484 Nam
756 2402 778 2486 a
795 2399 974 2486 sordibus
993 2404 1068 2484 istis
1088 2399 1283 2514 pendent,
1310 2425 1400 2484 nata
1424 2401 1520 2484 hinc
1544 2399 1730 2504 irritatio,
1753 2395 1840 2480 inde
1859 2401 1950 2482 verb

535 2512 813 2600 folliculorum
842 2541 959 2623 atque
989 2512 1205 2596 bulborum
1233 2511 1458 2596 obstrusiio
1494 2510 1720 2600 Obstrueio
1749 2506 1949 2594 bulborum

566 2623 627 2708 llis
655 2628 742 2739 ipsis
771 2653 894 2712 nocet
919 2655 1020 2736 quos
1046 2633 1087 2714 dt
1121 2623 1357 2710 macilentos
1387 2624 1543 2732 reddit,
1579 2623 1735 2709 nnn&
1760 2621 1952 2714 deciduos.

536 2655 656 2824 inde
681 2742 749 2848 qui
777 2739 1010 2824 munditiem
1033 2740 1247 2845 tenantur,
1280 2737 1384 2852 apud
1412 2739 1596 2846 antiquos
1626 2765 1786 2820 comam
1819 2737 1956 2820 nutrire

532 2849 782 2944 dicebantur.
809 2848 1103 2941 Folliculorum
1123 2853 1219 2936 vere
1240 2853 1281 2934 in
1305 2877 1397 2934 cute
1423 2845 1606 2964 capillatis
1631 2848 1833 2934 evidenter
1855 2849 1956 2932 nan-

537 2965 636 3051 tium
663 2964 845 3048 infatuus
874 2991 1049 3052 tumores
1076 2966 1242 3074 cysticos
1266 2961 1451 3075 producit
1475 2958 1541 3072 qui
1564 2960 1674 3049 nullia
1701 2963 1743 3046 in
1765 2958 1839 3046 alisi
1859 2988 1958 3076 parte

537 3074 655 3183 quam
685 3079 728 3157 in
755 3101 847 3160 cute
874 3105 921 3158 ca
948 3074 1055 3169 illati
1078 3077 1363 3185 frequentiores
1389 3077 1493 3160 varia
1517 3073 1597 3160 sibi,
1613 3077 1778 3158 nomina
1796 3103 1955 3187 ‘arroga-

535 3210 638 3271 tunt.
662 3188 718 3270 At
734 3214 873 3272 omnes
889 3107 1221 3272 admelice'ridem
1231 3251 1246 3293 ,
1269 3190 1481 3293 (scamma,
1506 3187 1712 3272 atheroma
1733 3186 1956 3292 refennnr.

535 3296 725 3406 Quorum
751 3299 911 3408 quidem
934 3324 1137 3387 tumorum
1162 3325 1335 3382 naturam
1364 3304 1430 3384 hic
1459 3299 1573 3384 fusns
1599 3325 1830 3413 exponere,
1851 3325 1891 3384 ut
1915 3305 1954 3382 dt

535 3435 677 3499 eorum
697 3414 972 3518 curationem,
995 3415 1081 3496 tirm
1105 3411 1325 3515 medicam,
1346 3417 1430 3495 tinn
1463 3413 1726 3523 chirurgicam
1757 3411 1956 3525 prosequi,

536 3522 645 3614 extri
665 3526 795 3636 operis
817 3537 939 3608 metas
961 3523 1089 3628 soret,
1116 3530 1206 3607 cum
1228 3523 1279 3608 de
1297 3527 1344 3608 iis
1367 3522 1521 3608 abunde
1545 3520 1602 3605 illi
1622 3521 1754 3608 locuti
1778 3526 1854 3610 smt
1872 3555 1957 3610 auc·

534 3657 642 3718 tores
658 3639 725 3744 qui
744 3636 794 3722 de
811 3634 1032 3720 tumoribus
1053 3637 1275 3722 transuere
1301 3638 1514 3722 Suffecerit
1529 3637 1594 3718 hic
1616 3637 1844 3742 annotasse,
1861 3635 1958 3720 nulli
2010 3725 2016 3740 ,

534 3743 611 3838 alie
635 3749 675 3829 in
699 3773 807 3862 parte
830 3777 901 3832 cor
930 3751 1008 3832 oris
1029 3748 1130 3832 adei>
1151 3747 1375 3858 frequentes
1396 3775 1631 3853 occurrere,
1652 3777 1773 3858 atque
1795 3749 1959 3834 maxime

533 3857 711 3972 negligi,
737 3865 829 3950 ciant
851 3779 939 3975 ipis
965 3857 1115 3974 capillis
1141 3885 1321 3972 tegantur
1334 3923 1349 3967 ,
1379 3887 1497 3972 atque
1522 3857 1803 3968 occultentur,
1830 3890 1958 3978 prate·

532 3971 677 4082 reique
694 3975 735 4056 in
755 4000 846 4058 cute
866 3971 989 4086 perse
1005 3970 1174 4064 maxime
1193 3969 1303 4056 tensi
1320 3983 1405 4056 no'n
1424 3975 1524 4058 adeo
1542 3972 1800 4085 grandescere
1822 3975 1961 4090 poffint

531 4108 601 4167 aut
619 4083 908 4171 deformitatem
930 4083 1098 4193 aliquam
1116 4083 1271 4168 inferre.

589 4195 741 4280 Verum
762 4203 862 4284 cutis
881 4196 970 4304 illa,
995 4195 1048 4280 ob
1069 4195 1174 4280 suam
1192 4199 1361 4284 innatam
1381 4199 1597 4306 tensionem
1620 4228 1702 4284 non
1724 4197 1829 4284 adeo
1848 4201 1963 4288 facile

532 4303 753 4418 dilatanda,
771 4315 961 4426 rumpitur
978 4308 1073 4424 sape
1095 4339 1188 4392 cum
1206 4311 1539 4416 inflammatione,
1561 4319 1602 4395 dt
1625 4312 1756 4398 ansam
1777 4313 1846 4398 dat
1871 4315 1964 4430 sup-

530 4422 729 4531 purationi
747 4427 901 4508 incerta
916 4421 998 4528 illi,
1023 4449 1098 4506 nec
1112 4419 1151 4505 le
1179 4425 1295 4504 itimae
1308 4483 1322 4527 ,
1344 4420 1411 4508 sed
1429 4453 1511 4533 quae
1535 4421 1653 4508 sacco
1680 4451 1727 4509 ut
1748 4424 1962 4538 plurimum

399 4532 413 4549 ”
529 4531 639 4616 renui
654 4530 869 4643 detrudo,
888 4559 1118 4622 tumoremt
1178 4537 1322 4644 't,quo
1337 4532 1511 4638 sublato,
1525 4533 1646 4620 facile
1662 4538 1829 4622 cicatrix
1850 4540 1966 4624 indu·

529 4645 644 4728 citur.
676 4643 773 4732 Sola
806 4651 1000 4734 horumce
1026 4675 1229 4732 tumorum
1254 4649 1354 4731 inter
1382 4645 1422 4730 se
1453 4644 1676 4736 differentia
1705 4645 1728 4733 i
1753 4647 1961 4736 volumine

526 4755 720 4868 namoris,
744 4753 826 4862 ejus
847 4759 988 4848 colore
996 4823 1013 4874 ,
1034 4787 1152 4876 atque
1173 4763 1340 4850 materia
1362 4772 1556 4846 contente
1576 4759 1823 4878 spissitudiue
1841 4763 1963 4852 dedu·
