4186 5908
630 409 1146 550 curn'uars.
1389 398 1394 408 ’
1526 499 1604 573 an

62 693 67 704 ,
170 608 425 729 supponunt,
452 614 631 728 alioquin
662 623 794 702 col-iio
828 623 942 719 firma
977 631 1056 736 per'
1071 627 1200 708 urinas
1229 625 1310 710 srne
1337 623 1443 710 noxa
1475 625 1605 744 super-

169 727 295 810 lluum
334 741 579 845 emungeret.
619 731 667 816 Id
699 736 851 817 tantiam
879 734 929 818 ab
959 737 1047 849 ipsrs
1077 739 1360 855 expeslandum
1387 742 1439 824 est
1451 803 1465 846 ,
1494 745 1605 851 qubd

170 866 307 924 cutem
319 847 444 958 magis
456 845 660 952 indurent,
677 872 794 956 atque
807 847 1023 932 reddant&
1034 849 1218 962 rugosam
1232 857 1273 933 δι
1291 850 1511 961 duriorem,
1524 883 1605 940 nec

170 980 373 1040 mutentur
391 959 460 1040 nisr
474 987 567 1042 cum
587 963 683 1042 aeris
703 964 944 1066 mutatione,
960 964 1128 1073 tarbque
1141 959 1189 1045 ab
1206 961 1282 1047 und
1298 964 1346 1048 ad
1365 964 1478 1048 aliam
1496 994 1601 1052 tern-

170 1070 356 1178 pestatem
382 1071 698 1156 tranfinittantur.
732 1073 884 1156 Verum
913 1074 942 1157 sr
972 1078 1071 1156 acris
1100 1072 1229 1158 subiti>
1258 1080 1371 1160 irruit
1404 1082 1600 1196 impetus,

170 1179 397 1292 malumque
409 1181 579 1268 subitum
590 1185 787 1292 effecerit,
799 1210 896 1269 tunc
907 1183 1038 1268 morbi
1050 1182 1109 1268 illi
1122 1187 1353 1298 rhagadum,
1369 1190 1599 1300 fissurarum,

171 1298 486 1408 pernionumque
513 1301 676 1382 nomine
708 1297 923 1382 noscuntur
948 1329 961 1398 ;
996 1300 1079 1381 haec
1114 1298 1311 1382 saeviffima
1343 1299 1428 1385 lues
1449 1303 1527 1387 'ubi
1559 1311 1602 1391 in

170 1407 337 1494 infantes
371 1410 583 1522 grassatur,
616 1413 658 1492 in
698 1408 932 1495 morborum
965 1436 1224 1494 cutaneorum
1260 1413 1603 1526 depuratotiorum

172 1519 288 1604 classe
306 1550 391 1606 non
409 1526 662 1608 continentur
673 1585 688 1631 ‚
715 1531 758 1606 δι
779 1522 830 1606 de
852 1527 899 1608 iis
923 1519 1016 1606 alibi
1036 1551 1185 1636 agetur.
1425 1531 1426 1534 ‘

225 1633 345 1718 Hanc
367 1637 563 1719 theoriam
583 1664 633 1720 ex
649 1633 732 1752 ipsi
750 1662 893 1721 natura
909 1634 1249 1750 contemplatione
1267 1663 1398 1722 natam
1418 1642 1446 1724 sr
1467 1667 1602 1728 tenue-

170 1747 319 1854 rimus,
343 1746 443 1830 nihil
462 1751 536 1833 erit
556 1778 627 1832 cur
650 1747 877 1832 nominibus
894 1747 1071 1832 Arabum
1096 1758 1138 1834 ds
1161 1749 1467 1836 distinblionibus
1490 1756 1602 1839 Grae-

170 1887 311 1944 corum
323 1864 592 1944 recentionrm
606 1859 759 1975 plenibs
772 1861 1033 1946 adhaereamus
1042 1923 1055 1967 ,
1074 1861 1343 1977 cumsalraflzti
1355 1871 1404 1967 (a)
1424 1869 1602 1952 Avicen-

169 2003 249 2078 nae,
271 1972 384 2078 arista
399 1972 542 2060 Galeni
567 1975 640 2081 (b),
663 1972 875 2058 Theodori
891 1981 960 2081 (c),
988 1973 1057 2056 sub
1074 1977 1155 2058 hoc
1175 1977 1317 2058 intuitu
1338 1983 1602 2093 comprehen-

171 2085 310 2169 dantur
317 2148 332 2192 ,
346 2114 422 2172 nec
432 2085 547 2172 multi
563 2087 749 2202 ponderis
762 2091 836 2172 erit
846 2086 963 2180 Alex.
974 2084 1171 2171 Tralliani
1186 2087 1322 2171 divino
1333 2091 1376 2171 in
1388 2117 1434 2172 ea
1442 2089 1577 2176 ulcera
1585 2155 1601 2202 ,

170 2229 252 2310 quae
273 2201 374 2284 fiunt
393 2197 415 2282 a
433 2198 592 2314 pituitd,
613 2198 716 2308 bile,
739 2227 806 2284 aut
823 2198 1089 2284 melancholias
1100 2230 1233 2306 ,cum
1252 2196 1300 2282 ab
1323 2199 1462 2285 eidem
1485 2205 1603 2290 causi

169 2311 349 2426 proximi
379 2317 513 2397 omnia
541 2313 609 2397 illa
638 2314 834 2429 pendeant
862 2345 875 2413 3
909 2339 1069 2396 remota
1097 2315 1195 2398 verb
1229 2312 1349 2396 causa
1379 2344 1518 2401 omnes
1551 2318 1602 2403 ad

170 2428 480 2510 concobiionem
503 2433 544 2509 δι
571 2426 834 2510 secretionem
858 2427 1171 2542 perspiratoriam
1197 2421 1324 2507 laesam
1351 2431 1599 2539 pertineant:

171 2541 199 2622 sr
228 2537 365 2622 saltem
394 2537 444 2623 de
468 2542 520 2623 ¹iis
546 2537 695 2622 morbis
724 2535 935 2648 loquamur
967 2542 1034 2648 qui
1067 2537 1115 2620 ab
1147 2563 1257 2632 atate
1284 2539 1483 2651 pendent3
1508 2548 1602 2628 clim

169 2681 251 2735 non
268 2649 485 2736 refellenda
507 2648 665 2735 aliundb
688 2647 869 2764 exempla
889 2649 1059 2764 probent
1080 2652 1169 2733 satis
1192 2651 1301 2762 polle
1324 2651 1433 2734 ausa
1461 2681 1602 2767 paren-

91 2771 94 2780 ’
171 2762 301 2873 tibus,
329 2793 395 2849 aut
421 2763 443 2848 i
469 2761 687 2848 nutricibus
711 2793 794 2846 non
814 2767 927 2846 unius
949 2766 1104 2876 generis
1127 2761 1319 2845 fermenta
1346 2767 1449 2846 intus
1476 2769 1603 2849 intro-

170 2882 297 2985 mitti,
321 2908 406 2988 quae
431 2904 564 2961 tamen
587 2875 759 2986 aliquem
785 2873 833 2956 ab
863 2901 972 2958 atate
1001 2903 1123 2959 muco
1150 2873 1346 2960 defluente
1371 2875 1442 2960 srbi
1466 2906 1603 2963 carac-

170 3017 295 3078 terem
322 2990 515 3076 allumunt
537 2993 604 3102 qui
630 2993 753 3072 mixta
780 2988 978 3099 utriusque
1003 2991 1090 3072 vitii
1116 2987 1376 3103 symptomata
1397 3017 1446 3072 ex
1475 2993 1601 3077 rimat.
1646 3026 1649 3032 ·

173 3104 300 3215 Quod
325 3103 450 3220 probe
478 3130 624 3188 norunt
648 3105 677 3188 ii
700 3104 768 3215 qui
797 3101 1003 3188 traslandis
1030 3099 1079 3190 de
1105 3097 1171 3184 lue
1195 3099 1363 3188 venerei
1388 3103 1429 3185 in
1447 3101 1602 3191 antibus

171 3245 332 3330 operam
354 3217 642 3332 impenderunt.
1266 3291 1268 3296 Α

223 3330 335 3414 Hinc
355 3359 452 3444 ergo
477 3334 718 3442 quicumque
744 3329 949 3416 trablandis
968 3328 1143 3527 puerulis
1164 3331 1263 3414 vitio
1293 3332 1393 3414 cutis
1419 3326 1602 3414 laboran-

171 3440 274 3541 tibus
305 3471 467 3558 operam
494 3471 638 3528 navant
652 3507 666 3552 ,
693 3449 722 3528 ii
751 3445 847 3529 dinn
875 3443 925 3527 ad
952 3443 1045 3530 ilos
1075 3444 1317 3530 advocantur
1348 3443 1436 3526 antb
1468 3449 1603 3528 omnia

171 3558 295 3640 cutim
324 3556 475 3668 ipsam,
509 3561 593 3641 imb
624 3567 666 3642 bt
693 3587 832 3644 omnes
865 3555 1069 3672 glandulas
1101 3583 1218 3666 atque
1247 3554 1435 3640 articulos
1464 3555 1601 3640 sedulb

172 3668 318 3753 debent
344 3669 547 3779 inspicere.
584 3669 694 3752 Tum
719 3675 816 3756 verb
843 3668 993 3786 patebit
1015 3700 1110 3768 sum
1139 3667 1223 3753 sola
1251 3667 1473 3782 superficies
1499 3673 1601 3752 cutis

171 3782 284 3866 exesa
297 3780 357 3884 srt,
371 3788 412 3863 δι
425 3782 466 3862 in
479 3780 560 3862 fasti
591 3785 632 3863 io
647 3780 795 3866 malum
809 3787 968 3884 hareat3
979 3813 1073 3868 num
1089 3781 1202 3866 altius
1216 3781 1434 3864 intrudatur
1443 3784 1600 3886 vitium,

172 3902 211 3978 δι
228 3894 330 4008 ipsas
347 3895 448 3976 cutis
465 3811 629 3977 cellulas
646 3895 807 3996 exedat3
824 3926 872 3978 an
889 3895 1081 4010 glandula
1094 3900 1135 3978 in
1150 3921 1299 4010 partem
1315 3893 1407 3976 mali
1420 3897 1601 3999 veniant,

172 4036 219 4092 an
242 4002 406 4091 doleant
415 4068 429 4111 ,
456 4031 524 4089 aut
543 4007 761 4093 tumescant
786 4007 940 4094 articuli
960 4015 973 4091 l
996 4010 1107 4121 quod
1122 4007 1269 4092 malum
1288 4007 1383 4086 huic
1402 4008 1502 4086 atati
1519 4033 1602 4092 non

173 4119 273 4204 adeb
300 4114 487 4232 ignotum
509 4121 587 4228 est,
617 4129 658 4204 ὅ(
691 4120 789 4237 sapa
821 4120 930 4208 felici
960 4127 1095 4207 omine
1122 4121 1172 4204 ad
1199 4119 1322 4200 cutim
1349 4142 1399 4224 ex
1428 4115 1601 4204 articulis

169 4233 303 4317 fertur.

228 4343 306 4428 Ubi
333 4349 478 4462 extima
505 4353 657 4432 tantiam
682 4346 904 4460 superficies
933 4367 1179 4456 occupatur,
1203 4337 1292 4424 leve
1317 4339 1463 4424 malum
1490 4341 1600 4451 quod

175 4455 280 4540 nulla
309 4457 365 4541 sui
393 4457 613 4570 relinquere
634 4456 775 4542 debeat
798 4461 956 4569 vestigia
985 4451 1243 4567 auguraberis.
1279 4453 1485 4538 Levilsrma
1514 4485 1601 4568 pars

175 4572 281 4656 muci
302 4569 350 4654 ad
370 4575 493 4654 cutim
514 4569 744 4689 appellentis
766 4572 809 4653 in
829 4568 986 4684 culpam
1007 4564 1228 4653 vocabitur.
1262 4565 1361 4652 Haec
1389 4569 1456 4654 vix
1482 4568 1598 4682 ipsuis

212 4763 270 4842 (a)
291 4761 358 4824 Fen.
379 4786 415 4844 3,
435 4763 482 4826 lib.
504 4771 532 4820 6.

215 4843 275 4920 (b)
298 4845 344 4906 De
362 4845 466 4926 Comp.
491 4843 565 4904 Med.

211 4925 272 5008 (s)
290 4924 355 4993 Lib.
372 4947 411 5008 3,
428 4927 503 4990 nerii
521 4925 671 4994 Tetrsbibl.
692 4949 726 5004 1,
745 4927 803 4992 Str.
821 4947 853 5000 a·

1273 4999 1377 5084 Mm
