4292 5904
662 455 1165 559 curxunts
1553 487 1636 584 q7

202 658 308 720 caret
327 636 422 720 alitis
435 623 540 740 usu,
563 633 669 720 unde
689 639 731 720 in
747 637 875 754 ipsum
895 637 1043 751 frigus,
1069 633 1202 742 calor,
1221 633 1337 718 ardor
1358 662 1479 750 agunt
1499 641 1634 723 neces-

199 747 324 849 sarib3
343 749 437 830 hinc
454 745 571 831 sacilb
583 748 717 853 rubet,
732 777 988 864 corrugatur,
1002 747 1270 864 congelascit,
1287 746 1507 835 scabritiem
1528 755 1633 836 acci-

202 861 281 976 pit,
299 859 516 970 omnesque
532 863 677 974 patitur
688 862 848 946 affesius
863 868 930 975 qui
949 864 1146 946 infaciem
1163 859 1420 947 decumbunt.
1435 863 1636 978 Praecipue

202 975 300 1058 verb
326 971 499 1058 sebaceis
527 976 673 1086 cryptis
698 1001 784 1058 tota
808 977 891 1058 haec
918 978 1018 1060 cutis
1044 975 1166 1060 scatet
1180 1037 1193 1083 ,
1215 978 1257 1057 in
1280 971 1420 1084 quibus
1445 977 1473 1057 fi
1497 974 1635 1060 sebum

202 1081 303 1168 illud
315 1083 576 1171 vermiculare
589 1086 759 1194 haeserit,
776 1115 930 1172 tument
944 1115 1087 1202 cryptas
1103 1087 1199 1193 illa,
1219 1087 1472 1200 turgescunt,
1489 1091 1637 1172 inflam-

203 1223 360 1282 mantur
384 1197 621 1309 aliquandb,
644 1199 801 1284 &sebo
824 1205 1034 1285 remixtum
1061 1233 1134 1314 pus
1159 1197 1251 1284 inde
1269 1228 1416 1284 exeuns
1436 1227 1638 1284 tumorem

201 1309 315 1394 srmul
339 1319 380 1396 δι
400 1311 589 1422 cystulam
607 1310 726 1397 tollit.
757 1313 866 1420 Sed,
894 1315 921 1398 st
947 1311 1055 1398 nulla
1080 1317 1274 1400 excitetur
1300 1315 1587 1418 inflammatio,
1610 1315 1639 1396 st

202 1420 287 1508 sola
307 1429 509 1538 congestio
530 1427 709 1510 humoris
726 1428 819 1535 fiat,
840 1428 868 1508 st
889 1453 1075 1541 augeatur
1093 1425 1161 1509 illa
1181 1425 1349 1530 sensim,
1376 1453 1470 1510 tunc
1495 1425 1640 1538 agglof

202 1541 342 1620 merati
363 1561 538 1624 tumores
559 1531 826 1652 figuram-dass
849 1543 1007 1653 prorsirs
1029 1540 1258 1654 deturpant,
1276 1539 1429 1652 'ipsique
1450 1540 1543 1621 dant
1562 1539 1641 1622 dif-

203 1647 352 1733 formes
369 1653 632 1765 appendices,
649 1683 730 1763 quae
747 1655 1018 1737 steatomatum
1036 1675 1213 1744 naturam
1229 1649 1427 1756 referunt,
1450 1649 1646 1734 similiter·

205 1789 284 1870 que
308 1791 521 1864 curantur;
547 1763 701 1848 scilicet
719 1763 787 1849 vel
810 1768 1068 1850 causticorum
1092 1763 1358 1882 applicatione
1380 1791 1449 1876 per
1470 1793 1642 1872 quorum

205 1874 448 1983 efficaciam,
475 1883 567 1962 clam
591 1877 702 1962 erosa
722 1877 840 1962 fuerit
862 1882 992 1986 cutis,
1016 1879 1125 1984 fluit,
1143 1903 1209 1960 aut
1226 1905 1298 1991 pro
1316 1875 1643 1960 diuersitateden·

202 1987 319 2070 sitatis
355 1988 553 2074 deraditur
586 1993 732 2074 humor
772 2017 995 2076 contentus.
1041 1990 1230 2099 Tiamque
1262 1991 1426 2180 parietes
1474 1989 1645 2099 cystidos

203 2126 273 2212 per
305 2126 427 2183 artem
460 2103 729 2218 suppurationi
760 2107 1093 2206 committuntur,
1121 2131 1208 2211 quae
1237 2131 1263 2181 u
1292 2103 1306 2181 i
1337 2128 1477 2184 omnes
1507 2127 1647 2214 prater

202 2236 381 2294 naturam
404 2238 582 2298 tumores
600 2213 835 2329 absumpsit,
862 2215 963 2300 redit
985 2216 1139 2328 pristina
1159 2211 1253 2294 naso
1273 2211 1401 2294 fomaa
1412 2273 1427 2317 ,
1454 2243 1537 2298 non
1562 2214 1646 2296 stne

85 2415 92 2426 ,
200 2321 322 2408 inusti
353 2327 550 2410 cicatricis
576 2325 685 2409 noti.

261 2433 343 2521 Sed
371 2432 468 2550 sape
498 2465 580 2519 non
610 2463 687 2518 una
717 2435 913 2552 appendix
942 2431 1076 2516 nasum
1105 2430 1344 2517 dehonestat.
1378 2434 1495 2518 Unde
1525 2440 1648 2522 toties

203 2543 402 2631 iterandus
440 2544 553 2631 labor
587 2545 739 2630 fastidio
774 2547 895 2662 plene
938 2547 1164 2630 curationis.
1206 2545 1255 2628 Id
1287 2544 1471 2631 omnibus
1501 2553 1647 2660 pariter

201 2660 247 2743 in
272 2658 365 2743 naso
393 2658 656 2746 eminentibus
685 2687 889 2744 tumorum
910 2656 1119 2772 generibus
1146 2685 1363 2742 commune
1389 2661 1469 2764 est,
1493 2661 1520 2742 fi
1546 2691 1646 2774 prae·

202 2771 337 2857 sertim
362 2775 403 2855 in
430 2773 542 2858 disard
568 2801 788 2890 peccetur,
818 2782 858 2858 dr
887 2768 1079 2905 praecipub
1103 2770 1131 2852 st
1158 2772 1253 2854 vino
1284 2797 1401 2878 atque
1425 2769 1651 2881 liquoribus

205 2885 419 2998 spirituosts
448 2885 789 2971 indiscriminatim
809 2915 900 3000 aegtt
924 2881 1168 2996 indulgeant.
1202 2883 1311 2965 Nam
1350 2883 1534 2968 omnibus
1568 2885 1650 2968 illis

205 2995 419 3081 ruboribus
443 3027 526 3109 quae
544 2998 641 3113 saepb
657 3025 831 3084 extrema
847 2999 944 3104 nass,
969 2996 1175 3110 prasertim
1197 2998 1239 3077 in
1262 2993 1429 3102 adultis,
1448 3023 1653 3112 occupant

202 3107 340 3195 sruliri
357 3113 399 3192 in
419 3115 563 3226 topicis
583 3111 831 3197 medicamen
852 3111 1065 3222 quaesteris3
1086 3105 1198 3190 altibs
1221 3107 1335 3190 causa
1354 3111 1563 3222 repetenda
1581 3113 1652 3193 esi.

203 3223 300 3308 Nec
316 3249 455 3307 omnes
477 3224 585 3338 aequb
603 3224 938 3310 indiscriminatim
959 3223 1035 3304 nass
1056 3218 1219 3304 rubores
1242 3222 1424 3304 remediis
1443 3221 1651 3307 adoriendi

201 3335 309 3420 sunt.
330 3333 489 3419 Etenim
508 3336 667 3453 plurimi
686 3341 844 3422 istorum
860 3333 1010 3418 summe
1026 3332 1180 3417 fluxiles
1196 3331 1309 3430 sunt,
1332 3333 1419 3439 sed,
1442 3361 1652 3444 quotquot
1770 3405 1780 3416 .

183 3447 297 3532 'sunt
323 3445 407 3554 illi,
436 3450 611 3563 pendent
636 3449 788 3566 semper
816 3450 838 3532 a
868 3446 1089 3551 circuitos,
1125 3445 1225 3526 infra
1258 3444 1511 3558 diaphragma
1548 3446 1653 3531 intri

205 3584 338 3676 partes
367 3563 407 3642 in
444 3560 657 3648 abdomine
691 3587 927 3663 contentas,
957 3553 1203 3639 difficultate.
1241 3553 1403 3669 Quippe
1438 3565 1528 3639 cum
1560 3560 1653 3642 vasa

206 3671 267 3756 ibi
295 3675 512 3786 reptantia,
541 3697 608 3754 aut
636 3671 658 3753 b
685 3671 794 3754 mole
815 3667 973 3752 saburra
997 3668 1336 3781 comprimuntur,
1371 3693 1437 3750 aut
1463 3673 1655 3754 constrin-

207 3809 358 3917 guntur
386 3813 462 3898 prat
489 3786 708 3868 irritatione
732 3809 849 3894 atque
874 3779 1056 3894 spasmo,
1086 3803 1152 3862 aut
1179 3779 1340 3863 demum
1365 3808 1441 3893 prae
1465 3783 1650 3868 vasorum

205 3895 375 3982 mfarttu
392 3902 532 4012 partim
548 3895 817 4002 obstruuntur,
840 3898 979 4009 partlm
998 3895 1214 3998 atilantut,
1235 3918 1281 3975 ut
1301 3893 1342 3973 in
1363 3894 1650 3978 menstruorum

208 4035 281 4096 aut
307 4007 611 4093 haenrorroidum
635 4007 777 4114 moria,
807 4008 834 4090 st
864 4003 1033 4090 debilior
1057 4007 1101 4088 stt
1124 4007 1307 4088 strusiura
1331 4004 1514 4086 vasorum
1538 4009 1650 4114 nast,

208 4149 259 4206 ut
281 4122 376 4238 sape
402 4124 448 4206 fit
468 4124 511 4205 in
533 4119 782 4234 longioribus
798 4107 913 4203 snlill
942 4127 982 4204 bt
1007 4112 1302 4202 rotundioribus
1328 4114 1377 4198 ad
1402 4143 1654 4226 extremum,

209 4231 329 4320 illico
366 4233 477 4318 nasus
518 4232 700 4344 rubescit.
737 4234 897 4338 Virum,
923 4233 1019 4315 novi
1056 4235 1123 4338 qui
1158 4257 1359 4336 nunquam
1395 4229 1553 4341 impunb
1583 4258 1656 4316 aut

210 4374 398 4453 merum,
423 4371 489 4431 aut
516 4347 637 4430 coffei
662 4351 748 4460 puri
772 4344 970 4458 liquorem
991 4340 1150 4447 sorbet,
1177 4369 1377 4449 nunquam
1401 4339 1441 4422 se
1460 4338 1576 4424 salitis
1607 4351 1653 4426 dt

210 4453 441 4544 aromaticis
463 4457 655 4563 oblesiat,
674 4462 769 4568 quin
791 4456 934 4540 bledo
952 4453 1123 4566 surgenti
1143 4479 1317 4536 extrema
1341 4453 1418 4533 nast
1436 4449 1656 4539 rubertima

215 4573 315 4679 srnt,
344 4573 427 4655 cito
451 4569 757 4656 detumescentia
781 4577 821 4652 δι
847 4566 1099 4670 decolorata,
1126 4564 1195 4648 ubi
1224 4572 1264 4646 dt
1290 4567 1504 4646 concotlio
1526 4567 1655 4673 facia,

215 4681 438 4768 &libertas
464 4681 543 4766 alvi
578 4685 750 4770 restituta
766 4681 884 4768 suerit
916 4680 1093 4766 omnino
1128 4677 1255 4788 Quod
1280 4673 1521 4760 mulierculis
1551 4677 1658 4762 benb

213 4793 428 4909 cognitum
454 4797 507 4879 est
514 4856 529 4901 ,
553 4792 996 4904 quaesrincommodum
1008 4786 1107 4874 illud
1121 4791 1389 4903 experiantur,
1413 4786 1526 4871 illico
1551 4786 1656 4874 illud

219 4905 476 5046 clysmatibus
502 4905 702 5022 expellere
725 4909 918 5024 satagunt.
945 4907 998 4993 Et
1026 4901 1133 5008 certe
1162 4905 1205 5034 in
1227 4893 1426 5024 affeslibus
1450 4899 1528 4990 illis
1552 4899 1660 4992 setila
