4546 5866
554 405 641 493 a00
1011 381 1118 474 nn
1186 369 1557 506 nonnis

565 566 612 652 el
636 558 794 680 praecise
822 552 976 642 tatione
1004 547 1081 664 qual
1110 549 1289 658 cornutis
1320 540 1574 646 animalibus,
1605 527 1746 620 eadem
1774 523 1827 616 de
1861 521 2006 632 eauslp

565 706 635 765 aut
654 675 846 761 decidunt
871 695 1046 772 cornua,
1077 689 1145 748 aut
1167 659 1304 746 saltem
1332 655 1547 740 mollitiem
1568 647 1741 760 aliquam
1764 642 1834 728 illa
1853 639 2007 744 nancis-

567 785 724 878 cuntur.
745 789 801 869 At
817 780 1017 890 utriusque
1037 775 1299 890 phoenomeni
1318 768 1477 854 causam
1495 772 1550 851 ita
1571 759 1811 874 intelligere,
1833 779 1881 838 ut
1903 751 2007 838 nulla

568 903 730 1016 supersit
751 895 970 998 dubitatio,
986 919 1067 974 non
1087 887 1206 973 facile
1222 888 1296 992 est,
1319 891 1413 968 cnm
1432 909 1508 965 nec
1527 902 1735 979 anatome,
1756 866 2008 1066 neqplrysrca

571 1014 754 1126 cognitio
786 1006 930 1122 possint
953 1001 1128 1090 enodare
1149 1026 1326 1112 quaenam
1351 998 1425 1081 srnt
1450 990 1697 1106 sympatheiae
1720 986 1814 1070 vinc
1860 1009 1887 1064 a
1911 983 2006 1064 inter

445 1199 448 1204 .
569 1126 734 1215 barbam
764 1119 1002 1228 caeterosque
1032 1117 1212 1230 corporis
1245 1109 1350 1228 pilos
1377 1135 1495 1220 atque
1521 1100 1705 1220 genitalia
1723 1121 1748 1205 ,'
1770 1126 1843 1182 cur
1869 1089 2009 1178 contri

571 1246 622 1324 ex
654 1233 927 1350 deperditione
959 1232 1155 1314 horumce
1182 1223 1317 1342 capilli
1338 1223 1545 1310 videantur
1571 1218 1805 1333 proficere,
1838 1211 1935 1291 clam
1961 1231 2007 1290 ex

571 1353 824 1467 Hippocrate
848 1347 1021 1430 eunuchi
1044 1372 1128 1427 non
1153 1339 1389 1426 calvescant.
1416 1337 1508 1421 Nec
1527 1333 1651 1446 magis
1670 1323 1909 1438 intelligitur
1929 1318 2006 1404 seu-

573 1467 697 1550 tentia
711 1458 779 1544 illa
792 1458 1100 1574 Hippocratica:
1119 1449 1422 1566 Quicalvifitnt‚
1436 1451 1485 1532 iis
1496 1441 1782 1557 vancesmagni
1795 1437 2004 1550 nonsttmr3

574 1576 711 1692 quibus
729 1575 845 1668 uerri,
865 1573 955 1654 ditm
969 1563 1415 1683 coluifitntguaricesfit
1443 1561 1662 1651 ervenium,
1684 1555 1733 1638 iis
1747 1550 1880 1748 cqpilli
1893 1548 2005 1662 renos·

576 1715 715 1771 cuntur
736 1720 749 1768 .·
778 1685 889 1796 quod
908 1682 1015 1768 certe
1035 1685 1169 1789 srfiat,
1187 1593 1488 1795 supponendum
1508 1676 1561 1758 est
1585 1666 1751 1755 bulbum
1807 1667 2005 1748 estruuum

577 1830 661 1884 non
678 1799 969 1883 stillaverunt
989 1795 1040 1880 de
1058 1824 1100 1880 re
1116 1825 1200 1879 non
1214 1785 1414 1877 intellecta
1434 1797 1475 1872 dt
1497 1785 1548 1870 de
1568 1780 1683 1868 causi
1703 1777 1876 1864 calvitiei
1894 1803 2002 1890 quarn

492 1955 499 1970 ,
576 1941 780 2021 nunquam
802 1911 969 2002 viderim
992 1907 1104 2024 plura
1127 1903 1316 2022 proloqui
1334 1896 1572 2018 impossibile
1592 1899 1655 1982 est.

634 2027 690 2107 At
716 2026 819 2106 inter
848 2022 981 2107 causas
1008 2023 1128 2136 capiti
1157 2021 1331 2134 proprias
1364 2012 1650 2129 &peculiares
1680 2004 1895 2120 repetenda
1919 2005 2002 2090 sunt

514 2235 517 2240 ¹
579 2163 719 2220 omnes
750 2133 825 2218 illae
853 2164 938 2246 quae
971 2132 1275 2248 praetermodlun
1306 2131 1430 2214 cutim
1461 2125 1612 2242 capillis
1643 2121 1855 2225 reliccant,
1880 2121 1929 2201 ita
1956 2143 1999 2202 ut

578 2247 795 2331 bulborum
821 2247 1064 2332 feracitatem
1095 2249 1326 2360 extinguere
1355 2239 1588 2337 videantur3
1612 2238 1668 2322 ita
1697 2237 1793 2317 inter
1823 2233 2005 2314 homines

579 2363 609 2445 ii
625 2359 818 2476 praecipue
833 2358 1059 2444 calvescunt
1076 2364 1145 2471 qui
1168 2361 1297 2473 capite
1315 2353 1425 2440 nudo
1446 2351 1495 2448 ad
1514 2350 1640 2444 solem
1661 2352 1759 2438 stant
1779 2341 2000 2456 diutissime,

580 2501 625 2558 ut
645 2477 767 2558 moris
787 2477 839 2558 est
860 2471 1088 2586 quibusdam
1109 2476 1268 2559 rusticis.

636 2587 787 2671 Verum
808 2618 886 2671 una
907 2585 929 2671 ὲ
949 2584 1123 2673 calvitiei
1145 2589 1265 2680 caulis
1286 2585 1531 2696 frequentior
1552 2583 1593 2664 in
1612 2581 1706 2665 viris
1727 2577 1844 2663 eaest
1863 2564 2003 2683 quarab

580 2698 799 2785 immodici
822 2707 864 2784 dt
887 2700 1084 2811 frequenti
1107 2731 1155 2786 ac
1178 2727 1314 2819 praetet
1339 2701 1518 2814 corporis
1538 2698 1640 2780 vires
1663 2687 1839 2776 exerciti
1857 2688 2005 2771 scorto·

478 2887 482 2895 .
582 2844 675 2923 rum
700 2813 953 2899 insedatione
985 2815 1289 2930 repetendaest.
1317 2813 1425 2896 Nam
1453 2813 1531 2896 slve
1556 2811 1661 2892 aslus
1689 2803 1760 2888 ille
1791 2798 1938 2913 aliquid
1962 2792 2008 2878 ab

581 2931 752 3010 humore
772 2931 896 3010 cutim
919 2925 1091 3013 alluente
1112 2928 1303 3034 deducat,
1327 2954 1373 3009 ac
1394 2925 1599 3028 detrahat,
1624 2922 1703 3004 srve
1718 2945 1864 3004 nervos
1879 2911 2011 3028 capitis

582 3041 779 3144 resrccet,
817 3037 924 3122 certe
957 3045 1100 3124 mirum
1132 3045 1321 3152 quantiam
1354 3035 1591 3153 capillorum
1619 3033 1829 3118 nutritioni
1866 3027 2013 3111 officiat

580 3151 771 3234 scortatio
794 3151 1018 3260 frequenter
1045 3152 1094 3236 ad
1114 3154 1166 3237 us
1187 3184 1237 3240 ue
1257 3157 1400 3240 virium
1420 3149 1637 3262 deliquium
1658 3145 1850 3250 deducta,
1881 3167 1934 3226 ne
1954 3137 2013 3220 lo-

510 3331 514 3338 .
581 3293 678 3375 quar
701 3265 765 3344 hic
787 3261 837 3346 de
859 3262 1119 3380 symptomate
1140 3185 1214 3351 illo
1236 3293 1410 3352 venereo
1432 3263 1586 3348 famoso
1608 3269 1650 3346 dt
1676 3256 1884 3344 multoties
1910 3249 2010 3364 aequd

581 3381 626 3462 in
646 3377 801 3461 feminis
821 3407 867 3460 ac
889 3379 930 3466 in
946 3375 1115 3464 maribus
1130 3376 1336 3465 observato
1351 3376 1461 3488 quod
1510 3373 1625 3462 allice
1639 3373 1677 3457 ln
1692 3371 1828 3489 pelode
1846 3389 2011 3470 vocant,

530 3505 536 3520 ’
583 3520 665 3602 quo
696 3515 835 3575 omnes
857 3491 927 3604 pili
953 3491 1201 3603 atqueatquc
1225 3409 1600 3607 capillidecidunt3
1625 3487 1675 3572 de
1703 3516 1786 3599 quo
1811 3483 2015 3568 videantur

582 3606 747 3708 Astruc,
775 3602 919 3712 aliique
945 3610 1122 3696 austures
1145 3604 1196 3690 de
1219 3603 1286 3698 lue
1311 3600 1521 3694 veneteal'a
1547 3601 1817 3686 Boerrhaavio
1844 3593 2018 3679 colleffi.

630 3713 819 3802 Praeterea
831 3720 1118 3830 verbingemes
1132 3745 1270 3802 omnes
1283 3719 1402 3800 animi
1417 3718 1649 3830 agitationes
1663 3738 1782 3824 atque
1795 3707 2019 3812 succussus,

582 3831 704 3914 studia
727 3829 1014 3936 immoderata,
1038 3860 1166 3937 curae,
1190 3833 1403 3915 anxietates
1428 3831 1530 3911 inter
1552 3825 1683 3911 causas
1704 3821 1879 3910 calvitiei
1902 3821 2019 3936 capiti

583 3945 759 4059 proprias
775 3942 1018 4027 recensenda
1033 3942 1132 4027 sunt.
1146 3943 1228 4028 Hic
1238 3944 1336 4027 vero
1347 3970 1431 4025 non
1446 3939 1722 4054 spernendam,
1738 3934 1806 4022 sed
1817 3935 1928 4020 mere
1940 3959 2019 4016 rne-

585 4058 790 4140 chanicam
820 4055 976 4139 causam
1000 4054 1198 4162 sufficiunt
1223 4057 1336 4139 variae
1366 4061 1408 4138 dt
1441 4054 1576 4136 formae
1605 4061 1647 4136 δι
1677 4053 1860 4142 materies
1895 4050 2021 4134 divet-

494 4251 499 4256 ,
565 4175 566 4179 '
583 4167 717 4250 sorum
733 4171 870 4282 capitis
885 4172 1249 4282 integumentorum
1266 4199 1279 4268 ς
1304 4167 1417 4250 lanea
1436 4167 1541 4250 enim
1563 4162 1816 4257 cucullorum
1837 4165 2024 4246 materies

583 4281 821 4392 capillorum
848 4280 999 4364 radices
1021 4283 1180 4388 exedit,
1202 4279 1396 4396 precipue
1419 4281 1445 4362 fi
1473 4282 1525 4361 ita
1551 4277 1710 4362 formati
1731 4279 1838 4386 srnt,
1861 4300 1911 4359 ut
1930 4276 2025 4360 fric-

566 4417 668 4488 ¹tum
689 4394 802 4508 supra
821 4420 940 4510 caput
955 4421 1178 4479 exerceant.
1206 4395 1333 4504 Quod
1355 4423 1438 4478 non
1460 4395 1501 4476 in
1527 4419 1574 4474 ca
1602 4390 1679 4474 illis
1705 4395 1855 4477 tantlrm
1879 4389 2027 4474 locum

584 4501 724 4610 habet,
741 4504 938 4591 sedetiam
952 4510 994 4589 in
1006 4506 1165 4593 calvitie
1185 4513 1227 4590 dt
1246 4505 1511 4592 denudatione
1525 4423 1698 4618 pildrum
1712 4506 1753 4586 in
1766 4506 1884 4591 variis
1900 4531 2030 4588 mem·

583 4615 663 4708 bris
680 4615 879 4730 peculiari.
1526 4622 1529 4628 '

638 4731 737 4818 Non
761 4731 861 4814 adeo
892 4732 1018 4820 facilis
1041 4737 1094 4821 est
1117 4733 1317 4860 indagatio
1342 4728 1544 4818 causarum
1567 4757 1650 4842 qua
1671 4730 1858 4838 tanmem
1886 4757 2030 4814 accer-

1903 4843 1998 4932 sunt
2009 4903 2030 4958 ,
