4228 5898
503 453 582 524 tro
752 427 1225 522 oss-''MORBIS
1271 429 1679 524 ‹euTnNEIs

502 585 830 688 nihilceletiuslit
840 600 889 686 ad
900 595 1129 684 mutandum
1139 593 1770 716 universumcdtpusoscillatione
1778 600 1936 689 serves.

559 713 676 800 Unus
701 712 818 799 facile
845 713 1054 798 deducitur
1076 711 1145 796 sub
1166 705 1660 829 generali'rettopulsronis
1681 717 1844 800 nostine
1863 717 1935 800 du-

483 828 651 944 ‘plicem
670 827 748 914 else
769 824 1077 968 distinpuendam
1090 827 1133 908 in
1148 853 1319 944 corpote
1335 831 1623 934 mutationem,
1648 827 1713 911 seu
1737 855 1763 910 ο
1792 832 1936 913 eratio-

502 971 618 1042 nem3
640 940 802 1028 alteram
857 965 906 1019 ua
927 933 1061 1020 reverit
1080 934 1158 1044 jam
1173 935 1379 1054 appulsus,
1404 941 1487 1024 imb
1511 939 1711 1024 formatus.
1726 857 1789 1024 acl
1799 966 1935 1026 cutem

495 1059 647 1140 humor
679 1077 835 1165 retrope
869 1053 944 1161 'ntur
956 1113 970 1157 ,
998 1047 1167 1134 alteram.
1190 1049 1266 1161 qus
1293 1051 1498 1169 deputatio
1528 1052 1750 1165 peragenda
1768 1051 1935 1162 delinit,

500 1193 784 1278 remanentque
805 1167 909 1248 inuis
931 1189 1129 1279 concepta
1154 1164 1196 1249 bs
1223 1168 1534 1276 quaquaversum
1558 1165 1770 1250 deserenda
1798 1191 1936 1251 excre-

497 1309 643 1368 menta.
1055 1302 1060 1311 '
1541 1309 1545 1320 ’

559 1389 746 1482 Praetereb
768 1393 865 1475 verb
890 1393 982 1474 clun
1006 1393 1119 1473 vatiae
1144 1388 1357 1474 humorum
1383 1389 1664 1474 morbosorum
1685 1391 1822 1475 sormae
1844 1421 1935 1508 prae-

499 1507 615 1620 cipue
649 1500 894 1622 pendeant&
952 1528 1035 1587 arte
1057 1505 1099 1584 in
1129 1531 1249 1612 quam
1273 1502 1540 1609 decumbunt,
1562 1503 1664 1587 salso
1691 1531 1742 1586 ex
1775 1509 1937 1591 afflone

494 1621 744 1722 miasmatum
764 1533 1046 1728 morbolbtum
1068 1619 1110 1698 in
1135 1642 1268 1700 cutem
1292 1615 1551 1724 deduceretur
1571 1615 1734 1716 illorum
1762 1622 1866 1702 asilo
1891 1623 1937 1704 in

496 1733 590 1818 alias
616 1760 757 1847 partes.
779 1733 821 1814 N
824 1755 946 1814 ocent
968 1734 1009 1812 in
1032 1751 1202 1841 genere,
1228 1731 1380 1812 irritant
1391 1790 1405 1834 ‚
1429 1728 1496 1814 sed
1518 1733 1647 1813 varios
1669 1731 1827 1814 assessus
1844 1759 1937 1845 pto

491 1850 668 1950 'ducuntg
683 1847 760 1928 srve
775 1841 1016 1928 decumbant
1028 1847 1069 1924 in
1088 1839 1212 1949 jecur,
1227 1843 1306 1925 srve
1320 1847 1365 1925 in¹
1373 1840 1599 1957 pulmones,
1617 1843 1694 1926 five
1715 1841 1879 1926 demum
1892 1846 1936 1930 in

577 1933 583 1963 l
830 1956 833 1970 r

492 1958 712 2046 cerebrum.
829 2004 836 2014 ·

550 2075 667 2184 Quin
690 2074 808 2157 etiam
835 2067 1129 2181 retropulsronis
1154 2071 1348 2152 maximus
1380 2092 1508 2153 metus
1542 2071 1584 2152 δε
1612 2063 1742 2152 feralis
1769 2065 1936 2151 effesius

493 2185 587 2270 illos
607 2185 751 2302 spesiat
770 2180 933 2269 morbos
956 2176 1138 2292 quivere
1164 2187 1204 2264 ὅ(
1232 2180 1415 2296 prompte
1440 2181 1679 2294 deputatorii
1704 2178 1818 2280 sunt;
1849 2178 1936 2264 nul·

492 2299 579 2382 lum
600 2303 704 2383 verb·
725 2295 945 2412 perieulum
966 2293 1260 2410 retropulsronis
1285 2295 1453 2378 afferunt
1467 2297 1535 2403 qui
1554 2289 1576 2375 'd
1599 2291 1691 2378 solis
1706 2295 1805 2376 cutis
1824 2295 1935 2378 vitiis

493 2412 690 2527 pendent,
707 2420 746 2494 bt
764 2412 831 2528 qui
841 2411 897 2515 ,ss
918 2433 1000 2490 non
1021 2407 1168 2518 aliquas
1183 2405 1252 2490 stbi
1273 2410 1531 2524 proprietates
1544 2409 1721 2522 proprias
1735 2406 1834 2488 cutis
1848 2408 1935 2488 vin·

491 2526 669 2632 dicaret,
686 2526 689 2537 ’
706 2553 788 2607 non
818 2525 1035 2626 existerent.
1060 2518 1182 2604 Tales
1215 2519 1303 2602 suut
1329 2551 1368 2604 v.
1398 2551 1437 2632 g.
1463 2518 1626 2602 maculae
1656 2547 1739 2630 quae
1758 2516 1857 2632 sepe
1877 2543 1933 2603 te-

489 2643 683 2722 nerrimas
714 2646 754 2721 bt
781 2633 945 2718 summe·
964 2632 1151 2718 delicatas
1177 2631 1370 2717 coticulas
1401 2631 1450 2715 ab
1478 2626 1716 2717 insolatione
1739 2631 1933 2716 dehones-

490 2759 587 2838 tint.
619 2751 742 2836 Tales
771 2749 859 2832 sunt
886 2749 1072 2864 herpetes
1101 2749 1169 2859 qui
1200 2770 1340 2830 tenues
1363 2742 1614 2830 mulierculas
1654 2747 1737 2861 post
1765 2741 1931 2830 labores

489 2869 638 2948 nimios
660 2865 883 2974 vdeturpant
907 2923 922 2964 ,
952 2863 1035 2943 imo
1065 2869 1106 2943 ὅ(
1133 2862 1303 2974 pruritus
1329 2856 1444 2968 quii
1471 2857 1650 2942 soeditate
1673 2866 1715 2942 br
1738 2857 1933 2971 spurcitie

491 2949 595 3058 culis
615 2976 800 3088 pendent.
821 2969 1048 3054 Periculum
1075 2967 1370 3084 rertopulsronis
1397 2967 1519 3076 majus
1547 2974 1600 3055 est
1624 2975 1665 3054 in
1683 2967 1833 3052 morbis
1857 2975 1934 3080 qui

486 3085 514 3170 ’ὲ
540 3084 656 3201 copii
681 3083 800 3170 nimici
817 3086 995 3166 humoris
1014 3086 1146 3168 vitiati
1166 3084 1266 3166 intra
1286 3083 1514 3198 sanguinem
1537 3084 1768 3167 exundantis
1789 3083 1933 3168 viden·

487 3223 555 3284 'tur
571 3202 670 3282 oriri'
680 3262 693 3304 ,
720 3223 764 3281 ut
787 3196 875 3279 sunt
897 3194 1165 3311 elephantiasis
1184 3204 1226 3279 br
1242 3196 1366 3310 vulgo
1382 3187 1521 3280 onmes
1541 3197 1626 3280 sete
1649 3194 1777 3312 lepre.
1805 3195 1937 3282 Licet

488 3317 596 3400 enim
612 3311 705 3398 verb
718 3309 956 3426 reperculsus
970 3310 1051 3394 dici
1065 3339 1147 3392 non
1163 3309 1278 3424 polsst
1292 3313 1436 3392 humor
1451 3312 1518 3421 qui
1530 3309 1677 3422 ubique
1689 3307 1830 3414 existit,
1845 3333 1930 3394 nec

489 3425 618 3512 ullum
633 3424 654 3508 it
668 3423 732 3508 susi
749 3423 839 3510 labe
858 3425 1047 3507 ineassum
1064 3421 1250 3531 relinquit
1261 3419 1425 3528 locum,
1452 3447 1582 3508 tamen
1597 3423 1732 3506 clauso
1748 3419 1800 3505 ex
1820 3426 1935 3508 osliis

487 3535 1162 3648 namralibusuno,superabundare
1173 3531 1292 3619 debet
1301 3536 1409 3646 q¹k⁰d
1418 3532 1670 3647 jamreliquas
1679 3531 1934 3650 onerabat&

488 3650 673 3768 gravabat
701 3682 801 3735 onus
829 3649 1000 3734 maxime
1024 3647 1312 3768 ponderosum,
1332 3650 1464 3761 srcque
1485 3646 1616 3762 labem
1634 3655 1677 3733 bt
1703 3649 1933 3766 perniciem

486 3768 643 3852 inserte.
899 3773 903 3784 '

541 3883 597 3964 At
629 3879 843 3960 maximum
871 3874 1168 3990 repercuffionis
1204 3874 1412 3961 discrimen
1447 3873 1610 3962 morbos
1644 3873 1694 3958 de
1720 3882 1933 3964 oratorios

486 3996 672 4106 attingit;
697 3993 789 4074 citm
806 3991 912 4073 enim
927 3985 1059 4072 debita
1076 4015 1159 4070 non
1174 4013 1266 4100 peta
1296 3991 1372 4072 itur
1397 3979 1627 4106 deputatio,
1645 3905 1842 4098 rellquum
1872 3997 1935 4078 est

483 4110 532 4186 'ut
547 4131 701 4187 caeteras
722 4129 848 4218 partes
872 4101 955 4186 lues
973 4099 1158 4205 invadat,
1173 4019 1385 4186 velsldem
1407 4105 1448 4184 in
1475 4101 1610 4216 aliquo
1624 4100 1773 4185 viscere
1796 4106 1935 4187 fixam

489 4211 558 4297 stbi
575 4215 711 4320 seligat
727 4223 785 4318 ‚d
805 4213 879 4326 qui
899 4240 1072 4304 remeare
1097 4212 1141 4294 stt
1161 4211 1348 4318 arduum,
1366 4218 1451 4296 imo
1474 4213 1685 4325 aliquandi)
1705 4215 1937 4330 impossibi-

484 4323 553 4424 le;
578 4328 604 4408 st
634 4325 784 4408 scilicet
810 4329 960 4412 ultimis
992 4331 1033 4410 in
1056 4325 1250 4412 viscerum
1280 4326 1521 4410 nobiliorum
1554 4325 1651 4412 valis
1676 4326 1822 4412 aditum
1853 4329 1939 4418 fibi

482 4437 650 4542 fecerit,
664 4465 883 4548 eorumque
902 4463 1043 4524 tonum
1057 4443 1213 4554 prorsits
1225 4435 1430 4546 deleverit,
1443 4449 1484 4524 bt
1498 4439 1675 4550 liquores
1687 4443 1727 4522 in
1745 4444 1935 4555 tophum

483 4576 554 4633 aut
568 4550 755 4634 scitrhum
776 4552 872 4635 vetfi
889 4549 1055 4656 suerint,
1072 4551 1250 4638 velvires
1274 4551 1397 4642 subies
1412 4553 1721 4638 inflammatione
1734 4553 1936 4642 vitalium

483 4665 652 4782 partium
671 4663 853 4778 oppresse
870 4673 909 4748 ἃ
926 4667 1096 4779 prostare
1113 4666 1270 4752 suerint.

552 4771 693 4860 Hicce
717 4777 869 4860 theoriis
894 4775 985 4862 steti
1009 4775 1153 4862 subitas
1171 4777 1397 4862 timebimus
1418 4779 1751 4892 repercussiones,
1784 4781 1939 4892 primb

479 4893 525 4982 in
552 4887 735 4974 omuibus
771 4894 905 4974 acutis
930 4885 1081 4982 morbis
1112 4895 1213 4976 cutis
1243 4889 1514 5008 depuratotiis.
1553 4891 1642 4984 Jam
1667 4891 1816 4978 dudum
1850 4893 1940 4988 tali
