4188 5916
664 429 1162 520 curnuats
1322 389 1325 405 '
1482 427 1625 548 ’ψγ

181 613 296 698 tore,
327 621 421 680 cuin
449 594 680 683 exulcerato
704 595 943 713 erysipelate.
979 594 1318 710 Sympromatibus
1343 600 1483 686 eadem
1505 603 1622 714 sunt,

183 704 301 796 causas
315 713 468 794 tantum
483 711 681 798 differunt.
700 711 801 796 Haec
817 708 919 796 mala
934 707 1115 797 celeriter
1130 708 1345 796 admodum
1360 713 1426 798 sua
1440 742 1622 832 tempora

180 817 424 922 decurrunt;
441 826 592 937 pruritu
610 828 717 934 acri,
739 825 876 910 fissuris
893 828 933 908 in
948 849 1060 930 cute,
1078 832 1120 908 ὅ(
1134 823 1444 912 inflammatione
1457 829 1620 944 supersi-

180 930 302 1016 ciarisi
320 923 439 1020 facile
458 937 744 1054 distinguuntur
758 937 806 1023 ab
825 936 909 1022 aliis
927 967 940 1036 3
966 945 1007 1021 dt
1025 962 1070 1022 ut
1087 936 1167 1021 levi
1182 937 1233 1036 de
1249 936 1363 1025 causi
1380 945 1619 1058 extinguun.

181 1070 267 1152 tur,
289 1044 369 1132 levi
389 1049 440 1134 de
460 1051 577 1136 causa
596 1059 739 1166 pariter
757 1051 1007 1138 reviviscunt.

237 1161 295 1243 At
313 1160 617 1275 phlytioenodes
636 1175 685 1272 (o)
709 1169 833 1251 cutim
854 1164 976 1281 ipsam
987 1160 1183 1267 exedunt,
1199 1159 1360 1274 ejusque
1374 1162 1621 1254 substantiam

180 1279 340 1385 prorsus
362 1303 579 1385 excavant,
606 1283 662 1363 ita
683 1306 728 1365 ut
753 1309 847 1364 cum
873 1275 1011 1362 ulcere
1031 1273 1238 1359 videantur
1261 1274 1481 1361 combinari
1502 1307 1621 1392 atque

182 1385 431 1500 complicari.
460 1393 569 1475 Nam
592 1394 661 1477 etsi
686 1391 921 1509 phlysloenae
944 1392 1125 1472 ichorem
1151 1389 1338 1494 fundant,
1362 1389 1446 1473 sere
1468 1388 1622 1508 semper

181 1499 298 1582 iclior
310 1499 379 1584 ille
393 1502 572 1617 sanguini
587 1510 775 1591 remixtus
786 1509 839 1590 est
851 1513 893 1588 dt
907 1536 1019 1603 ιομας
1032 1500 1142 1607 facit,
1160 1501 1200 1584 id
1216 1504 1268 1584 est
1280 1501 1415 1586 ulcera
1429 1501 1619 1618 serpentia

181 1637 300 1721 atque
323 1621 519 1700 manantia
544 1646 643 1732 pure
666 1619 829 1710 sordido
854 1614 1121 1729 madidoque,
1152 1613 1282 1726 qualia
1304 1617 1347 1726 in
1371 1614 1508 1700 senum
1531 1649 1629 1718 cru*

182 1722 288 1808 ribus
308 1727 572 1816 innascuntur.

235 1837 443 1926 Habemus
459 1872 556 1957 ergo
572 1847 637 1927 hic
653 1843 866 1948 distinslam
883 1837 1015 1924 morbi
1027 1839 1189 1947 idaeam,
1207 1865 1284 1924 nec
1300 1836 1429 1924 morbi
1443 1846 1595 1948 tannim
1603 1905 1628 1951 ,

181 1947 250 2034 sed
266 1949 517 2038 diversatum
547 1955 661 2062 hujus
684 1954 916 2073 specierum.
950 1953 1070 2038 Licet
1096 1955 1203 2055 enim
1231 1980 1314 2060 non
1342 1981 1482 2037 omnes
1511 1955 1628 2066 aqud

181 2064 430 2152 consentiant
445 2072 488 2151 in
502 2067 576 2155 hac
596 2067 840 2155 admittendi
859 2069 1073 2173 divisione,
1092 2067 1195 2151 inter
1209 2095 1310 2178 quos
1328 2074 1370 2149 δι
1389 2065 1423 2150 F
1425 2064 1621 2152 ernelium

180 2183 223 2262 dt
238 2177 301 2282 (b)
321 2179 558 2266 Manardum
578 2211 672 2268 cum
690 2180 898 2270 avicenna
919 2178 1234 2286 numerabimus,
1256 2182 1435 2290 quamvis
1457 2179 1620 2265 Manar-
1686 2253 1691 2262 .

182 2287 254 2376 dus
289 2322 383 2376 cum
419 2295 525 2382 Nic.
553 2297 793 2384 Leoniceno
828 2292 1078 2382 barbararum
1106 2322 1256 2377 vocum
1283 2291 1542 2376 Arabicarum
1576 2301 1619 2378 &

181 2399 360 2488 Arabicas
379 2405 599 2494 subtilitatis
620 2412 740 2497 fuerit
759 2413 975 2601 extirpator
996 2408 1234 2513 acerrimus,
1262 2404 1398 2489 natural
1421 2412 1463 2490 ὅ(
1482 2403 1619 2489 obser-

180 2520 342 2604 vatione
374 2521 427 2602 fic
461 2518 714 2632 jubentibus,
747 2521 957 2607 dGaeno
992 2517 1260 2604 recedendum
1291 2548 1373 2601 non
1408 2544 1620 2632 putamus3
1671 2584 1678 2593 .
1802 2598 1805 2606 ,

182 2628 235 2716 fin
267 2627 419 2716 uiarum
439 2637 547 2718 enim
571 2636 709 2718 harum
733 2636 954 2751 specierum
975 2630 1156 2744 exempla
1175 2629 1352 2744 proferre
1374 2627 1492 2714 facile
1515 2633 1580 2714 est.

164 2773 168 2782 ’
237 2660 351 2830 ittet
372 2749 516 2860 pariter
540 2773 590 2832 ex
614 2752 792 2833 virorum
817 2745 1128 2830 doslissimorum
1155 2741 1346 2824 consensu
1372 2743 1443 2824 her
1471 2767 1552 2826 etes
1577 2745 1632 2826 in'

184 2881 328 2968 genere
350 2857 399 2942 ad
421 2858 625 2976 erysipelas
651 2863 812 2967 referri,
841 2869 882 2944 ὅ(
903 2887 997 2942 cum
1021 2885 1073 2942 eo
1094 2859 1137 2943 in
1159 2854 1291 2938 multis
1318 2772 1551 2960 colludere,
1580 2859 1622 2941 itt
1661 2943 1667 2950 ,

184 2968 318 3054 multis
339 2975 459 3058 etiam
477 2974 655 3083 differre,
679 3001 796 3086 atque
814 2971 1045 3086 discrepare.
1066 2966 1187 3054 Circi
1207 2997 1291 3078 quae
1310 2966 1510 3050 audiamus
1527 2967 1622 3052 Fer-

184 3079 332 3167 nelium
348 3089 519 3171 nostrum
537 3093 584 3192 (c)
598 3122 607 3170 ε
623 3092 734 3174 «hoc
749 3087 982 3172 discriminis
998 3086 1051 3167 est
1065 3079 1174 3192 quod
1189 3077 1393 3193 erysipelas
1409 3078 1621 3193 derepente

182 3228 205 3272 u
221 3222 270 3278 ex
296 3198 497 3314 repentini
520 3203 698 3286 fluxione
725 3224 929 3314 emergat,
953 3200 1099 3312 herpes
1121 3195 1258 3281 sensim
1282 3192 1492 3302 multoque
1517 3219 1619 3276 tem-

183 3313 343 3420 upote,
364 3340 439 3396 nec
461 3314 676 3430 conspicui
695 3315 872 3398 fluxione
886 3310 1112 3396 efflorescit.
1131 3309 1318 3420 Herpetis
1337 3304 1492 3420 pustulae
1508 3306 1620 3389 arida

183 3419 333 3529 esunt,
357 3425 593 3542 erysipelatis
615 3457 763 3541 magnae
784 3435 826 3510 δι
843 3425 1026 3510 humida.
1046 3422 1202 3536 Herpes
1222 3423 1395 3533 pruritu,
1415 3416 1621 3531 erysipelas

182 3532 366 3620 »dolore
387 3567 435 3622 ac
459 3539 600 3625 ardore
622 3567 794 3652 torquet.
826 3539 972 3622 Omnis
994 3535 1137 3652 papula
1158 3535 1340 3618 diuturna
1362 3533 1439 3637 est,
1463 3536 1621 3645 prorsus

184 3678 206 3723 u
222 3644 343 3732 febris
369 3677 507 3760 expers
529 3653 590 3756 (d)
617 3685 721 3763 quae,
751 3657 779 3736 si
797 3682 847 3736 ex
867 3649 1117 3766 Hippocrate
1134 3674 1217 3731 uno
1239 3645 1303 3728 die
1321 3643 1505 3748 accedat,
1531 3645 1648 3758 ipsis’

183 3793 204 3834 >i
219 3756 449 3842 levamento
471 3765 555 3844 est:
587 3764 790 3878 erysipelas
810 3766 908 3850 verb
927 3793 1022 3849 cum
1048 3759 1159 3847 febre
1185 3761 1260 3864 est,
1288 3762 1329 3841 dt
1352 3782 1551 3872 praeceps,
1579 3763 1621 3838 dt

184 3869 336 3954 »brevi
359 3872 497 3986 sponte
518 3872 732 3961 solvitur».

239 3985 389 4068 Verum
408 3983 430 4069 a
445 3985 605 4072 Galerio
620 4018 760 4074 omnes
776 3995 859 4073 timi
870 3989 1026 4094 Graeci,
1048 3992 1134 4070 tllm
1149 3982 1326 4085 Arabes,
1344 3977 1459 4061 *abile
1474 3977 1621 4066 sinceri

182 4093 419 4209 supervacua
437 4125 554 4211 atque
568 4101 847 4208 ardentissimal,
865 4099 990 4214 qualis
1005 4102 1058 4184 est
1075 4123 1263 4214 porracea
1273 4154 1286 4198 ‚
1307 4088 1373 4174 vel
1386 4091 1625 4204 aeruginosa,

182 4209 355 4402 pleiader'e
386 4215 566 4330 herpetes
598 4215 903 4323 arbitrabantur,
934 4217 1111 4325 quamvis
1135 4209 1401 4320 Hippocrates
1422 4207 1481 4306 (e)
1506 4203 1621 4287 &ab

230 4351 241 4402 i

241 4351 452 4438 ppocrate,
470 4353 516 4412 ut
527 4329 703 4434 videtur,
719 4332 944 4414 Avicennas
956 4324 1028 4434 (f)
1045 4326 1226 4432 herpetes
1240 4312 1411 4432 'apituitl
1423 4314 1543 4400 crassi
1557 4345 1620 4400 or·
1737 4345 1742 4354 ’

183 4459 275 4592 Mu)
296 4455 340 4550 V'.
354 4455 457 4520 Galen.
476 4460 512 4525 L.
530 4463 565 4524 de
581 4461 753 4524 Tumotibus
773 4477 924 4542 pretereat.
941 4455 1032 4516 Medi·
1051 4451 1130 4524 Med.
1141 4449 1176 4510 ad
1192 4447 1335 4512 Glaucen.
1351 4471 1384 4522 i,
1395 4467 1465 4532 rap.
1481 4467 1526 4520 ¹4·
1543 4445 1628 4531 net,

220 4533 414 4692 pappaLiipg,
434 4640 493 4703 cap·
511 4641 536 4694 i.

222 4699 284 4772 (c)
307 4697 355 4758 De
369 4717 471 4761 extem·
488 4701 609 4771 affest'ib.
627 4703 676 4766 lib.
692 4721 730 4776 7,
749 4719 809 4786 cap.
830 4721 859 4774 4.

223 4773 278 4850 (d)
302 4777 426 4844 Piaediti.
445 4803 493 4854 μ.
1047 4831 1050 4838 ,

226 4861 275 4932 (a)
296 4859 359 4922 Lib.
379 4861 413 4922 de
432 4859 585 4926 Affection.
599 4865 664 4930 sest.
685 4884 724 4942 5,
744 4885 807 4952 pag.
826 4868 861 4940 85
872 4905 884 4938 ,
899 4854 985 4926 tois.

232 4936 289 5022 (s)
309 4935 378 5006 Feri.
396 4963 428 5026 3,
445 4963 505 5030 cap.
524 4951 552 5010 6.
