4226 5916
495 417 577 514 aar
938 397 1043 486 nn
1099 395 1457 487 uonnrs
1556 402 1561 410 ·

493 593 641 652 norunt
661 562 764 649 bend
785 561 967 648 mulieres
987 568 1120 672 quanti
1141 566 1187 649 srt
1212 565 1260 649 ad
1289 567 1453 680 gratiam
1484 557 1678 650 momenti
1705 585 1853 674 aquam
1882 561 1931 650 ad

495 678 680 769 eluendas
704 707 840 759 manus
864 675 1051 789 selegisse.
1074 677 1190 760 Unde
1214 682 1333 761 etiam
1354 707 1442 760 mos
1464 675 1532 762 ille
1553 675 1687 761 multis
1711 677 1864 760 incedit
1888 703 1932 760 ut

492 789 594 902 aquai
612 819 748 875 manus
765 794 829 873 vix
850 785 1004 893 eluant,
1020 787 1120 904 pasti
1143 789 1283 874 oleosb
1300 798 1342 875 δι
1363 787 1548 874 οιιιιιΙΓινὲ
1567 814 1737 874 utantur.
1756 791 1813 872 At
1828 788 1930 904 apud

491 903 576 991 ferd
592 929 730 986 omnes
742 899 1028 1012 faminasaquai
1043 903 1189 985 faciem
1202 929 1355 1016 tergere
1370 901 1569 1017 piaculum
1579 905 1654 1008 est,
1670 901 1780 1011 qubd
1794 929 1930 985 terres

495 1015 596 1130 aquai
617 1039 841 1120 contentae,
864 1012 930 1098 vel
949 1011 1076 1098 salinae
1100 1041 1227 1128 partes
1243 1019 1280 1101 ei
1301 1015 1486 1099 duritiem
1510 1014 1719 1126 quamdam
1740 1013 1931 1097 inducant

493 1128 573 1242 φιὲ
595 1130 701 1214 nitor
727 1130 1004 1240 corrumpitur.
1031 1128 1124 1211 Nec
1145 1131 1264 1212 etiam
1289 1129 1514 1212 indifferens
1541 1128 1625 1212 esti
1655 1128 1701 1210 srs
1725 1125 1802 1236 qual
1826 1129 1933 1209 tinc-

494 1239 583 1328 turi
609 1240 806 1324 donentur
834 1269 917 1350 quae
945 1238 1056 1322 collo
1087 1240 1381 1325 circumdantur
1409 1303 1424 1347 ,
1453 1269 1537 1352 quar
1566 1157 1719 1323 vupmm
1763 1264 1931 1351 tangunt

496 1379 740 1440 ornamenta.
754 1353 798 1434 N
800 1382 854 1436 on
869 1350 1033 1436 difficile
1046 1355 1098 1436 est
1115 1355 1240 1436 cutim
1253 1353 1396 1458 faciei,
1413 1353 1578 1437 crassitie
1595 1359 1638 1434 δι’
1651 1349 1794 1434 areolis
1810 1353 1930 1434 etiam

493 1463 776 1582 nigricantibus
804 1464 1069 1575 unddquaque
1096 1465 1439 1581 prorumpentibus
1469 1468 1511 1548 in
1542 1467 1589 1547 iis
1611 1462 1753 1548 vetulis
1783 1460 1930 1546 discer-

494 1608 589 1666 nere
613 1607 698 1687 qua
723 1578 819 1660 fuco
851 1578 1050 1662 saturnino
1078 1577 1127 1661 ad
1151 1576 1406 1662 dealbandam
1437 1604 1569 1661 cutem
1596 1575 1720 1659 abusa
1746 1575 1847 1658 suut.
1877 1577 1929 1660 Iis

495 1698 604 1778 enim
633 1688 744 1774 brevi
773 1693 919 1803 ingruit
946 1691 1030 1774 fuci
1057 1689 1273 1774 renovandi
1303 1690 1518 1774 necessitas.
1546 1689 1654 1772 Nam
1682 1719 1767 1799 φιτ
1795 1685 1927 1770 subtbs

494 1804 593 1890 latet
616 1800 754 1917 pellis,
777 1801 845 1886 ubi
874 1803 977 1887 deest
997 1801 1205 1885 subsidium
1224 1801 1347 1907 illud,
1371 1799 1449 1908 jam
1466 1799 1725 1916 speslantibus
1746 1799 1865 1883 crassa
1888 1807 1928 1883 dr

494 1917 815 2028 luridaapparet.
840 1915 1017 1998 Brachiis
1037 1918 1154 1997 etiam
1179 1919 1326 2029 apponi
1349 1916 1465 1998 fucos
1495 1913 1588 1997 illos
1612 1917 1705 1996 chm
1731 1911 1925 2018 viderim,

492 2033 639 2114 mirum
662 2029 714 2108 est
736 2033 853 2137 quam
879 2026 998 2109 crassa
1022 2034 1065 2109 bc
1085 2030 1263 2110 trauanti
1288 2026 1383 2110 dura
1406 2053 1523 2136 arque
1547 2026 1677 2140 aspera
1702 2022 1772 2108 illa
1799 2023 1926 2108 evase-

493 2167 582 2226 rant
592 2202 606 2245 ,
632 2165 677 2224 ut
696 2134 771 2242 iam
797 2168 933 2252 poenas
949 2138 1048 2222 falsae
1071 2145 1113 2221 bt
1130 2138 1269 2222 fircatae
1289 2136 1590 2253 pulchritudinis
1606 2137 1840 2251 rependeret
1856 2165 1924 2222 ne·

492 2251 668 2368 gleslum
688 2260 729 2336 dt
748 2249 964 2336 triobolare
985 2252 1169 2336 scortum.
1196 2252 1290 2334 Vidi
1313 2254 1431 2336 etiam
1450 2249 1577 2363 longo
1596 2251 1666 2333 usu
1691 2279 1801 2360 aquae
1822 2247 1922 2334 illitis

494 2393 579 2476 qua
603 2395 652 2449 ex
679 2392 794 2450 acero
822 2363 965 2450 sanarni
991 2373 1033 2449 br
1061 2360 1215 2448 cerussa
1244 2367 1449 2468 constans,
1480 2392 1590 2447 novo
1621 2365 1786 2446 nomine
1815 2389 1923 2446 vetus

494 2479 575 2592 ipsa
594 2479 811 2562 remedium
820 2540 833 2582 ,
859 2506 957 2587 aqua
976 2473 1342 2590 vegeto-mineralis
1357 2503 1548 2581 vocatur,
1570 2479 1692 2560 cutim
1708 2475 1923 2558 induratam

494 2601 538 2676 ὃ(
563 2595 603 2675 in
625 2595 761 2676 acinos
778 2588 1032 2673 flavescentes
1058 2588 1313 2694 conversam,
1339 2593 1392 2672 ita
1411 2614 1456 2672 ut
1477 2615 1640 2672 omnem
1662 2586 1842 2670 amisisset
1862 2585 1924 2670 illa

492 2703 647 2788 sensum
660 2765 674 2811 ,
705 2704 755 2788 de
782 2731 863 2812 quo
896 2700 965 2784 fibi
996 2701 1134 2786 miserb
1163 2698 1374 2815 plaudebat
1401 2699 1542 2786 mulier
1570 2729 1717 2784 cancro
1744 2698 1925 2782 laborans

493 2817 671 2930 pessrmo.
698 2817 804 2898 Nam
825 2817 1000 2900 thoracis
1021 2813 1089 2896 illa
1107 2845 1193 2928 pars
1215 2845 1298 2926 quae
1321 2813 1395 2899 hdo
1415 2813 1515 2923 aqufi
1534 2809 1824 2928 contegebatur
1846 2837 1924 2896 tota

492 2931 595 3014 flava
612 2936 654 3012 bt
671 2929 712 3012 in
735 2931 891 3012 corium
910 2927 1019 3012 versa
1040 2953 1135 3012 erat.
1156 2926 1302 3012 Addita
1321 2954 1403 3012 erat
1426 2927 1573 3011 vir‘ibus
1589 2928 1760 3041 stypticis
1782 2925 1922 3010 saturni

493 3043 553 3124 vis
579 3038 793 3153 coagulans
820 3043 951 3145 aceti,
978 3069 1095 3152 quarn
1117 3039 1278 3150 quidem
1300 3045 1383 3124 vim
1410 3039 1688 3154 coagulantem
1715 3041 1785 3149 qui
1809 3066 1925 3152 nega·

493 3156 614 3257 verit,
632 3155 852 3266 experiatur
863 3151 983 3236 velim
993 3155 1226 3236 mixtionem
1237 3152 1313 3238 seri
1326 3162 1369 3237 bc
1381 3157 1489 3236 muci
1501 3151 1675 3236 animalis
1690 3181 1784 3234 cum
1797 3177 1923 3250 acet03

494 3293 657 3346 mucum
680 3266 787 3346 enim
810 3261 923 3346 illum
951 3261 1101 3346 videbit
1125 3265 1327 3350 evidenter
1349 3265 1578 3352 crassescere
1604 3269 1707 3350 &in
1727 3262 1921 3348 membra-

495 3403 636 3460 naceas
650 3373 825 3458 lamellas
842 3373 976 3482 abire,
1002 3378 1054 3458 ita
1072 3403 1137 3480 ut,
1158 3375 1235 3459 uns
1250 3376 1376 3461 ablatas
1386 3443 1399 3486 ,
1416 3377 1537 3464 altera
1551 3379 1772 3482 formetur,
1794 3373 1922 3459 similis

494 3494 653 3603 prorshs
676 3485 912 3570 membranis
937 3487 1014 3572 illis
1046 3490 1212 3573 acinosrs
1243 3519 1326 3600 quae
1353 3490 1530 3604 sanguini
1562 3491 1585 3577 ὲ
1610 3491 1710 3577 venai
1738 3489 1860 3574 duero
1883 3493 1921 3570 in

496 3602 731 3686 cacheslicis
767 3600 932 3714 superim
964 3627 1165 3707 onuntur,
1200 3609 1240 3686 dt
1276 3629 1345 3716 per
1378 3605 1539 3688 laminas
1576 3604 1707 3724 plures
1747 3601 1922 3686 secantur

494 3713 627 3796 sacild.
649 3712 761 3796 Hinc
785 3741 867 3794 non
887 3633 1026 3808 dubito
1052 3717 1146 3824 quin
1168 3717 1194 3796 si
1218 3715 1357 3799 dentur
1380 3716 1562 3802 mulieres
1588 3749 1671 3830 quae
1696 3712 1801 3802 male
1826 3745 1923 3797 con-

494 3825 601 3910 sulta
627 3823 701 3908 hsc
728 3821 827 3932 aquai
856 3824 905 3906 ad
932 3823 1106 3909 lotiones
1133 3825 1338 3912 abutantur
1353 3892 1367 3935 ,
1395 3835 1441 3914 iis
1472 3833 1555 3945 post
1582 3831 1745 3943 aliquod
1771 3853 1923 3940 tempus

495 3941 598 4022 cutis
625 3937 839 4021 crassescat.
865 3936 978 4021 Idem
1008 3938 1188 4050 profesio
1212 3941 1372 4026 effeslus
1401 3947 1475 4026 erit
1500 3943 1705 4028 acidorum
1734 3969 1921 4056 quorum-

496 4079 691 4160 cumque,
713 4050 856 4132 fortior
875 4049 1097 4132 fortiorum.
1110 4052 1259 4134 Verhm
1279 4057 1361 4138 haec
1375 4054 1699 4166 causanunquam
1719 4061 1821 4142 inter
1834 4054 1919 4136 uni·

495 4162 623 4244 versas
647 4159 784 4244 locum
815 4161 994 4246 obtinere
1017 4164 1169 4274 potest,
1200 4173 1242 4248 dt
1269 4164 1370 4250 bend
1398 4194 1545 4253 norunt
1571 4174 1638 4280 qui
1661 4172 1776 4255 acida
1799 4168 1923 4252 mine·

495 4271 591 4358 ralia
616 4277 779 4357 tradant
804 4303 969 4384 quantus
994 4277 1039 4359 fit
1066 4303 1204 4358 eorum
1230 4277 1390 4364 effeetus
1417 4285 1461 4365 in
1485 4307 1630 4366 cutem.
1659 4285 1780 4370 Hanc
1806 4282 1922 4368 eriam

497 4383 754 4492 decolorant,
770 4394 812 4469 ὅ(
827 4393 982 4498 prorshs
993 4393 1229 4494 immutant,
1245 4397 1408 4476 nuncin
1423 4395 1576 4478 fuscum
1590 4395 1796 4503 colorem,
1814 4391 1922 4507 quod

495 4496 702 4582 vitriolicis
717 4503 916 4612 proprium
934 4503 985 4582 esl
992 4565 1005 4606 ‚
1022 4533 1128 4585 nunc
1140 4505 1180 4584 iu
1194 4505 1357 4612 flavum,
1372 4509 1481 4616 quod
1496 4510 1627 4592 nitrosr
1643 4511 1747 4594 acidi
1762 4513 1924 4597 effedus

496 4611 577 4711 esi,
599 4638 702 4692 nurrc
714 4614 756 4712 in
772 4609 1028 4718 albicantem,
1054 4614 1163 4722 quod
1183 4616 1231 4698 ad
1254 4617 1429 4730 spiritum
1453 4619 1540 4706 salis
1564 4628 1790 4709 communis
1809 4621 1925 4742 perfi-

497 4746 576 4806 net.
592 4719 709 4802 Vatis
724 4727 841 4804 etiam
855 4752 977 4838 agunt
989 4730 1094 4809 varia
1112 4731 1152 4809 in
1172 4729 1218 4810 iis
1235 4728 1362 4814 soluta
1374 4732 1543 4818 metalla.
1557 4733 1678 4820 Certe
1692 4739 1732 4818 in
1748 4761 1923 4852 ungues,

498 4837 583 4922 inrb
609 4839 652 4922 bt
679 4833 721 4914 in
745 4829 927 4922 colorem
950 4841 1050 4924 cutis
1078 4866 1200 4954 agunt
1227 4839 1365 4930 balnea
1388 4845 1531 4962 hepate
1553 4845 1747 4965 sulphuris
1775 4849 1926 4940 imbuta
