4186 5908
448 417 537 510 '2'8'2
890 413 998 500 DE
1067 409 1431 498 MORBIS

450 583 554 666 istibs
583 575 926 694 degenerascentih
946 583 993 672 ,ἀ
1024 577 1131 686 quast
1159 572 1383 692 corruptelh
1406 569 1547 658 contri
1578 591 1758 654 murram
1786 559 1888 656 fad!

451 694 625 812 pendere
647 691 806 777 dicendi
825 689 924 774 sunt.

509 807 558 890 In
575 803 677 888 illud
693 808 841 916 igitur,
871 805 962 884 cinn
986 799 1181 914 agendum
1202 804 1256 886 est
1275 799 1325 886 de
1343 798 1460 886 variis
1479 792 1630 881 morbis
1648 797 1717 906 qui
1737 793 1760 878 ὲ
1778 791 1886 916 latiis

452 916 650 1032 praesentid
672 915 869 1031 pendent,
888 939 974 996 tota
994 915 1122 995 nostra
1137 918 1302 998 vertitur
1321 911 1551 1014 meditatio,
1577 935 1622 992 ut
1641 903 1888 1023 expiscem'ur

453 1029 531 1141 quai
550 1030 667 1144 possit
687 1031 839 1110 ratione
861 1023 925 1108 lac
948 1028 1173 1138 corrumpi,
1194 1051 1240 1110 ut
1256 1025 1307 1109 ad
1327 1026 1452 1110 cutim
1471 1021 1629 1106 seratur.
1658 1021 1789 1132 Quod
1813 1019 1887 1104 dis·

455 1171 592 1227 cemus
621 1138 778 1226 uberibs
805 1166 855 1222 ex
881 1139 1025 1220 borum
1061 1135 1296 1220 morborum
1326 1135 1640 1220 consideratione
1675 1135 1767 1244 qui,
1799 1159 1887 1218 utut

452 1258 576 1340 varias
595 1252 751 1335 sormas'
764 1248 833 1334 srbi
851 1249 1060 1356 assumant,
1080 1249 1131 1333 ad
1152 1249 1233 1334 duo
1249 1275 1381 1334 tamen
1394 1245 1589 1364 precipue
1608 1248 1736 1360 capita
1754 1245 1888 1330 referri

454 1364 700 1451 observando
722 1361 891 1477 poliunt.
915 1360 997 1447 Alii
1010 1365 1116 1446 enim
1132 1365 1238 1448 acuti
1253 1361 1363 1470 sunt,
1385 1362 1567 1446 chronici
1582 1357 1661 1444 alii.
1681 1357 1749 1444 De
1763 1360 1888 1444 acutis

453 1481 522 1590 qui
542 1475 593 1561 ad
614 1503 748 1561 cutem
771 1501 980 1590 erumpunt
1006 1483 1048 1558 ὅ(
1071 1477 1113 1558 in
1135 1473 1218 1591 ipsi
1239 1473 1489 1590 persananrur
1512 1472 1646 1557 dicere
1664 1473 1785 1554 nostri
1805 1501 1890 1558 non

454 1591 507 1674 est
529 1592 702 1674 instituti.
730 1587 926 1672 Chronici
943 1588 1041 1672 verb
1062 1616 1146 1670 non
1164 1587 1345 1673 eamdem
1366 1587 1539 1672 sormam
1558 1585 1701 1699 pariter
1721 1581 1887 1670 servant.

454 1699 539 1790 Alii
556 1704 662 1785 enim
676 1727 794 1786 acuto
809 1698 979 1806 morbo,
1000 1696 1066 1785 vel
1083 1703 1214 1815 potihs
1233 1727 1352 1784 acuto
1370 1696 1501 1784 morbi
1513 1695 1750 1811 paroxysmo
1764 1694 1890 1811 super·

454 1817 646 1920 veniunt,
671 1821 713 1899 bt
760 1811 884 1918 osted,
905 1814 1010 1923 quast
1031 1816 1145 1898 novis
1166 1813 1341 1898 reseratis
1366 1809 1565 1917 fontibus,
1594 1809 1659 1894 dib
1682 1807 1731 1891 ad
1754 1835 1890 1893 cutem
1937 1896 1941 1906 ,

455 1925 693 2042 perdurant;
710 1845 774 2008 alii
789 1925 1030 2041 pedetentim
1045 1923 1290 2011 invalescunt
1304 1924 1406 2010 &ab
1423 1925 1576 2040 origine
1590 1919 1684 2007 exili
1699 1923 1741 2004 in
1752 1923 1889 2008 imma·

455 2066 549 2122 nem
569 2041 670 2120 cutis
688 2041 839 2121 ruinam
859 2037 1173 2152 progrediuntur.
1469 2062 1473 2069 ·

513 2149 699 2232 Praslicis
718 2157 760 2233 ὃ(
775 2147 846 2234 usu
862 2152 1086 2234 exercitatis
1102 2149 1276 2234 Medicis
1293 2175 1503 2259 utrumque
1517 2175 1640 2262 genus
1654 2147 1743 2232 satis
1758 2149 1891 2264 cogni·

351 2315 358 2328 ·
456 2283 541 2345 tum
568 2263 632 2345 est.
661 2261 838 2344 Primum
869 2289 992 2375 genus
1020 2265 1109 2346 rarb
1132 2261 1221 2346 ante
1244 2266 1404 2347 tertium
1426 2258 1494 2344 vel
1521 2289 1702 2370 quartum
1733 2259 1840 2346 diem
1868 2261 1890 2344 d

456 2398 568 2486 partu
589 2375 743 2487 incipit.
773 2373 894 2457 Tunc
919 2377 1003 2488 post
1029 2373 1210 2459 febrilem
1231 2377 1385 2481 aellum,
1410 2377 1513 2458 cutis
1534 2400 1619 2458 tota
1641 2373 1887 2480 intumescit,

458 2490 501 2568 bt
520 2485 630 2594 quod
655 2486 866 2600 praesagum
888 2491 1063 2570 animum
1091 2488 1141 2571 ad
1166 2486 1297 2570 morbi
1320 2485 1613 2601 longitudinem
1638 2485 1890 2571 metuendam

456 2597 585 2709 posset
616 2598 833 2704 inducere,
865 2599 1164 2686 intumescendo
1198 2600 1411 2684 induramr.
1452 2599 1519 2688 Fit
1552 2603 1617 2683 exi
1646 2599 1704 2684 uis
1733 2596 1888 2683 cellulis

458 2713 622 2794 materie
643 2709 821 2796 induratis
846 2710 1091 2826 turgentibus
1118 2739 1202 2798 tota
1228 2713 1332 2824 quast
1356 2713 1549 2796 coriacea.
1579 2630 1743 2822 Aliquid
1771 2713 1889 2823 erysi-

457 2819 620 2933 pelatosr
642 2819 751 2906 extri
767 2823 914 2928 fertur,
930 2853 1107 2937 tuncque
1124 2855 1174 2911 ex
1194 2824 1299 2910 arida
1319 2852 1412 2909 cute
1430 2823 1538 2909 nulla
1558 2825 1604 2908 sit
1620 2826 1775 2938 eruptio
1781 2887 1796 2932 ,
1819 2825 1890 2908 nist

458 2930 731 3044 phlysloenosa
756 2935 874 3019 fuerit
900 2933 968 3020 illa
980 2998 994 3042 ,
1023 2945 1063 3020 ὃ(
1090 2937 1190 3022 nihil
1210 2937 1258 3022 ad
1278 2936 1517 3022 levationem
1544 2932 1639 3020 mali
1667 2937 1888 3022 conserens.

458 3043 515 3128 At
536 3071 754 3157 paucorum
777 3046 929 3131 dierum
947 3049 1181 3156 intervallo,
1200 3049 1325 3165 vulgb
1347 3078 1414 3135 aut
1437 3077 1628 3163 quatuor,
1654 3075 1721 3134 aut
1742 3050 1783 3134 se
1810 3077 1891 3134 tem
1927 3099 1940 3118 ·

460 3157 606 3238 exactis
625 3153 783 3263 diebus,
805 3158 1038 3245 defervescit
1063 3161 1290 3278 erysipelas,
1324 3191 1499 3274 tuncque
1527 3165 1628 3246 cutis
1656 3081 1889 3276 rhagadibus

459 3263 541 3349 lilla
554 3275 595 3351 dt
608 3265 723 3374 dura,
741 3270 872 3384 aspera
885 3277 1084 3383 traslanti,
1098 3302 1215 3386 atque
1228 3280 1488 3390 coriaceaper
1502 3277 1752 3388 eruptionem
1764 3275 1890 3360 solam

458 3375 668 3464 solutionis
682 3382 788 3494 spem
803 3386 925 3469 affert.
946 3387 1028 3471 Sed
1041 3393 1291 3504 eruptionum
1307 3416 1402 3474 tunc
1417 3392 1605 3503 temporis
1618 3387 1893 3504 sperandarum

460 3488 590 3575 forma
614 3521 697 3576 non
719 3525 795 3578 una
814 3500 867 3580 est
879 3559 893 3602 ,
917 3499 997 3582 fata
1019 3528 1102 3582 non
1120 3501 1258 3586 cadem
1279 3501 1378 3586 sunt.

515 3604 564 3686 In
578 3603 661 3688 aliis
675 3609 779 3689 enirn
794 3609 1009 3806 pustulosus
1023 3611 1185 3726 morbus
1200 3616 1273 3720 est,
1293 3623 1335 3698 ὃ(
1352 3611 1496 3699 scabiei
1511 3614 1561 3698 ad
1575 3615 1687 3698 instar
1701 3613 1889 3722 hunndae,

459 3741 505 3800 ut
521 3743 675 3802 veteres
697 3748 801 3804 voca
831 3751 916 3832 ant,
945 3727 1154 3811 humorem
1173 3727 1450 3812 tanmmmodb
1468 3753 1626 3811 tenuem
1650 3755 1768 3838 atque
1790 3727 1892 3813 sero

459 3829 543 3912 sum
565 3829 700 3938 elicit,
723 3832 902 3946 adebque
920 3841 1058 3924 crustas
1078 3838 1185 3925 leves
1206 3841 1389 3926 efformat
1406 3867 1523 3954 atque
1539 3839 1655 3926 facilc
1673 3835 1890 3946 tollendas,

459 3941 527 4025 sed
555 3974 651 4055 quas
679 3944 810 4032 fimilis
836 3977 938 4033 notae
969 3949 1052 4033 aliae
1078 3957 1308 4067 excipiunt,
1344 3958 1398 4038 ita
1426 3981 1472 4038 ut
1498 3980 1548 4037 ex
1581 3952 1648 4068 spe
1679 3955 1891 4038 curationis

459 4081 655 4170 promptae
676 4060 717 4140 in
737 4056 850 4175 longi
871 4060 1001 4148 morbi
1021 4063 1167 4149 fastidia
1187 4065 1453 4174 devehantur,
1475 4069 1543 4179 qui
1563 4069 1679 4151 noble
1700 4063 1894 4198 praecipue

456 4163 615 4250 miseras
639 4168 758 4254 delati
789 4199 827 4256 at
839 4237 853 4282 ,
877 4204 960 4260 non
982 4178 1061 4262 stne
1076 4181 1225 4292 pruritu
1246 4185 1288 4261 ὃ(
1306 4178 1385 4262 scal
1414 4205 1479 4287 tu,
1504 4205 1622 4290 atque
1641 4178 1771 4263 niodae
1791 4181 1893 4264 cutis

460 4273 750 4391 deturpatione.
807 4287 883 4372 nde¹
902 4288 1038 4374 sensim
1052 4289 1298 4375 marcescunt
1310 4210 1517 4399 mulieres,
1539 4289 1679 4377 nauseis
1692 4317 1808 4404 atque
1826 4289 1893 4374 de-

463 4417 630 4502 pravatae
648 4395 841 4484 todionis
861 4403 975 4514 signis
996 4401 1201 4508 laborant,
1223 4402 1334 4490 brevi
1353 4435 1466 4492 crura
1483 4405 1770 4511 intumescunt,
1789 4405 1892 4490 rulh-

464 4496 557 4583 cula
576 4509 746 4620 erumpit
767 4515 808 4590 ὅ(
826 4514 969 4627 phthisi
987 4516 1144 4602 tandem
1167 4514 1441 4627 absumuntur,
1465 4519 1534 4602 nist
1551 4516 1736 4626 morbus,
1759 4515 1893 4602 relies

462 4635 583 4743 cute,
613 4612 824 4707 decumbat
845 4649 1001 4712 tumore
1028 4633 1214 4741 immani,
1243 4660 1311 4718 aut
1328 4631 1444 4737 albo,
1471 4657 1538 4716 aut
1557 4629 1837 4747 eryfipelatoso
1853 4631 1894 4714 in

461 4724 668 4858 articulos.
689 4729 801 4858 'Haec
833 4734 917 4824 lues
951 4741 993 4820 in
1018 4739 1120 4827 locis
1184 4745 1351 4829 aludosts
1383 4743 1486 4858 apud
1515 4742 1775 4860 pauperculas
1808 4775 1892 4858 quc

460 4837 597 4922 infima
629 4835 768 4924 adium
785 4843 899 4935 'senta
922 4851 1076 4968 srtuque
1098 4777 1200 4944 male
1231 4855 1320 4948 sarta
1347 4854 1532 4946 incolunt
1559 4855 1776 4974 gradatim
1805 4859 1893 4944 turb
