4696 5894
626 385 708 482 tto
1067 363 1175 450 oa
1247 357 1611 482 nouors

634 565 2064 644 m

855 692 1332 934 sucuro
1402 703 1843 892 'aalma

786 1027 877 1158 De
905 1027 1095 1136 Morbis
1126 1032 1178 1132 in
1210 1031 1428 1133 universi
1459 1065 1559 1132 cute
1591 1026 1907 1165 nascentibus·
2214 1077 2215 1166 ξ

631 1231 826 1404 CUTIS
850 1344 1066 1400 commune
1084 1319 1264 1430 corporis
1277 1315 1529 1400 involucrum
1545 1343 1627 1396 non
1640 1312 1743 1428 pilos
1758 1317 1909 1396 tantiam
1924 1315 2062 1397 emittit

632 1433 700 1540 qui
727 1456 876 1543 partem
902 1425 983 1533 ejus
1005 1433 1268 1534 constituunt,
1292 1429 1495 1513 sedetiam
1520 1435 1562 1510 dt
1586 1431 1714 1518 omnis
1738 1429 1891 1540 generis
1913 1427 2061 1509 vasa&

629 1565 773 1626 nervos
786 1541 955 1623 niaximd
968 1539 1145 1647 sensiles,
1161 1549 1202 1624 ὅ(
1219 1545 1335 1624 taslui
1348 1540 1563 1624 efficiendo
1579 1540 1747 1623 idoneos
1764 1543 1964 1644 continet,
1985 1541 2059 1620 imo

633 1649 895 1738 &evidentis
930 1655 1109 1736 crassitiei
1140 1653 1375 1760 folliculos,
1407 1651 1548 1766 quibus
1581 1651 1765 1736 omnibus
1799 1681 1873 1764 pro
1905 1649 1985 1732 basr
2014 1653 2059 1736 est

630 1792 760 1851 textus
791 1763 988 1850 cellularis
1018 1769 1176 1849 crallror
1204 1775 1244 1850 dt
1272 1767 1450 1872 densior,
1480 1791 1525 1848 ut
1545 1763 1637 1847 alibi
1659 1764 1806 1848 dictum
1833 1765 1934 1848 satis.
1965 1762 2059 1846 Hac

632 1889 672 1963 dt
694 1905 886 1994 perpetua
907 1877 1149 1962 exhalationi
1172 1905 1301 1993 patet,
1325 1906 1369 1962 ut
1392 1877 1470 1985 jam
1491 1877 1639 1970 dudiam
1658 1880 1934 1992 experimentis
1950 1907 2058 1959 com-

659 1991 841 2074 robatum
872 1991 950 2094 est,
986 2015 1025 2073 at
1054 1993 1152 2074 vero
1184 1991 1415 2076 inhalationi
1437 1994 1555 2074 etiam
1581 2021 1696 2100 quarn
1723 1988 1801 2096 jam
1826 1987 2057 2072 ivete‘ribus

628 2021 842 2186 lledicinae
859 2101 1030 2216 patribus
1046 2111 1088 2186 &
1103 2105 1187 2218 ipso
1204 2105 1452 2219 Hippocrate
1468 2101 1569 2186 bend
1584 2105 1787 2214 cognitam
1811 2099 2056 2186 solertillimis

630 2213 795 2319 subjecit
820 2218 1096 2328 experimentis
1121 2217 1342 2330 Stephanus
1365 2214 1516 2320 Hales,
1540 2215 1763 2298 eruditione
1787 2219 1916 2320 vero,
1944 2239 2053 2324 atque

630 2328 905 2411 observatione
928 2325 1139 2440 multiplici
1162 2329 1438 2412 demonstravit
1460 2327 1556 2410 Abr.
1586 2329 1685 2410 Kau
1709 2327 2002 2412 Boerrhaavius.

685 2439 872 2524 Praeterei
887 2443 982 2524 veto
999 2441 1318 2554 perspirationern
1337 2445 1492 2525 coslam
1513 2437 1616 2523 &ab
1636 2439 1830 2523 alimentis
1851 2441 1924 2523 rite
1938 2441 2055 2523 codis

628 2553 818 2638 residuam
841 2558 957 2638 certis
984 2556 1091 2635 horis
1117 2556 1263 2638 emittit
1287 2557 1400 2638 cutis.
1428 2552 1543 2636 Undd
1566 2555 1612 2636 lit
1638 2579 1681 2636 ut
1704 2553 1926 2638 funiliones
1952 2549 2054 2656 ejus,

629 2670 877 2776 quantumvis
906 2665 1143 2751 universales
1176 2668 1275 2772 srnt,
1309 2693 1440 2752 tamen
1466 2695 1538 2781 pro
1577 2693 1707 2748 rerum
1744 2665 2056 2748 nonnaturalium

628 2783 779 2863 influxu
808 2806 999 2893 perpetuo
1027 2781 1220 2862 continui)
1244 2783 1423 2885 varient,
1455 2783 1573 2862 noilu
1603 2777 1748 2888 diuque
1775 2778 1956 2878 diversa,
1985 2806 2055 2890 pro

627 2894 879 3005 tempestate,
906 2895 1096 3005 regione,
1124 2894 1228 2975 vislu
1255 2890 1404 2976 summe
1431 2892 1719 3003 discrepantes,
1746 2920 1818 3004 pro
1845 2919 1996 2974 artatum
2015 2895 2055 2970 dt

626 3005 738 3094 serias
772 3004 989 3087 diversitate
1017 3003 1231 3088 admodilm
1260 3002 1527 3110 abludeotes,
1558 3034 1640 3112 quae
1667 3007 1801 3086 omnia
1836 3001 1925 3086 anti:
1963 3033 2057 3086 ocu·

628 3116 691 3199 los
721 3115 789 3197 srbi
826 3117 1010 3228 ponenda
1045 3115 1157 3222 sunt,
1189 3117 1409 3230 priusquam
1454 3118 1503 3200 de
1539 3114 1683 3198 morbo
1727 3119 2056 3230 pronuntiemus,

627 3232 721 3310 clun
747 3227 960 3310 admodirnt
988 3228 1182 3312 diversum
1210 3230 1255 3310 slt
1279 3229 1443 3312 decute
1469 3257 1584 3343 agere
1609 3227 1758 3333 adulti,
1783 3255 1849 3310 aut
1874 3231 2056 3333 infantis,

625 3339 762 3428 militis
789 3340 973 3422 duriilimi
986 3403 1001 3445 ,
1025 3365 1090 3422 aut
1118 3340 1276 3422 frtnrinae
1300 3340 1542 3428 molliffimae.
1571 3342 1652 3423 Sua
1683 3343 1827 3450 cuique
1853 3343 2057 3445 cnffities,

626 3453 744 3536 color
774 3452 875 3534 suus.
904 3454 995 3542 Nec
1031 3452 1137 3536 idem
1164 3455 1244 3557 est,
1277 3455 1370 3536 teste
1398 3451 1476 3557 jam
1502 3455 1650 3538 dudum
1681 3454 1958 3566 Hippocrate,
1986 3457 2058 3536 hu-

626 3595 783 3650 morum
817 3569 980 3671 exitus,
1013 3593 1087 3648 nec
1124 3565 1262 3650 eadem
1295 3568 1439 3648 horum
1474 3593 1620 3650 natura.
1652 3565 1754 3676 Quae
1793 3570 1927 3648 omnia
1969 3575 2060 3650 ciam

628 3679 864 3774 differentias
891 3676 1083 3770 naturales
1113 3680 1380 3790 constituant,
1408 3682 1493 3768 tiam
1521 3675 1723 3762 morbosas
1755 3682 1872 3768 etiam
1903 3681 2063 3792 poliunt

624 3792 825 3876 inducere.
1337 3830 1357 3862 ·

681 3905 830 3988 Verum
863 3927 907 3986 ut
941 3929 1013 3984 nos
1046 3931 1128 3982 non
1160 3902 1309 3986 deserat
1341 3901 1490 3985 summi
1531 3905 1571 3994 in
1610 3901 1784 3989 obscuris
1825 3905 2063 4015 requirenda

625 4015 851 4126 diligentia,
883 4021 922 4098 in
951 4015 1230 4126 patefaciendis
1261 4019 1360 4096 cutis
1386 4019 1489 4100 vitiis
1517 4015 1618 4098 ordo
1645 4014 1924 4129 pathologicus
1956 4018 2062 4100 ailu-

625 4129 789 4210 mendus
824 4133 886 4210 esi.
924 4125 1001 4212 Vel
1037 4128 1142 4210 enim
1180 4128 1464 4232 consistentia,
1513 4127 1674 4211 firmitas
1719 4155 1835 4238 atque
1880 4129 2064 4241 rigiditas

625 4243 725 4324 cutis
752 4241 1051 4352 praterrnodlrm
1082 4243 1190 4322 antra
1214 4243 1265 4326 est
1280 4301 1294 4344 ,
1322 4237 1389 4326 vel
1415 4236 1553 4322 contri
1584 4241 1697 4324 nimis
1728 4243 1946 4324 imminuta.
1979 4239 2067 4327 Vel

623 4348 762 4464 color,
787 4351 849 4436 vel
874 4354 985 4436 crasrs
1006 4355 1209 4435 immutata
1231 4353 1344 4456 sunt,
1368 4348 1433 4434 vel
1450 4351 1539 4436 usus
1560 4353 1780 4466 impeditus.
1798 4351 1875 4436 Vel
1893 4353 2067 4438 demum

622 4487 784 4545 externa
816 4473 926 4546 extus
957 4469 1141 4548 irruentia
1176 4494 1346 4580 corpora
1373 4494 1496 4548 novas
1528 4465 1595 4578 ipsr
1627 4473 1897 4550 &extraneas
1927 4495 2068 4580 partes

623 4575 781 4680 addunt.
801 4577 916 4676 Unde
935 4580 1106 4690 capitum
1129 4607 1223 4659 mox
1239 4578 1566 4690 exponendorum
1585 4577 1754 4660 nascitur
1769 4579 1920 4662 divisio.
1951 4583 2070 4664 Nam

624 4689 751 4800 eapite
768 4691 893 4797 primo
909 4719 1067 4799 agemus
1083 4690 1131 4774 de
1147 4695 1248 4773 cutis
1265 4692 1417 4780 craseos
1434 4717 1548 4798 atque
1560 4691 1737 4778 crassitiei
1753 4693 1868 4774 vitiis.
1885 4691 2070 4800 Altero,

623 4801 672 4894 tle
689 4795 768 4902 ejus
787 4797 994 4882 substantia
1009 4797 1253 4909 mutatione,
1263 4801 1417 4916 qualem
1430 4803 1600 4915 prostant
1612 4803 1784 4914 ariditas,
1799 4831 1864 4892 aut
1877 4811 2073 4909 exustio,

1998 4919 2074 5006 vel
