4226 5916
674 439 1171 528 CUTAN'EIS‘.
1542 467 1633 558 '405

197 603 303 716 apud
318 601 406 690 sere
422 615 561 688 omnes
583 605 673 692 artis
695 604 931 720 professores
952 603 1144 688 consensu
1161 600 1355 687 -uniformi
1372 603 1636 722 descriptum.

195 717 251 801 Et
271 714 406 802 reveri
430 717 516 830 post
536 719 667 802 estatio
692 715 846 802 calores
870 718 1112 802 immodicos
1137 724 1179 800 dt
1202 716 1360 822 aridos,
1385 720 1412 800 sr
1432 724 1635 834 tempestas
1693 792 1698 832 ,

194 828 339 942 frigida
362 832 574 942 ingruerit,
602 859 746 914 zonam
769 833 878 918 hanc·
893 832 981 915 raro
996 828 1277 933 universalem,
1310 830 1375 912 sed
1398 830 1477 915 sese
1497 835 1636 918 sensim

196 941 506 1047 extendentem,
527 945 584 1026 ita·
597 970 664 1048 ut,
683 945 743 1026 his
759 941 1117 1026 defervescentibus
1157 939 1312 1046 astulis,
1338 941 1552 1030 aliaelatihs
1567 975 1635 1030 err-

194 1055 428 1162 tendantur,
443 1055 1084 1167 questepidemicbsaevientenn'&
1098 971 1228 1168 pitres
1244 1054 1517 1168 perdurantem
1531 1087 1635 1154 men·
1663 1103 1668 1114 ·

198 1167 283 1271 ses,
305 1198 388 1252 non
407 1169 494 1266 fine,
506 1171 632 1252 atroci
649 1171 847 1275 cruciatu,
869 1175 909 1251 ὁ(
924 1166 1069 1280 vigiliis
1085 1165 1364 1271 intolerandis,
1384 1166 1602 1258 observavi.

252 1278 360 1366 Illud
373 1282 470 1364 verb
489 1282 583 1366 huic
607 1280 715 1366 malo
759 1283 934 1396 roprium
951 1283 1005 1364 est
1023 1280 1134 1391 quod
1152 1282 1236 1395 poli
1257 1279 1386 1364 sanata
1405 1278 1486 1386 ejus
1506 1284 1639 1401 symp·v
1765 1347 1768 1364 .

196 1401 440 1498 tomata‚4&
454 1391 550 1478 loco
564 1391 643 1500 iam
657 1311 787 1478 nullas
797 1417 981 1478 externat
990 1387 1103 1478 notae
1118 1394 1424 1508 proferentevel
1439 1394 1633 1484 levilsrmae

197 1508 421 1609 cicatricis,
434 1507 629 1614 interdiana
637 1569 652 1613 ‚
670 1506 877 1622 prasertim
891 1505 983 1590 dnm
1002 1504 1132 1589 subito
1139 1530 1315 1590 mutatur
1328 1508 1633 1624 athmosphaera,

195 1616 440 1702 lancinantea
455 1617 617 1704 dolores
626 1621 671 1703 in
687 1617 785 1702 loco
804 1623 910 1733 pribs
929 1619 1071 1704 affecto
1081 1623 1337 1703 concitentur
1353 1628 1394 1704 δι
1409 1621 1634 1710 sentiantur.

195 1731 296 1814 Nec
319 1761 448 1815 rarum
503 1736 618 1816 ariter
649 1735 737 1847 post·
762 1731 912 1816 sanatas
937 1734 1056 1816 etiam
1082 1731 1152 1846 pld
1180 1735 1325 1816 cloenas
1356 1741 1398 1816 dt
1427 1736 1632 1850 erysipelas

196 1841 379 1928 sanatum
406 1870 449 1928 tu
481 1872 545 1931 em
574 1843 745 1954 aliquam
777 1843 989 1929 succedere
1014 1875 1100 1956 quae
1124 1763 1215 1960 plus
1241 1845 1419 1929 minusve
1443 1847 1630 1934 diuturno
1733 1851 1736 1864 ’

198 1981 388 2070 tempore.
406 1958 577 2042 divertet.
615 1958 797 2042 Feminae
829 1958 911 2042 vidi
948 1986 1032 2066 qua
1066 1955 1156 2041 ante
1189 1960 1295 2070 ignis·
1318 1957 1415 2040 sacri
1452 1985 1666 2075 temporat,

197 2069 319 2153 fluori
331 2067 422 2154 albo
431 2069 539 2155 nulli
547 2075 699 2156 ratione
710 2068 893 2154 obnoxiat
904 2069 1071 2175 fuerant,
1085 2069 1318 2184 postipsum‚
1334 2072 1452 2174 etiam
1465 2072 1644 2184 pulchre·

199 2189 243 2266 bt
258 2180 347 2266 solo
369 2187 559 2299 temporis
581 2183 925 2288 natumnatum,
948 2185 1043 2266 huic
1068 2179 1330 2295 malopatere
1348 2217 1358 2264 ι
1379 2181 1632 2287 juvenculam

197 2298 300 2380 novi·
313 2295 519 2381 mulierem
538 2324 658 2407 quam
676 2296 858 2380 diarrhaea
880 2323 950 2408 per
977 2325 1121 2378 annum
1142 2295 1497 2408 integrum-misere
1511 2313 1637 2384 'vex-a-

196 2433 321 2496 verat.
348 2407 448 2491 Haec
472 2411 559 2520 post
580 2405 879 2492 corroborantia
900 2407 1072 2490 remedia
1097 2404 1382 2521 laclia-caprilli
1412 2407 1643 2496 usu-sanata-

197 2517 427 2623 videbatur,
450 2526 491 2602 br
514 2518 585 2602 fibi
601 2522 703 2604 vires
726 2522 934 2624 restitutas,
962 2517 1189 2629 malumque
1209 2518 1385 2631 fugatum
1411 2519 1633 2632 gratulaba-

180 2657 264 2730 ,tur
274 2694 290 2738 ‚
310 2637 400 2716 ciam
417 2628 546 2714 subiti)
565 2634 657 2745 igne
672 2632 783 2716 sacro
799 2631 849 2714 ad
867 2659 1011 2713 zonam
1027 2655 1233 2743 correpta,
1254 2626 1503 2714 alvlfluxum
1519 2635 1633 2721 redc-

200 2749 277 2832 mit
299 2741 543 2828 cruciaribut
564 2773 659 2827 cum
682 2741 1117 2858 tusstimportund·quae
1144 2742 1276 2847 tuliis,
1307 2746 1425 2825 etiam
1457 2749 1643 2832 extinclo

197 2858 348 2962 ζωςιὶρι,
380 2853 508 2970 longo
534 2881 716 2972 ternpore
745 2857 926 2956 miseram
956 2857 1135 2960 vexavit,
1160 2852 1263 2938 latre
1292 2859 1543 2967 pervicacius:
1561 2888 1632 2974 per

181 2969 270 3066 ‚lon
299 3000 339 3054 as
359 2973 549 3084 temporis
571 2997 701 3054 moras
723 2967 1090 3084 assumpto-tandem
1107 2968 1268 3052 sanata'
1573 2965 1577 2972 ’

181 3145 184 3156 .
257 3001 626 3193 duibusomnibus
644 3081 749 3167 clare
761 3145 775 3187 ‚
795 3107 839 3166 ut
862 3080 1081 3196 speramus,
1107 3083 1301 3166 evincitur
1327 3109 1469 3164 zonam
1493 3109 1643 3166 verum.

199 3195 421 3309 elseignem
434 3193 646 3280 sacrumab
659 3199 739 3280 acri
752 3198 1091 3306 pariterexttaneo
1101 3196 1209 3277 ’intbs
1220 3194 1383 3278 admisso
1393 3193 1628 3302 oriundum,

200 3307 371 3419 indeque
389 3308 639 3422 pendentem.
670 3307 927 3419 Quodacre,
950 3333 995 3390 ut
1015 3309 1112 3390 mihi
1131 3304 1364 3422 plerumque
1377 3307 1514 3392 vidisse
1530 3338 1631 3392 eon-

198 3423 317 3534 tigit,
333 3423 374 3504 in
394 3417 497 3503 zone
511 3451 600 3532 qua
613 3422 715 3536 apud
731 3418 1040 3534 nosepidemicb
1055 3416 1268 3528 aliquandi)
1282 3418 1465 3532 grassatur
1480 3419 1501 3504 ὲ
1516 3450 1643 3507 com·-

199 3532 353 3648 plicatis
366 3536 577 3646 primarum
592 3537 744 3616 viarum
757 3536 970 3618 vitiiacum
984 3530 1266 3646 perspitatione
1276 3531 1647 3646 arriperent-&pena
1731 3637 1735 3642 Ι

146 3669 153 3680 ·
198 3646 279 3730 det.
302 3643 417 3730 Unde
436 3643 561 3728 nullia
574 3646 814 3755 frequentius
835 3648 976 3729 vitium
1002 3641 1276 3756 illudingruit·
1293 3643 1533 3754 quam-illis,
1549 3648 1644 3730 srve

106 3784 123 3810 ²
200 3760 315 3863 viris,
341 3759 425 3842 srve.
440 3759 596 3842 seminis
613 3761 681 3866 qui
701 3762 850 3840 actium
876 3754 1215 3840 alimentorum&
1239 3755 1532 3868 spirituosorum
1554 3789 1636 3872 po·-

199 3872 312 3954 tsrum
330 3871 399 3954 usu
419 3869 638 3984 nimioperb
660 3866 922 3953 delcetantur..
935 3869 1025 3952 Imb
1044 3877 1085 3952 ὅ(
1105 3867 1217 3953 nullo
1237 3869 1317 3952 alio
1336 3873 1378 3952 in
1390 3867 1638 3956 morbodez·
1739 3947 1741 3954 .

198 3981 348 4068 liclain
362 3985 467 4068 victu
488 3979 891 4067 acutius-sentiunnrr.
918 3983 1077 4066 Nam-st
1101 4009 1194 4066 acre
1215 3979 1376 4090 aliquod
1384 3978 1487 4085 ,vel
1511 3983 1644 4068 etiam

196 4093 275 4204 jam
295 4094 683 4202 reconvalescentes‚
698 4093 768 4178 libi
787 4093 1041 4200 indulserint,
1066 4093 1287 4206 plectuntur
1302 4090 1479 4174 illico&
1495 4121 1641 4181 acrem·

199 4209 377 4293 morsum
399 4208 596 4314 sentiunt,
623 4237 704 4318 quo
726 4209 938 4312 admoniti,
967 4209 993 4289 st
1019 4209 1188 4318 sapiant,
1225 4206 1475 4288 austeribs-bt
1497 4203 1640 4322 longo-

198 4348 381 4435 tempore
400 4319 537 4406 severo
559 4321 598 4404 se
617 4323 797 4432 regimini
814 4321 1013 4402 addicunt.
1032 4317 1228 4400 Caeteritm
1240 4317 1309 4398 etst
1321 4315 1628 4406 Plinio-saonam

198 4431 387 4520 lethalem
401 4434 718 4546 pronunciaverit
733 4429 1051 4541 quaeuniversum
1066 4431 1191 4540 cingit
1203 4431 1425 4534 hominem,
1437 4425 1524 4529 earn
1539 4463 1631 4515 nun·

200 4577 319 4661 quam
339 4545 526 4630 lethalem
543 4546 651 4650 vidi,
671 4545 741 4625 nisr
754 4569 886 4626 tamen
907 4539 1103 4655 phdrisroa
1121 4541 1238 4626 suerit
1258 4545 1496 4673 prenuntia,
1517 4548 1560 4628 in
1581 4549 1645 4630 iia¹

201 4657 345 4773 quibus
365 4657 478 4742 antea
495 4661 637 4742 thorax
664 4654 1292 4739 infirmua.metallasrm·humorrs
1306 4653 1540 4740 -facilbreci
1570 4660 1600 4741 't
1612 4717 1627 4763 ,

203 4801 271 4861 aut
292 4803 387 4858 cunr
415 4768 518 4854 zond
542 4769 666 4856 nostrl
686 4763 931 4854 confundere
957 4763 1130 4852 volueris
1155 4765 1306 4852 vibices
1334 4765 1425 4852 illos
1450 4771 1501 4882 pe
1532 4772 1629 4850 'en-

201 4884 314 4974 tiales
334 4887 462 4998 quiin
485 4880 659 4968 febribus
684 4880 855 4967 maxime
876 4875 1057 4995 malignis
1069 4879 1643 4997 ‚utpannonicdpsapparentr
