4188 5916
455 418 603 494 302·
775 482 782 495 ,
896 383 1004 470 DE
1070 371 1431 500 MORB'I'S

456 550 605 666 pituita
634 574 858 652 excreans,
896 550 1150 660 importuna,
1179 576 1262 660 quo
1297 543 1505 661 prasertim
1539 542 1738 659 tempore·
1757 539 1900 653 chylus

457 661 549 747 vasa
564 660 668 771 subit
688 694 702 762 3
728 691 824 744 mox
847 663 888 742 in
908 655 1180 744 suffocationis
1202 659 1355 744 sensum
1373 657 1512 741 iisdem
1532 658 1641 740 horis
1665 683 1900 741 renovatum

459 774 544 859 abii
562 776 736 878 thoracis
753 800 890 884 angor.
917 771 1021 855 Sunt
1035 777 1145 882 queis
1165 775 1283 856 amici
1301 769 1488 886 plaudant
1502 768 1612 880 qued
1628 772 1730 854 cutis
1748 769 1900 852 summe

460 887 632 972 fatinosa
656 883 810 969 sublato
833 911 856 966 e
884 883 1076 976 idermide
1097 884 1268 991 evadat,
1297 884 1364 1000 spe
1392 881 1489 966 falsa
1513 890 1554 966 ὃ(
1580 880 1781 986 illusoria,
1807 889 1898 966 ciam

408 1081 411 1086 ,
463 1005 566 1088 cutis
598 997 667 1083 illa
694 995 794 1080 nihil
827 915 933 1080 aiiud
968 997 1170 1112 designet,
1202 1022 1337 1111 prater
1368 999 1469 1080 cutis
1505 995 1826 1080 marcescentiam
1858 1003 1899 1080 ὃ(

461 1117 678 1198 humorum
701 1109 975 1193 omnimodam
990 1111 1299 1208 'conversionem
1320 1114 1361 1192 in
1385 1106 1520 1192 tabum
1542 1111 1804 1224 herpeticunr.

520 1225 617 1310 Hire
637 1222 760 1332 usque
781 1216 943 1307 morbus
962 1219 1031 1307 ille
1053 1220 1278 1306 diffimulari
1296 1209 1439 1336 pontit.
1463 1224 1519 1304 At
1537 1221 1709 1308 intertie
1733 1219 1898 1336 periodo

465 1364 600 1422 natura
631 1333 809 1418 animalis
840 1337 1012 1420 vincitur
1037 1363 1155 1447 atque
1186 1334 1385 1450 superatur
1414 1335 1612 1439 omnine,
1648 1332 1899 1418 &infelices

358 1544 364 1560 ‚
466 1475 633 1558 conatus
661 1451 703 1532 in
727 1451 907 1564 corporis
935 1452 1152 1563 perniciem
1179 1451 1303 1534 exerit
1328 1476 1340 1548 3
1366 1477 1459 1532 nam
1483 1443 1550 1550 vel
1577 1446 1896 1561 suppurationem

386 1665 389 1676 ³
456 1555 638 1648 'tabidam
665 1565 845 1675 concipit
877 1591 1051 1677 corpus,
1086 1560 1151 1647 vel
1183 1560 1374 1644 obstrutta
1401 1560 1549 1648 viscera
1579 1562 1621 1642 in
1646 1557 1899 1644 insanabilem

464 1675 689 1788 hydropem
711 1674 1001 1778 efformandum
1029 1674 1290 1760 consentiunt.
1322 1672 1440 1758 Unde
1464 1697 1572 1758 certa
1600 1702 1706 1757 mors
1730 1670 1899 1758 obscuro

356 1863 360 1872 ,
466 1785 562 1872 mali
585 1791 719 1901 generi
737 1787 935 1894 succedit,
957 1789 1070 1898 quod
1091 1818 1174 1872 non
1197 1789 1286 1871 rari>
1312 1786 1481 1872 evenille
1499 1781 1629 1870 nullus
1644 1789 1697 1870 est
1715 1785 1900 1870 Medicus

357 1921 380 1961 't
466 1903 640 2012 quinon
662 1898 1070 2015 observaverithaepe
1085 1931 1168 1986 non
1190 1903 1294 2014 priea
1311 1929 1405 1984 vera
1430 1897 1521 1982 mali
1542 1928 1660 1982 causa
1682 1898 1898 2012 detegitur,

495 2019 587 2098 uim
602 2015 782 2095 omnium
796 2015 1012 2097 humorum
1024 2015 1118 2097 ctasr
1138 2011 1400 2128 pellumdaui,
1419 2019 1460 2096 ὅ(
1478 2013 1582 2122 quast
1601 2009 1791 2097 imbibitis
1812 2007 1901 2096 soli·

467 2043 526 2211 lis
539 2186 553 2231 ,
581 2123 744 2236 morbus
769 2124 932 2210 evaserit
957 2130 1123 2210 omnine
1146 2123 1459 2212 immedicabilis.
1487 2127 1508 2208 I
1536 2125 1574 2208 sa
1596 2127 1703 2211 enim
1731 2126 1901 2210 medica·

466 2265 605 2334 menta
615 2239 774 2324 fortiori
786 2266 943 2325 veneno
958 2245 1123 2325 remixta
1141 2265 1458 2353 corrumpuntur.
1523 2267 1572 2323 ec
1592 2269 1673 2322 rara
1687 2238 1901 2324 admodem

376 2430 378 2434 ,
467 2354 521 2440 est
541 2351 656 2435 scena
672 2356 754 2436 haec
773 2348 902 2436 feralis
914 2417 928 2458 ,
951 2383 1024 2437 nec
1045 2354 1218 2438 Medicis
1237 2356 1464 2464 incognita,
1486 2355 1642 2461 quoties
1664 2351 1902 2464 imprudenti

468 2464 737 2548 medicatione
759 2465 867 2575 quod
918 2469 994 2550 riirs
1017 2465 1150 2551 exibat
1172 2471 1277 2552 virus
1299 2468 1545 2577 herpeticum
1572 2465 1780 2577 repreffum
1802 2469 1904 2550 intes

469 2579 522 2667 est
542 2584 584 2659 dt
605 2578 772 2660 fortunae
791 2496 1034 2663 derelictum.
1058 2579 1177 2662 Tunc
1199 2582 1304 2664 enim
1326 2603 1473 2661 norunt
1496 2605 1635 2661 omnes
1657 2575 1804 2660 nullam
1827 2580 1903 2664 elie

441 2773 447 2790 .
469 2687 697 2804 glandulam
713 2753 734 2796 ‚.
755 2691 883 2775 viscus
907 2692 1061 2776 nullum
1084 2691 1186 2799 etse,
1213 2689 1324 2802 quod
1347 2721 1428 2774 non
1454 2688 1625 2801 aliquam
1656 2689 1747 2774 mali
1772 2691 1905 2776 mole-

471 2801 604 2886 culam
623 2803 664 2886 in
685 2801 723 2888 se
742 2802 922 2918 suscipiat
943 2836 955 2903 ς
982 2809 1145 2916 fierique
1166 2802 1372 2892 decubitus
1395 2802 1525 2888 lentos
1546 2807 1612 2913 qui
1633 2803 1697 2888 vel
1718 2804 1901 2933 suppura-

470 2918 610 3021 tione,
636 2917 702 3001 vel
727 2918 899 3023 scirrh0,
920 2921 1007 3002 virae
1039 2923 1157 3003 finem
1181 2924 1407 3034 imponant,
1431 2916 1585 3025 qualem
1610 2917 1904 3030 descripltmus3

470 3033 609 3114 verum
631 3027 728 3142 saepe
752 3032 870 3110 etiam
891 3032 970 3114 sine
988 3030 1106 3146 pravi
1125 3035 1391 3120 medicatione
1409 3058 1458 3114 ex
1481 3031 1619 3116 ordine
1638 3029 1822 3146 perverso
1840 3060 1906 3114 na«,

471 3164 566 3222 turae
588 3139 736 3222 malum
761 3143 941 3225 nascitur.

527 3247 700 3349 Aliunde
728 3254 824 3337 verb
854 3256 983 3338 notati
1016 3255 1183 3342 velimus
1216 3256 1433 3344 doctrinam
1464 3256 1574 3350 illam
1602 3259 1653 3344 de
1681 3251 1905 3376 herpetibus

470 3359 649 3450 latilsrme
672 3391 741 3479 per
765 3394 927 3471 omnem
949 3368 1116 3454 diffundi
1141 3376 1308 3456 materia
1333 3372 1524 3458 morbosa:
1545 3370 1766 3480 ambitum,
1791 3375 1905 3460 ita'ut

471 3477 528 3562 nil
546 3477 624 3561 tale
639 3477 873 3594 suspicantes
891 3485 1088 3595 opprimat
1107 3483 1341 3591 miserrime,
1368 3487 1476 3596 quod
1494 3490 1548 3570 ita
1566 3489 1607 3572 in
1628 3514 1756 3571 return
1773 3485 1905 3571 nature

470 3589 606 3678 revere
633 3592 710 3677 elle
737 3591 928 3678 constabit
952 3593 1125 3680 Medicis
1154 3599 1222 3706 qui
1250 3591 1443 3712 paulisper·
1468 3599 1589 3683 adea
1617 3628 1701 3709 quae
1724 3599 1905 3684 viderunt

470 3705 720 3790 attenderint.
758 3704 926 3792 Scilicet
958 3707 1089 3792 morbi
1122 3707 1261 3810 danmr
1289 3710 1382 3808 vere
1412 3713 1603 3826 herpetici
1634 3713 1702 3822 qui
1730 3709 1831 3798 nihil
1858 3709 1905 3796 ad

472 3843 604 3903 cutem
625 3816 889 3918 demonstrant
908 3828 951 3903 δε
966 3848 1283 3930 ᾳυοτυηηαιηεη
1301 3851 1436 3907 natura
1449 3825 1542 3912 vere
1562 3824 1764 3939 herpetica
1778 3821 1906 3914 obser-

471 3935 631 4016 vatione
645 3931 945 4044 demonstratur.
975 3933 1151 4020 Scilicet.
1166 3939 1251 4047 post
1271 3935 1462 4024 confeffls
1490 3936 1634 4034 morbo
1654 3935 1777 4050 longa
1801 3965 1903 4022 tem-

473 4071 600 4154 pora,
630 4048 699 4130 her
729 4071 810 4132 etes
842 4049 1043 4154 emicant,
1077 4049 1146 4132 sed
1178 4045 1254 4152 jam
1281 4047 1449 4164 lympha
1475 4053 1569 4134 crafi
1597 4047 1810 4164 perversi,
1841 4077 1905 4133 aut

369 4156 378 4185 ¹
473 4159 607 4267 pariam
637 4077 880 4244 subierantes
895 4221 909 4265 ‚
937 4185 1003 4244 aut
1027 4168 1184 4274 prorsuis
1211 4161 1395 4268 inutiles,
1425 4165 1492 4271 qui
1516 4165 1542 4246 sr
1567 4163 1744 4246 nonditm
1772 4163 1903 4266 accifis

472 4267 717 4354 emicuiffent
740 4270 887 4356 viribus
912 4271 1107 4376 morbum⁴
1123 4277 1289 4358 omnine
1311 4275 1523 4389 potuillent
1546 4274 1679 4362 delere
1702 4306 1750 4359 ac
1773 4301 1907 4391 prote·

473 4402 570 4484 rere.
597 4378 745 4464 Eadem
769 4383 925 4470 aliunde
947 4391 1105 4502 prorsias
1123 4415 1268 4474 vexant
1288 4389 1549 4504 symptomata
1569 4419 1653 4500 qua
1672 4387 1803 4482 solent
1823 4391 1907 4474 her-

474 4514 608 4600 petum
632 4493 957 4610 retropulsronem
980 4504 1177 4588 comitari.

530 4581 758 4695 Offlorum
771 4611 867 4694 verb
883 4609 1090 4724 plerosque
1108 4613 1272 4700 morbos
1285 4615 1333 4700 ad
1346 4618 1552 4728 herpetum
1570 4641 1746 4700 naturam
1761 4615 1840 4702 esse
1856 4641 1908 4700 re

470 4713 692 4822 vocandos,
707 4723 790 4804 inab
800 4722 921 4836 ipsam
935 4723 1031 4840 sape
1045 4731 1273 4812 cataractam
1289 4727 1337 4812 ab
1348 4727 1420 4812 hic
1436 4726 1554 4812 causti
1567 4728 1808 4840 quandoque
1822 4757 1907 4845 pen·

469 4827 563 4920 dere
581 4827 787 4916 srdixerim
796 4892 811 4939 ,
828 4836 929 4922 nihil
943 4867 1010 4924 aut
1021 4837 1213 4929 absonum
1228 4839 1382 4930 auribus
1393 4839 1581 4950 medicis,
1601 4867 1667 4929 aut
1681 4840 1908 4948 absurdum,
