4188 5916
397 407 559 528 ¹,rr
920 387 1456 476 annonara

476 562 565 646 ta'rb
593 555 696 672 apud
713 583 787 642 nos
805 573 1045 657 occurrere,
1070 573 1146 636 trec
1169 549 1312 636 sevitie
1330 549 1483 666 semper
1507 547 1609 635 adab
1635 547 1911 654 metuendam,

477 667 568 775 sed,
584 693 629 754 ut
643 673 752 752 aiunt
762 669 936 776 antiqui,
953 663 1100 778 lepram
1112 665 1190 748 esse
1201 663 1251 750 ad
1266 662 1430 748 morbos
1442 663 1621 778 psorieos
1633 657 1912 774 ablegandum

476 787 531 870 ita
555 809 599 865 ut
621 782 787 894 pruritus
808 783 910 862 cutis
930 805 1050 888 quem
1070 775 1092 860 b
1113 776 1300 862 salsedine
1316 773 1518 860 derivabat
1536 773 1737 879 Galenus,
1762 771 1913 882 dequo

475 893 673 1092 ,paraq
686 887 1352 1086 ²ss⁰¹⁰s55szisb“⁸t¹i²r¹ssr
1368 884 1912 1086 issssbsbbsffl

477 1035 648 1204 dibbbnbc
668 1034 759 1202 asblo
780 1032 904 1230 'grbdu
923 1115 1080 1200 diversis
1095 1031 1219 1214 ςμηαω
1237 1112 1431 1220 scabiem,
1447 1114 1474 1196 ss
1489 1111 1541 1202 ab,
1553 1112 1706 1195 insessis
1724 1027 1911 1225 pengdeat‚

477 1231 555 1315 haic
576 1234 617 1311 in
641 1226 743 1312 scald
768 1255 973 1338 numerare
994 1228 1116 1312 nefas.
1145 1228 1449 1342 Impetiginem‚
1472 1229 1576 1342 pruri
1605 1229 1738 1328 inem,
1759 1223 1912 1338 psoram

480 1341 692 1456 &lepram
713 1338 824 1424 velut
844 1338 1017 1446 ejusdem
1037 1337 1131 1422 mali
1151 1365 1321 1450 quatuor
1340 1338 1483 1451 gradus
1498 1335 1535 1426 J.
1591 1334 1761 1420 ernelius
1778 1335 1841 1440 (b)
1855 1339 1913 1419 vir

479 1457 520 1540 in
559 1451 823 1566 intelligendis
859 1449 1083 1536 auctoribus
1119 1453 1270 1535 Gracia
1311 1453 1549 1534 acutissimus
1590 1473 1803 1553 numerat,
1850 1446 1914 1532 sed

479 1564 604 1652 mixti
638 1563 717 1670 jam
749 1593 799 1648 ex
835 1563 1012 1649 Arabum
1047 1561 1223 1647 domine
1255 1564 1491 1647 confusione
1528 1560 1677 1674 lepram
1714 1557 1834 1643 nullia
1865 1564 1914 1644 ait

481 1678 624 1762 cedere
639 1678 844 1785 remediis,
860 1685 903 1761 dc
915 1677 966 1762 de
978 1674 1061 1782 ejus
1072 1679 1276 1760 curatione
1289 1673 1432 1789 vulgus
1448 1677 1584 1779 divos,
1598 1676 1747 1783 inquit,
1768 1670 1913 1787 implo·
2077 1709 2078 1778 3

481 1819 566 1874 rare
593 1790 721 1896 solet,
755 1791 865 1900 quod
894 1817 988 1872 cum
1014 1787 1264 1904 elephantiasr
1292 1791 1527 1893 conveniat,
1557 1785 1665 1870 nulli
1689 1789 1844 1870 tatione
1868 1785 1913 1868 ad
2077 1857 2078 1860 a

481 1903 716 1986 Graecorum
730 1900 879 2016 lepram
900 1905 1093 2018 pertinere
1114 1905 1240 2018 potest
1259 1931 1378 2013 quam
1396 1902 1497 1985 adeo
1511 1899 1630 1985 facile
1648 1897 1670 1982 ὲ
1685 1898 1727 1984 se
1747 1898 1914 1984 sanamur

386 2027 389 2034 '
483 2013 661 2098 Galenus
682 2019 819 2128 arguit.

489 2195 494 2204 .
540 2129 690 2210 Verirm
715 2155 801 2210 rem
830 2126 985 2242 planam
1012 2133 1053 2210 bt
1084 2151 1257 2241 apertam
1285 2123 1579 2209 auetoritatibus
1606 2127 1754 2238 agitare
1781 2123 1914 2210 inutile
2078 2185 2079 2254 3

482 2239 548 2324 est.
579 2238 727 2332 Nullus
749 2243 803 2324 est
816 2243 884 2350 qui
900 2267 983 2321 non
995 2241 1165 2346 viderit,
1189 2241 1230 2320 in
1250 2235 1476 2321 hominibus
1497 2237 1707 2354 prasertim
1726 2267 1830 2348 quos
1854 2239 1915 2321 sua

482 2352 533 2434 ad
559 2347 785 2465 spurcitiem
804 2358 893 2436 virae
912 2351 1066 2466 redegit
1086 2355 1241 2468 inopia,
1268 2349 1409 2435 similes
1432 2353 1473 2432 in
1492 2375 1585 2435 cute
1605 2351 1710 2434 nasci
1731 2353 1813 2435 sine
1832 2348 1911 2436 ullo

483 2467 663 2548 humoris
678 2467 787 2548 exitu
806 2491 1007 2570 tumores,
1056 2493 1171 2550 arvos
1191 2467 1361 2579 primbm
1381 2487 1499 2572 atque
1522 2465 1813 2578 pruriginosoe,
1833 2487 1911 2548 tac·
2079 2505 2080 2546 r

484 2579 543 2661 tui
558 2576 729 2691 asperos,
745 2579 954 2662 humorem
965 2495 1120 2661 nubium
1135 2577 1359 2682 fundentes,
1371 2573 1507 2659 saltem
1520 2580 1590 2687 qui
1603 2577 1645 2660 se
1661 2573 1790 2662 oculis
1801 2575 1912 2660 nudie

485 2689 726 2802 deprehendi
747 2692 863 2798 srnat,
889 2689 985 2774 licet
1004 2690 1114 2800 quod
1129 2688 1238 2775 extra
1256 2691 1381 2772 cutim
1398 2687 1567 2773 solidum
1586 2713 1743 2806 apparet
1757 2697 1798 2772 bt
1819 2715 1915 2804 pro·

486 2805 613 2885 minet
630 2803 853 2888 neceffarib‘
866 2801 1033 2888 fluidum
1045 2804 1189 2888 ¹suerit.
1216 2799 1447 2886 Increscunt
1467 2799 1638 2911 sensim,
1664 2811 1705 2887 bt
1724 2799 1821 2917 sape
1842 2799 1913 2886 ali-

486 2941 607 3026 quam
632 2913 865 3001 attolluntur
892 2919 934 2998 in
961 2913 1114 3000 molem
1146 2914 1257 3000 lemae
1284 2912 1457 3030 leprosa.
1496 2915 1541 2997 Si
1559 2914 1681 3022 nimii
1707 2917 1747 3000 vi
1772 2915 1915 3000 suerint
2080 3013 2081 3028 ἴ

486 3023 655 3132 emulsa,
679 3027 908 3142 sanguinem
932 3027 981 3112 ad
993 3027 1113 3112 basrm
1128 3027 1317 3133 fundunt,
1334 3051 1595 3137 carnemque,
1613 3055 1660 3112 ut
1673 3049 1766 3113 cum
1777 3031 1915 3114 veteri·

484 3135 559 3222 bus
572 3136 739 3247 loquar,
762 3137 829 3224 seu
851 3142 983 3253 potiiu
1003 3139 1122 3224 basrm
1146 3145 1247 3226 cutis
1273 3140 1403 3226 sanam
1420 3147 1462 3224 br
1475 3139 1912 3246 rubellamostendunt,

484 3278 536 3353 ex
560 3247 637 3360 qub
661 3276 794 3335 tamen
819 3281 931 3336 novae
954 3256 1085 3335 crusta
1109 3283 1205 3338 mox
1230 3251 1494 3338 succrescunt.

543 3359 720 3466 Seiunsii
741 3361 829 3448 sunt
851 3389 970 3476 atque
996 3365 1157 3479 separati
1178 3393 1318 3452 omnes
1341 3367 1398 3448 isti
1422 3388 1598 3452 tumores
1604 3427 1619 3473 ,
1638 3365 1708 3452 -sed
1728 3365 1798 3450 etst
1822 3363 1915 3482 spar-

483 3477 557 3560 eim
571 3502 781 3590 apparent,
798 3477 988 3592 sumagno
1005 3505 1172 3562 numero
1187 3481 1312 3562 cutim
1331 3505 1551 3593 occupant,
1567 3479 1676 3564 certe
1698 3479 1914 3564 monstroso
2042 3521 2048 3544 ι

485 3585 655 3701 aspestu'
672 3613 858 3697 terrent,
891 3591 1100 3706 presertim
1131 3590 1200 3676 ubi
1230 3591 1376 3676 faciem
1411 3595 1706 3706 occupaverint.
1744 3593 1916 3677 Pruritue

485 3703 659 3784 enormis
685 3699 802 3784 basam
828 3710 871 3787 &
896 3702 1100 3791 intervalla
1129 3707 1339 3790 crustatum
1368 3707 1422 3788 ita
1452 3731 1648 3824 occupat,
1682 3732 1728 3788 ut
1759 3709 1915 3791 nobem

486 3812 710 3897 insomnem
738 3815 884 3900 ducere
911 3821 958 3902 iia
990 3815 1145 3902 necesse
1174 3819 1243 3924 stt,
1274 3815 1388 3904 autb
1413 3816 1556 3923 somno
1585 3815 1916 3932 expergesabiiab

483 3921 592 4059 lesio
609 3924 811 4060 prosrlire‚
829 3929 1022 4124 pracipub
1031 3992 1047 4036 ,
1068 3955 1233 4014 notante
1246 3929 1407 4062 Gaseno
1427 3936 1485 4034 (c)
1495 3993 1510 4036 ,
1532 3931 1559 4013 st
1582 3935 1623 4014 in
1643 3929 1754 4014 diaetd
1773 3930 1914 4014 fuerint

484 4036 1916 4270 interemerintnn‘interrtinnierunt,

486 4261 598 4344 itaut
615 4261 763 4348 abbrili
780 4263 983 4354 laborandi
1001 4265 1137 4352 babitu
1157 4267 1236 4350 sese
1257 4269 1297 4349 in
1313 4268 1566 4383 turpissrmam
1584 4270 1918 4354 mendicationem

486 4369 680 4484 projicere
704 4405 909 4490 cogantur.
948 4383 1068 4470 Odor
1096 4385 1137 4464 in
1168 4383 1250 4464 ho'c
1277 4379 1393 4498 leprae
1422 4407 1568 4495 genere
1595 4379 1727 4468 nullus
1754 4383 1824 4468 nist
1843 4380 1921 4464 fra·

485 4481 597 4568 cidus
614 4493 655 4569 br
670 4486 848 4574 sordibus
864 4493 1063 4581 familiaris
1073 4557 1089 4605 ‚
1107 4501 1149 4580 ὅ(
1164 4501 1205 4580 in
1218 4519 1309 4579 toto
1324 4493 1478 4605 morbi,
1491 4493 1721 4610 longissimo
1736 4494 1920 4608 quidem,

524 4675 584 4748 (a)
609 4673 698 4737 Libris
719 4682 818 4744 cintia.

524 4753 584 4836 (b)
608 4754 672 4820 Lib.
696 4778 735 4828 7,
757 4779 814 4842 cap.
837 4783 866 4834 4.

523 4837 587 4920 (c)
608 4834 659 4899 De
680 4837 785 4922 Sympt.
803 4841 887 4907 caus.
908 4844 957 4909 lib.
974 4864 1002 4924 3.
