4188 5916
651 385 1142 488 CUTANEIS
1548 387 1748 512 qffi‘·

190 555 268 644 elle
291 557 530 664 cathartica,
556 554 625 644 sed
649 585 748 673 opus
777 556 855 644 else
876 556 1029 644 deledu
1057 551 1247 668 exquisrto
1261 613 1276 662 ,
1301 557 1386 642 thm
1410 556 1454 642 ln
1481 586 1628 673 corpo·

187 671 294 758 ribus
311 671 453 784 quibus
468 670 537 756 illa
557 699 736 790 aptantur
750 674 804 757 ita
820 671 1076 790 praeparandis
1086 732 1100 777 ,
1125 695 1171 756 ut
1187 671 1290 781 quast
1306 667 1470 783 aliquod
1486 677 1628 760 cache·

193 791 266 872 xiae
281 791 484 901 vestigium
498 815 567 902 per
582 814 705 872 artem
715 785 926 872 lnducatur
934 849 948 895 ,
965 783 1175 898 antequitm
1185 787 1473 872 vehementiori
1488 789 1639 874 affloni

192 895 443 1015 exponantur
467 905 694 1015 aegri,ti1m
717 900 813 1017 sape
842 899 889 984 ab
916 931 941 984 o
971 929 1036 986 ere
1061 898 1310 1012 cessandum,
1337 929 1387 987 ne
1411 904 1515 989 vites
1537 902 1631 987 indb

187 1014 352 1126 aliquod
376 1018 572 1129 accipiant
592 1016 884 1101 detrimentum.
910 934 1020 1098 lilim
1043 1013 1203 1099 demum
1221 1015 1514 1130 providendum
1531 1045 1636 1123 νεη-ἡ

187 1127 338 1212 triculo
358 1136 399 1214 ὃ(
417 1130 632 1235 intestinis,
653 1158 704 1213 ne
726 1125 889 1240 aliquod
908 1130 1217 1212 inflammatoriae
1236 1133 1461 1217 irritationis
1476 1135 1630 1248 fignum

152 1335 155 1340 ,
186 1245 230 1327 in
251 1233 453 1356 pellimam
477 1242 650 1352 degener
675 1267 739 1328 eat
763 1240 990 1358 phlogosrm
1003 1306 1017 1349 ,
1051 1271 1101 1326 ne
1130 1246 1250 1328 etiam
1279 1247 1425 1329 irritata
1453 1249 1631 1332 intestina

166 1447 170 1458 ,
188 1356 355 1440 cauterii
373 1355 506 1438 vicem
526 1353 699 1468 praestent
709 1413 725 1460 ,
746 1358 788 1434 dt
805 1352 1047 1436 demrbatah
1095 1355 1221 1434 ristintl
1239 1359 1330 1436 sede
1348 1365 1530 1447 materies
1549 1363 1633 1470 ipsa

188 1467 350 1554 invadat
382 1465 662 1551 &infeliciter
692 1491 866 1580 occupet
879 1527 895 1573 ,
928 1461 1034 1548 unde
1061 1388 1358 1578 liuppurationes
1386 1463 1500 1552 lentae
1531 1497 1631 1554 exo·

189 1587 338 1666 riantur
352 1580 658 1692 dysenteriaeque
671 1577 909 1696 purulenta,
925 1603 1044 1688 atque
1059 1575 1219 1664 demltm
1241 1575 1350 1664 tabes
1373 1581 1495 1665 finem
1516 1581 1630 1670 malis

187 1693 448 1780 metuendum
467 1696 660 1809 imponat.

247 1807 327 1891 His
341 1811 593 1922 ptaemonitus
613 1805 800 1891 Medicus
822 1803 871 1890 ad
891 1803 1275 1890 medicamentorum
1298 1811 1549 1921 purgantium
1567 1809 1629 1894 se-

190 1919 340 2006 leuum
365 1920 404 2005 se
425 1924 621 2034 accinget.
648 1921 768 2004 Dosrs
789 1921 889 2003 aetati
901 1982 916 2027 ,
937 1918 1044 2003 sexui
1060 1947 1237 2031 congrua
1253 1925 1355 2028 erit,
1383 1919 1546 2032 qualitas
1561 1923 1629 2010 seu
1678 1989 1681 1995 -

192 2033 360 2118 facultas
376 2035 655 2120 medicamenti
669 2031 813 2117 morbo
830 2037 902 2138 (o).
927 2033 982 2116 Pe
1011 2031 1109 2114 lium
1128 2029 1459 2145 helleborumque
1480 2040 1630 2147 antiqui

191 2145 452 2262 srmpliciores
487 2147 589 2232 solas
627 2145 697 2231 srbi
732 2151 912 2260 cognitas
946 2063 1167 2228 substantias
1199 2147 1240 2228 in
1272 2148 1383 2231 usum
1408 2152 1628 2259 vocavbre,

190 2261 483 2346 medicamenta
512 2259 620 2345 certe
648 2256 947 2346 eminentilhmb
974 2257 1172 2362 resinosa,
1205 2261 1245 2340 δι
1273 2288 1358 2368 quat
1386 2261 1435 2344 ad
1462 2261 1627 2350 morbos
1691 2295 1703 2302 ·

192 2377 295 2458 cutis
316 2377 461 2458 virtute
483 2399 666 2486 potenter
691 2370 871 2456 solvente
889 2369 1004 2453 fimul
1025 2379 1066 2455 dt
1088 2367 1267 2454 alteranti
1287 2374 1511 2457 conserunt.
1535 2378 1629 2460 Nec

192 2485 300 2570 aliud
316 2490 391 2571 iter
405 2486 561 2598 ingrelst
578 2485 666 2568 sunt
685 2487 950 2590 recentiores,
966 2485 1035 2566 nist
1054 2481 1163 2595 quod
1179 2482 1353 2596 ipsorum
1374 2486 1463 2570 ante
1485 2487 1628 2575 oculos

192 2627 337 2682 naturae
363 2599 509 2684 divitiis
536 2594 805 2712 multiplicatis
828 2594 959 2712 plures
995 2598 1231 2679 emicuerint
1264 2600 1416 2706 resana,
1452 2596 1627 2716 jalappa,

195 2711 516 2819 scammonium,
546 2709 835 2822 colocynthis,
867 2712 1046 2793 cucumis
1074 2706 1293 2819 sylvestris,
1328 2710 1393 2794 seu
1423 2711 1627 2798 elaterium

192 2829 470 2936 antiquorum,
487 2851 533 2909 ut
549 2822 725 2932 videtur,
742 2820 930 2940 peplium.
949 2821 1049 2905 Haec
1067 2825 1173 2906 enim
1194 2824 1330 2906 omnia
1350 2831 1391 2908 δι
1411 2823 1485 2907 alia
1505 2826 1643 2912 multa·

194 2937 379 3056 potenter
394 2937 527 3024 alvum
542 2941 594 3022 ita
608 2964 805 3044 vacuant,
827 2962 873 3020 ut
891 2935 1096 3021 videantur
1115 2963 1165 3018 ex
1187 2933 1372 3020 omnibus
1394 2939 1514 3022 totius
1536 2971 1629 3025 cot-

195 3057 302 3168 poris
327 3050 498 3167 partibus
521 3055 708 3137 humores
733 3053 775 3134 in
796 3054 878 3134 hoc
902 3050 1005 3159 quali
1031 3074 1212 3134 centrum
1238 3051 1453 3135 confluere.

251 3168 401 3251 Verbm
422 3174 514 3251 ciam
536 3163 774 3284 impollrbile
794 3165 838 3247 stt
856 3189 900 3246 ut
920 3161 998 3246 und
1012 3166 1103 3246 vice
1117 3161 1318 3246 universus
1336 3165 1481 3248 humor
1496 3166 1630 3252 morbi

195 3280 352 3363 causam
384 3284 621 3364 constituens
652 3303 871 3382 vacuetur,
899 3273 992 3359 talia
1024 3291 1154 3360 autem
1185 3277 1315 3358 iterari
1346 3279 1518 3363 remedia
1550 3283 1629 3366 sme

195 3397 348 3507 ingenti
376 3397 518 3478 virium
548 3392 752 3507 dispendio
785 3420 869 3475 non
903 3389 1073 3505 poffint,
1103 3393 1196 3471 chm
1226 3391 1448 3502 promiscue
1477 3390 1629 3480 alibiles

196 3535 325 3622 partes
350 3505 426 3590 unb
451 3537 544 3591 cum
573 3507 833 3590 excrementis
859 3528 1100 3607 vacuentur,
1131 3501 1209 3616 ipsa
1239 3501 1393 3586 medica
1417 3507 1629 3593 methodus

196 3619 361 3704 edocuit
381 3648 464 3702 rem
485 3623 632 3731 partitis
646 3617 798 3703 vicibus
813 3615 997 3731 aggredi,
1018 3622 1059 3698 u
1083 3640 1292 3698 venenatas
1307 3641 1435 3732 partes
1460 3619 1631 3704 medica-

192 3755 427 3816 mentorum
450 3732 504 3812 ita
529 3729 611 3813 dos1
636 3729 796 3814 refrashi
817 3727 1066 3814 irritabilitati
1091 3729 1223 3810 nostra
1250 3755 1379 3844 aptate
1391 3791 1405 3837 ,
1430 3735 1485 3820 ita
1506 3758 1631 3817 mate-

197 3849 298 3930 riam
349 3867 557 3956 raepatare,
582 3868 627 3925 ut
649 3841 671 3925 ὲ
695 3845 872 3957 corporis
896 3838 1128 3925 humoribus
1152 3844 1308 3928 tenuior
1332 3840 1399 3932 ille
1426 3846 1495 3940 fiat
1513 3871 1630 3958 atque
1723 3869 1726 3879 ·

198 3872 391 4041 mobilbr
407 3981 526 4066 quem
545 3983 713 4040 vacuare
737 3983 795 4038 ars
822 3955 1001 4040 intendit.
1029 3955 1184 4066 Quod,
1213 3958 1390 4066 quamvis
1418 3953 1629 4066 aliquando

200 4069 400 4154 fraudetur
423 4069 625 4176 succellu,
651 4065 831 4183 poffibile
851 4069 958 4178 esse,
983 4077 1086 4152 &ex
1107 4095 1216 4173 arte,
1234 4068 1495 4151 demonstratu
1512 4071 1631 4160 facile

201 4187 266 4268 est.
291 4181 399 4266 Nam
426 4187 468 4266 in
500 4180 612 4290 hujus
636 4187 804 4270 materia
822 4186 974 4268 nocivae
995 4185 1314 4296 praparationem
1339 4179 1630 4271 adhibentur&

200 4291 420 4412 plantarum
434 4297 737 4410 saponacearum
747 4297 949 4382 evidenter
960 4293 1157 4378 solventes
1167 4292 1290 4398 succi,
1308 4300 1348 4375 dt
1363 4301 1513 4406 gummi
1526 4299 1631 4413 sapa«
1778 4387 1784 4394 ,

201 4437 352 4517 natea,
380 4417 421 4493 δι
449 4411 602 4524 saponis
628 4411 687 4494 vis
707 4409 875 4491 solvens.
901 4409 992 4488 Imb
1019 4407 1236 4488 mercurius
1263 4406 1344 4520 ipse
1372 4417 1660 4524 praeparatorii,¹

202 4522 483 4607 medicamenti
519 4519 676 4606 titulum
711 4519 781 4602 fibi
815 4517 899 4625 jure
935 4517 1136 4625 vindicat,
1175 4545 1220 4602 ut
1249 4521 1289 4601 in
1322 4524 1631 4634 praecedentibus

203 4637 432 4744 methodis,
459 4635 480 4717 ὲ
501 4637 640 4744 quibus
659 4630 936 4718 tantummodo
957 4630 1087 4714 differt
1106 4634 1172 4715 ista
1189 4636 1492 4720 catharticorum
1511 4638 1632 4722 admi-

173 4791 176 4804 ·
201 4752 396 4856 nistratio,
426 4749 536 4860 qubd
558 4754 598 4832 in
623 4743 872 4865 praeexpostti
892 4731 1201 4831 sudotiferotum
1218 4746 1532 4838 adhibendorum
1550 4778 1631 4838 me-
1731 4811 1735 4817 .

242 4891 298 4962 (a)
322 4883 363 4950 V·
382 4883 520 4968 Hippocr.
538 4883 573 4944 de
590 4883 703 4954 Veraui
721 4883 788 4952 usus
807 4883 842 4945 de
860 4879 992 4944 vetuendi
1013 4881 1130 4948 tatieoe.
1684 4893 1687 4900 “
