<?xml version="1.0" encoding="UTF-8"?>
<!DOCTYPE html PUBLIC "-//W3C//DTD XHTML 1.0 Transitional//EN"
    "http://www.w3.org/TR/xhtml1/DTD/xhtml1-transitional.dtd">
<html xmlns="http://www.w3.org/1999/xhtml" xml:lang="en" lang="en">
 <head>
  <title>
</title>
<meta http-equiv="Content-Type" content="text/html;charset=utf-8" />
  <meta name='ocr-system' content='tesseract 3.04.00' />
  <meta name='ocr-capabilities' content='ocr_page ocr_carea ocr_par ocr_line ocrx_word'/>
</head>
<body>
  <div class='ocr_page' id='page_1' title='image "./tractatusdemorb00cavegoog_0621.png"; bbox 0 0 4250 5898; ppageno 0'>
   <div class='ocr_carea' id='block_1_1' title="bbox 713 439 1664 560">
    <p class='ocr_par' dir='ltr' id='par_1_1' title="bbox 713 439 1664 560">
     <span class='ocr_line' id='line_1_1' title="bbox 713 439 1664 560; baseline 0.011 -32"><span class='ocrx_word' id='word_1_1' title='bbox 713 439 1197 530; x_wconf 71' lang='lat' dir='ltr'>corruere-</span> <span class='ocrx_word' id='word_1_2' title='bbox 1585 450 1664 560; x_wconf 74' lang='lat' dir='ltr'>r03</span> 
     </span>
    </p>
   </div>
   <div class='ocr_carea' id='block_1_2' title="bbox 237 593 1667 1062">
    <p class='ocr_par' dir='ltr' id='par_1_2' title="bbox 237 593 1667 1062">
     <span class='ocr_line' id='line_1_2' title="bbox 239 593 1667 712; baseline 0.011 -30"><span class='ocrx_word' id='word_1_3' title='bbox 239 597 308 707; x_wconf 86' lang='lat' dir='ltr'>qni</span> <span class='ocrx_word' id='word_1_4' title='bbox 332 593 532 684; x_wconf 82' lang='lat' dir='ltr'>laboribus</span> <span class='ocrx_word' id='word_1_5' title='bbox 562 606 842 688; x_wconf 80' lang='lat' dir='ltr'>exhauriuntur</span> <span class='ocrx_word' id='word_1_6' title='bbox 855 671 868 712; x_wconf 89' lang='lat'>,</span> <span class='ocrx_word' id='word_1_7' title='bbox 894 613 935 689; x_wconf 77' lang='lat' dir='ltr'>dt</span> <span class='ocrx_word' id='word_1_8' title='bbox 965 609 1233 692; x_wconf 83' lang='lat' dir='ltr'>conficiuntur</span> <span class='ocrx_word' id='word_1_9' title='bbox 1265 608 1377 694; x_wconf 88' lang='lat' dir='ltr'>curis.</span> <span class='ocrx_word' id='word_1_10' title='bbox 1404 606 1554 696; x_wconf 82' lang='lat' dir='ltr'>Verbm</span> <span class='ocrx_word' id='word_1_11' title='bbox 1582 615 1667 697; x_wconf 86' lang='lat' dir='ltr'>haec</span> 
     </span>
     <span class='ocr_line' id='line_1_3' title="bbox 239 714 1664 829; baseline 0.013 -39"><span class='ocrx_word' id='word_1_12' title='bbox 239 714 373 793; x_wconf 89' lang='lat' dir='ltr'>omnia</span> <span class='ocrx_word' id='word_1_13' title='bbox 393 715 484 794; x_wconf 81' lang='lat' dir='ltr'>cbm</span> <span class='ocrx_word' id='word_1_14' title='bbox 506 741 556 797; x_wconf 88' lang='lat' dir='ltr'>ex</span> <span class='ocrx_word' id='word_1_15' title='bbox 576 739 718 797; x_wconf 81' lang='lat' dir='ltr'>naturae</span> <span class='ocrx_word' id='word_1_16' title='bbox 737 719 876 800; x_wconf 87' lang='lat' dir='ltr'>ordine</span> <span class='ocrx_word' id='word_1_17' title='bbox 896 721 1012 825; x_wconf 85' lang='lat' dir='ltr'>hant,</span> <span class='ocrx_word' id='word_1_18' title='bbox 1035 744 1160 828; x_wconf 87' lang='lat' dir='ltr'>eaque</span> <span class='ocrx_word' id='word_1_19' title='bbox 1182 719 1300 800; x_wconf 90' lang='lat' dir='ltr'>etiam</span> <span class='ocrx_word' id='word_1_20' title='bbox 1322 722 1428 829; x_wconf 73' lang='lat' dir='ltr'>aque</span> <span class='ocrx_word' id='word_1_21' title='bbox 1450 724 1664 810; x_wconf 80' lang='lat' dir='ltr'>necellarib</span> 
     </span>
     <span class='ocr_line' id='line_1_4' title="bbox 238 826 1665 943; baseline 0.013 -40"><span class='ocrx_word' id='word_1_22' title='bbox 238 826 377 905; x_wconf 89' lang='lat' dir='ltr'>contin</span> <span class='ocrx_word' id='word_1_23' title='bbox 407 850 472 906; x_wconf 92' lang='lat' dir='ltr'>ant</span> <span class='ocrx_word' id='word_1_24' title='bbox 500 833 616 934; x_wconf 81' lang='lat' dir='ltr'>atque</span> <span class='ocrx_word' id='word_1_25' title='bbox 640 827 815 912; x_wconf 72' lang='lat' dir='ltr'>senedus</span> <span class='ocrx_word' id='word_1_26' title='bbox 841 830 947 943; x_wconf 90' lang='lat' dir='ltr'>ipsa,</span> <span class='ocrx_word' id='word_1_27' title='bbox 974 828 1072 912; x_wconf 88' lang='lat' dir='ltr'>nihil</span> <span class='ocrx_word' id='word_1_28' title='bbox 1104 833 1157 914; x_wconf 89' lang='lat' dir='ltr'>est</span> <span class='ocrx_word' id='word_1_29' title='bbox 1184 857 1303 940; x_wconf 91' lang='lat' dir='ltr'>quare</span> <span class='ocrx_word' id='word_1_30' title='bbox 1329 832 1483 917; x_wconf 89' lang='lat' dir='ltr'>Medici</span> <span class='ocrx_word' id='word_1_31' title='bbox 1510 835 1665 922; x_wconf 86' lang='lat' dir='ltr'>allabo-</span> 
     </span>
     <span class='ocr_line' id='line_1_5' title="bbox 237 855 1664 1062; baseline 0.013 -48"><span class='ocrx_word' id='word_1_32' title='bbox 237 939 326 1017; x_wconf 88' lang='lat' dir='ltr'>rent</span> <span class='ocrx_word' id='word_1_33' title='bbox 347 855 499 1020; x_wconf 76' lang='lat' dir='ltr'>adhaec</span> <span class='ocrx_word' id='word_1_34' title='bbox 520 937 721 1045; x_wconf 88' lang='lat' dir='ltr'>tollenda,</span> <span class='ocrx_word' id='word_1_35' title='bbox 746 942 843 1024; x_wconf 89' lang='lat' dir='ltr'>sreo</span> <span class='ocrx_word' id='word_1_36' title='bbox 865 945 1027 1026; x_wconf 91' lang='lat' dir='ltr'>nomine</span> <span class='ocrx_word' id='word_1_37' title='bbox 1050 942 1168 1055; x_wconf 83' lang='lat' dir='ltr'>digna</span> <span class='ocrx_word' id='word_1_38' title='bbox 1191 942 1297 1048; x_wconf 89' lang='lat' dir='ltr'>sunt,</span> <span class='ocrx_word' id='word_1_39' title='bbox 1323 944 1427 1024; x_wconf 86' lang='lat' dir='ltr'>vitia.</span> <span class='ocrx_word' id='word_1_40' title='bbox 1457 946 1544 1030; x_wconf 78' lang='lat' dir='ltr'>Into</span> <span class='ocrx_word' id='word_1_41' title='bbox 1567 980 1664 1062; x_wconf 84' lang='lat' dir='ltr'>prae-</span> 
     </span>
    </p>
   </div>
   <div class='ocr_carea' id='block_1_3' title="bbox 236 1049 1665 1578">
    <p class='ocr_par' dir='ltr' id='par_1_3' title="bbox 236 1049 1665 1578">
     <span class='ocr_line' id='line_1_6' title="bbox 238 1049 1663 1162; baseline 0.011 -34"><span class='ocrx_word' id='word_1_42' title='bbox 238 1071 432 1130; x_wconf 88' lang='lat' dir='ltr'>maturam</span> <span class='ocrx_word' id='word_1_43' title='bbox 468 1049 654 1134; x_wconf 85' lang='lat' dir='ltr'>canitiem</span> <span class='ocrx_word' id='word_1_44' title='bbox 688 1076 805 1162; x_wconf 87' lang='lat' dir='ltr'>atque</span> <span class='ocrx_word' id='word_1_45' title='bbox 847 1051 1044 1138; x_wconf 78' lang='lat' dir='ltr'>calvitiem</span> <span class='ocrx_word' id='word_1_46' title='bbox 1086 1053 1267 1137; x_wconf 86' lang='lat' dir='ltr'>remediis</span> <span class='ocrx_word' id='word_1_47' title='bbox 1309 1079 1459 1142; x_wconf 86' lang='lat' dir='ltr'>tentate</span> <span class='ocrx_word' id='word_1_48' title='bbox 1498 1064 1663 1144; x_wconf 80' lang='lat' dir='ltr'>omninb</span> 
     </span>
     <span class='ocr_line' id='line_1_7' title="bbox 238 1154 1664 1278; baseline 0.011 -40"><span class='ocrx_word' id='word_1_49' title='bbox 238 1154 583 1272; x_wconf 65' lang='lat' dir='ltr'>supervacaneum,</span> <span class='ocrx_word' id='word_1_50' title='bbox 611 1163 746 1247; x_wconf 84' lang='lat' dir='ltr'>Primb</span> <span class='ocrx_word' id='word_1_51' title='bbox 772 1164 881 1275; x_wconf 80' lang='lat' dir='ltr'>quod</span> <span class='ocrx_word' id='word_1_52' title='bbox 905 1162 1119 1250; x_wconf 90' lang='lat' dir='ltr'>levioribus</span> <span class='ocrx_word' id='word_1_53' title='bbox 1144 1167 1309 1278; x_wconf 87' lang='lat' dir='ltr'>ingeniis</span> <span class='ocrx_word' id='word_1_54' title='bbox 1335 1163 1484 1248; x_wconf 89' lang='lat' dir='ltr'>leviora</span> <span class='ocrx_word' id='word_1_55' title='bbox 1503 1169 1568 1250; x_wconf 89' lang='lat' dir='ltr'>ista</span> <span class='ocrx_word' id='word_1_56' title='bbox 1586 1171 1664 1253; x_wconf 86' lang='lat' dir='ltr'>lin-</span> 
     </span>
     <span class='ocr_line' id='line_1_8' title="bbox 240 1270 1665 1412; baseline 0.011 -62"><span class='ocrx_word' id='word_1_57' title='bbox 240 1270 396 1378; x_wconf 89' lang='lat' dir='ltr'>quenda</span> <span class='ocrx_word' id='word_1_58' title='bbox 424 1274 509 1357; x_wconf 83' lang='lat' dir='ltr'>sant.</span> <span class='ocrx_word' id='word_1_59' title='bbox 549 1273 606 1357; x_wconf 86' lang='lat'>2⁰.</span> <span class='ocrx_word' id='word_1_60' title='bbox 641 1275 767 1384; x_wconf 80' lang='lat' dir='ltr'>Qubd</span> <span class='ocrx_word' id='word_1_61' title='bbox 802 1303 851 1359; x_wconf 85' lang='lat' dir='ltr'>ex</span> <span class='ocrx_word' id='word_1_62' title='bbox 886 1279 1065 1362; x_wconf 88' lang='lat' dir='ltr'>remediis</span> <span class='ocrx_word' id='word_1_63' title='bbox 1095 1281 1245 1412; x_wconf 79' lang='lat' dir='ltr'>ingenti</span> <span class='ocrx_word' id='word_1_64' title='bbox 1280 1305 1445 1360; x_wconf 89' lang='lat' dir='ltr'>numero</span> <span class='ocrx_word' id='word_1_65' title='bbox 1477 1275 1525 1360; x_wconf 90' lang='lat' dir='ltr'>ad</span> <span class='ocrx_word' id='word_1_66' title='bbox 1557 1281 1665 1366; x_wconf 90' lang='lat' dir='ltr'>hunc</span> 
     </span>
     <span class='ocr_line' id='line_1_9' title="bbox 236 1379 1665 1578; baseline 0.01 -116"><span class='ocrx_word' id='word_1_67' title='bbox 236 1379 404 1494; x_wconf 90' lang='lat' dir='ltr'>scopum</span> <span class='ocrx_word' id='word_1_68' title='bbox 429 1385 533 1578; x_wconf 78' lang='lat' dir='ltr'>ppud</span> <span class='ocrx_word' id='word_1_69' title='bbox 557 1384 732 1494; x_wconf 89' lang='lat' dir='ltr'>Arabas,</span> <span class='ocrx_word' id='word_1_70' title='bbox 763 1385 1115 1497; x_wconf 68' lang='lat' dir='ltr'>Graeco-Arabas,</span> <span class='ocrx_word' id='word_1_71' title='bbox 1143 1393 1225 1473; x_wconf 84' lang='lat' dir='ltr'>rmb</span> <span class='ocrx_word' id='word_1_72' title='bbox 1252 1390 1555 1474; x_wconf 85' lang='lat' dir='ltr'>&amp;recentiores</span> <span class='ocrx_word' id='word_1_73' title='bbox 1582 1387 1665 1496; x_wconf 85' lang='lat' dir='ltr'>jac·</span> 
     </span>
    </p>
   </div>
   <div class='ocr_carea' id='block_1_4' title="bbox 231 1495 1807 4948">
    <p class='ocr_par' dir='ltr' id='par_1_4' title="bbox 235 1495 1666 2022">
     <span class='ocr_line' id='line_1_10' title="bbox 237 1495 1665 1616; baseline 0.008 -41"><span class='ocrx_word' id='word_1_74' title='bbox 237 1495 356 1598; x_wconf 87' lang='lat' dir='ltr'>tatis,</span> <span class='ocrx_word' id='word_1_75' title='bbox 375 1522 427 1576; x_wconf 90' lang='lat' dir='ltr'>nu</span> <span class='ocrx_word' id='word_1_76' title='bbox 461 1529 528 1579; x_wconf 93' lang='lat' dir='ltr'>um</span> <span class='ocrx_word' id='word_1_77' title='bbox 539 1499 694 1584; x_wconf 88' lang='lat' dir='ltr'>videam</span> <span class='ocrx_word' id='word_1_78' title='bbox 710 1503 776 1583; x_wconf 88' lang='lat' dir='ltr'>cui</span> <span class='ocrx_word' id='word_1_79' title='bbox 789 1500 855 1586; x_wconf 93' lang='lat' dir='ltr'>vel</span> <span class='ocrx_word' id='word_1_80' title='bbox 866 1499 993 1585; x_wconf 91' lang='lat' dir='ltr'>levior</span> <span class='ocrx_word' id='word_1_81' title='bbox 1007 1502 1102 1585; x_wconf 89' lang='lat' dir='ltr'>fides</span> <span class='ocrx_word' id='word_1_82' title='bbox 1118 1500 1294 1586; x_wconf 87' lang='lat' dir='ltr'>adhiberi</span> <span class='ocrx_word' id='word_1_83' title='bbox 1309 1497 1436 1616; x_wconf 90' lang='lat' dir='ltr'>pollit.</span> <span class='ocrx_word' id='word_1_84' title='bbox 1463 1501 1519 1604; x_wconf 81' lang='lat'>3⁰.</span> <span class='ocrx_word' id='word_1_85' title='bbox 1538 1501 1665 1611; x_wconf 82' lang='lat' dir='ltr'>Quod</span> 
     </span>
     <span class='ocr_line' id='line_1_11' title="bbox 236 1605 1665 1726; baseline 0.006 -38"><span class='ocrx_word' id='word_1_86' title='bbox 236 1631 288 1688; x_wconf 88' lang='lat' dir='ltr'>ex</span> <span class='ocrx_word' id='word_1_87' title='bbox 303 1605 349 1689; x_wconf 89' lang='lat' dir='ltr'>iis</span> <span class='ocrx_word' id='word_1_88' title='bbox 370 1635 452 1718; x_wconf 81' lang='lat' dir='ltr'>qua</span> <span class='ocrx_word' id='word_1_89' title='bbox 471 1608 610 1694; x_wconf 90' lang='lat' dir='ltr'>salsum</span> <span class='ocrx_word' id='word_1_90' title='bbox 631 1610 782 1724; x_wconf 85' lang='lat' dir='ltr'>capillis</span> <span class='ocrx_word' id='word_1_91' title='bbox 802 1613 983 1698; x_wconf 90' lang='lat' dir='ltr'>colorem</span> <span class='ocrx_word' id='word_1_92' title='bbox 1005 1610 1285 1698; x_wconf 85' lang='lat' dir='ltr'>adscribunt&amp;</span> <span class='ocrx_word' id='word_1_93' title='bbox 1306 1613 1477 1695; x_wconf 91' lang='lat' dir='ltr'>adhunc</span> <span class='ocrx_word' id='word_1_94' title='bbox 1499 1613 1665 1726; x_wconf 89' lang='lat' dir='ltr'>scopum</span> 
     </span>
     <span class='ocr_line' id='line_1_12' title="bbox 235 1712 1666 1836; baseline 0.008 -38"><span class='ocrx_word' id='word_1_95' title='bbox 235 1712 259 1799; x_wconf 73' lang='grc' dir='ltr'>ὲ</span> <span class='ocrx_word' id='word_1_96' title='bbox 287 1717 530 1806; x_wconf 89' lang='lat' dir='ltr'>mulierculis</span> <span class='ocrx_word' id='word_1_97' title='bbox 551 1725 824 1832; x_wconf 86' lang='lat' dir='ltr'>venditantur,</span> <span class='ocrx_word' id='word_1_98' title='bbox 853 1725 1006 1809; x_wconf 79' lang='lat' dir='ltr'>trullum</span> <span class='ocrx_word' id='word_1_99' title='bbox 1030 1725 1140 1833; x_wconf 73' lang='lat' dir='ltr'>sere,</span> <span class='ocrx_word' id='word_1_100' title='bbox 1167 1726 1235 1808; x_wconf 84' lang='lat' dir='ltr'>nist</span> <span class='ocrx_word' id='word_1_101' title='bbox 1259 1725 1443 1807; x_wconf 88' lang='lat' dir='ltr'>inefficax</span> <span class='ocrx_word' id='word_1_102' title='bbox 1467 1725 1666 1836; x_wconf 70' lang='lat' dir='ltr'>predicari</span> 
     </span>
     <span class='ocr_line' id='line_1_13' title="bbox 238 1829 1665 2022; baseline 0.008 -112"><span class='ocrx_word' id='word_1_103' title='bbox 238 1831 377 2022; x_wconf 78' lang='lat' dir='ltr'>pplht,</span> <span class='ocrx_word' id='word_1_104' title='bbox 402 1860 468 1917; x_wconf 93' lang='lat' dir='ltr'>aut</span> <span class='ocrx_word' id='word_1_105' title='bbox 483 1829 621 1930; x_wconf 63' lang='lat' dir='ltr'>saltam</span> <span class='ocrx_word' id='word_1_106' title='bbox 641 1837 751 1949; x_wconf 91' lang='lat' dir='ltr'>quod</span> <span class='ocrx_word' id='word_1_107' title='bbox 773 1867 855 1922; x_wconf 89' lang='lat' dir='ltr'>non</span> <span class='ocrx_word' id='word_1_108' title='bbox 879 1838 1040 1950; x_wconf 88' lang='lat' dir='ltr'>aliquod</span> <span class='ocrx_word' id='word_1_109' title='bbox 1064 1840 1195 1922; x_wconf 90' lang='lat' dir='ltr'>secum</span> <span class='ocrx_word' id='word_1_110' title='bbox 1221 1841 1408 1952; x_wconf 90' lang='lat' dir='ltr'>importet</span> <span class='ocrx_word' id='word_1_111' title='bbox 1431 1834 1665 1950; x_wconf 89' lang='lat' dir='ltr'>periculum.</span> 
     </span>
    </p>

    <p class='ocr_par' dir='ltr' id='par_1_5' title="bbox 231 1942 1672 3949">
     <span class='ocr_line' id='line_1_14' title="bbox 278 1942 1666 2065; baseline 0.005 -42"><span class='ocrx_word' id='word_1_112' title='bbox 278 1942 355 2025; x_wconf 76' lang='lat' dir='ltr'>nde</span> <span class='ocrx_word' id='word_1_113' title='bbox 377 1944 477 2028; x_wconf 82' lang='lat' dir='ltr'>scrib</span> <span class='ocrx_word' id='word_1_114' title='bbox 496 1949 685 2033; x_wconf 87' lang='lat' dir='ltr'>monendi</span> <span class='ocrx_word' id='word_1_115' title='bbox 708 1951 796 2032; x_wconf 91' lang='lat' dir='ltr'>sunt</span> <span class='ocrx_word' id='word_1_116' title='bbox 814 1953 881 2059; x_wconf 92' lang='lat' dir='ltr'>qui</span> <span class='ocrx_word' id='word_1_117' title='bbox 903 1977 978 2065; x_wconf 86' lang='lat' dir='ltr'>prae</span> <span class='ocrx_word' id='word_1_118' title='bbox 998 1948 1094 2034; x_wconf 75' lang='lat' dir='ltr'>falsa</span> <span class='ocrx_word' id='word_1_119' title='bbox 1117 1952 1287 2034; x_wconf 90' lang='lat' dir='ltr'>vanitate</span> <span class='ocrx_word' id='word_1_120' title='bbox 1305 1948 1541 2030; x_wconf 71' lang='lat' dir='ltr'>seneslutem</span> <span class='ocrx_word' id='word_1_121' title='bbox 1561 1949 1666 2030; x_wconf 84' lang='lat' dir='ltr'>dilst-</span> 
     </span>
     <span class='ocr_line' id='line_1_15' title="bbox 236 2053 1667 2172; baseline 0.006 -38"><span class='ocrx_word' id='word_1_122' title='bbox 236 2053 389 2137; x_wconf 88' lang='lat' dir='ltr'>mulare</span> <span class='ocrx_word' id='word_1_123' title='bbox 417 2057 622 2172; x_wconf 86' lang='lat' dir='ltr'>satagunt,</span> <span class='ocrx_word' id='word_1_124' title='bbox 662 2087 707 2145; x_wconf 94' lang='lat' dir='ltr'>ut</span> <span class='ocrx_word' id='word_1_125' title='bbox 744 2060 791 2144; x_wconf 88' lang='lat' dir='ltr'>ab</span> <span class='ocrx_word' id='word_1_126' title='bbox 828 2060 906 2146; x_wconf 93' lang='lat' dir='ltr'>illis</span> <span class='ocrx_word' id='word_1_127' title='bbox 942 2087 1119 2170; x_wconf 80' lang='lat' dir='ltr'>caveant.</span> <span class='ocrx_word' id='word_1_128' title='bbox 1155 2061 1224 2142; x_wconf 87' lang='lat' dir='ltr'>Sic</span> <span class='ocrx_word' id='word_1_129' title='bbox 1258 2059 1466 2142; x_wconf 84' lang='lat' dir='ltr'>oleum&amp;</span> <span class='ocrx_word' id='word_1_130' title='bbox 1501 2061 1667 2142; x_wconf 73' lang='lat' dir='ltr'>tinelura</span> 
     </span>
     <span class='ocr_line' id='line_1_16' title="bbox 234 2166 1666 2282; baseline 0.005 -36"><span class='ocrx_word' id='word_1_131' title='bbox 234 2193 322 2272; x_wconf 88' lang='lat' dir='ltr'>quae</span> <span class='ocrx_word' id='word_1_132' title='bbox 338 2166 386 2248; x_wconf 89' lang='lat' dir='ltr'>ab</span> <span class='ocrx_word' id='word_1_133' title='bbox 400 2173 585 2255; x_wconf 85' lang='lat' dir='ltr'>exteriori</span> <span class='ocrx_word' id='word_1_134' title='bbox 601 2201 746 2254; x_wconf 90' lang='lat' dir='ltr'>nucum</span> <span class='ocrx_word' id='word_1_135' title='bbox 763 2176 915 2257; x_wconf 86' lang='lat' dir='ltr'>cortice</span> <span class='ocrx_word' id='word_1_136' title='bbox 927 2200 1147 2282; x_wconf 87' lang='lat' dir='ltr'>quaeruntur</span> <span class='ocrx_word' id='word_1_137' title='bbox 1163 2200 1244 2252; x_wconf 90' lang='lat' dir='ltr'>non</span> <span class='ocrx_word' id='word_1_138' title='bbox 1258 2199 1376 2282; x_wconf 85' lang='lat' dir='ltr'>agunt</span> <span class='ocrx_word' id='word_1_139' title='bbox 1387 2171 1666 2253; x_wconf 69' lang='lat' dir='ltr'>tantummode</span> 
     </span>
     <span class='ocr_line' id='line_1_17' title="bbox 234 2277 1665 2394; baseline 0.004 -36"><span class='ocrx_word' id='word_1_140' title='bbox 234 2279 291 2385; x_wconf 85' lang='lat' dir='ltr'>lly</span> <span class='ocrx_word' id='word_1_141' title='bbox 319 2277 397 2360; x_wconf 74' lang='lat' dir='ltr'>tici</span> <span class='ocrx_word' id='word_1_142' title='bbox 422 2289 463 2364; x_wconf 75' lang='lat' dir='ltr'>dt</span> <span class='ocrx_word' id='word_1_143' title='bbox 485 2282 718 2367; x_wconf 70' lang='lat' dir='ltr'>adstridorist</span> <span class='ocrx_word' id='word_1_144' title='bbox 743 2289 911 2387; x_wconf 90' lang='lat' dir='ltr'>virtute,</span> <span class='ocrx_word' id='word_1_145' title='bbox 939 2284 1047 2390; x_wconf 90' lang='lat' dir='ltr'>quod</span> <span class='ocrx_word' id='word_1_146' title='bbox 1070 2280 1146 2386; x_wconf 87' lang='lat' dir='ltr'>jam</span> <span class='ocrx_word' id='word_1_147' title='bbox 1171 2308 1239 2394; x_wconf 91' lang='lat' dir='ltr'>pet</span> <span class='ocrx_word' id='word_1_148' title='bbox 1264 2281 1303 2362; x_wconf 92' lang='lat' dir='ltr'>se</span> <span class='ocrx_word' id='word_1_149' title='bbox 1326 2283 1514 2360; x_wconf 88' lang='lat' dir='ltr'>nocivum</span> <span class='ocrx_word' id='word_1_150' title='bbox 1536 2280 1665 2387; x_wconf 87' lang='lat' dir='ltr'>foret,</span> 
     </span>
     <span class='ocr_line' id='line_1_18' title="bbox 235 2305 1667 2475; baseline 0.003 -6"><span class='ocrx_word' id='word_1_151' title='bbox 235 2305 317 2470; x_wconf 78' lang='lat' dir='ltr'>sed</span> <span class='ocrx_word' id='word_1_152' title='bbox 334 2391 498 2472; x_wconf 75' lang='lat' dir='ltr'>causticis</span> <span class='ocrx_word' id='word_1_153' title='bbox 525 2397 643 2475; x_wconf 90' lang='lat' dir='ltr'>etiam</span> <span class='ocrx_word' id='word_1_154' title='bbox 673 2403 713 2474; x_wconf 77' lang='grc' dir='ltr'>ὃ(</span> <span class='ocrx_word' id='word_1_155' title='bbox 740 2419 872 2474; x_wconf 90' lang='lat' dir='ltr'>cutem</span> <span class='ocrx_word' id='word_1_156' title='bbox 897 2391 1095 2475; x_wconf 86' lang='lat' dir='ltr'>adurente.</span> <span class='ocrx_word' id='word_1_157' title='bbox 1126 2391 1238 2473; x_wconf 92' lang='lat' dir='ltr'>Idem</span> <span class='ocrx_word' id='word_1_158' title='bbox 1259 2391 1308 2472; x_wconf 91' lang='lat' dir='ltr'>de</span> <span class='ocrx_word' id='word_1_159' title='bbox 1336 2387 1506 2472; x_wconf 85' lang='lat' dir='ltr'>alumine</span> <span class='ocrx_word' id='word_1_160' title='bbox 1530 2390 1667 2474; x_wconf 88' lang='lat' dir='ltr'>dicen-</span> 
     </span>
     <span class='ocr_line' id='line_1_19' title="bbox 237 2497 1668 2616; baseline 0.003 -35"><span class='ocrx_word' id='word_1_161' title='bbox 237 2497 356 2610; x_wconf 77' lang='lat' dir='ltr'>dum,</span> <span class='ocrx_word' id='word_1_162' title='bbox 373 2500 479 2583; x_wconf 90' lang='lat' dir='ltr'>idem</span> <span class='ocrx_word' id='word_1_163' title='bbox 492 2502 541 2585; x_wconf 91' lang='lat' dir='ltr'>de</span> <span class='ocrx_word' id='word_1_164' title='bbox 556 2499 772 2616; x_wconf 89' lang='lat' dir='ltr'>plumbeis,</span> <span class='ocrx_word' id='word_1_165' title='bbox 795 2503 861 2585; x_wconf 90' lang='lat' dir='ltr'>seu</span> <span class='ocrx_word' id='word_1_166' title='bbox 880 2502 1084 2585; x_wconf 89' lang='lat' dir='ltr'>saturninis</span> <span class='ocrx_word' id='word_1_167' title='bbox 1104 2500 1180 2584; x_wconf 90' lang='lat' dir='ltr'>illis</span> <span class='ocrx_word' id='word_1_168' title='bbox 1201 2503 1418 2614; x_wconf 90' lang='lat' dir='ltr'>pharmacis</span> <span class='ocrx_word' id='word_1_169' title='bbox 1438 2529 1520 2610; x_wconf 86' lang='lat' dir='ltr'>quae</span> <span class='ocrx_word' id='word_1_170' title='bbox 1542 2505 1668 2585; x_wconf 89' lang='lat' dir='ltr'>maxi-</span> 
     </span>
     <span class='ocr_line' id='line_1_20' title="bbox 235 2609 1667 2727; baseline 0.005 -36"><span class='ocrx_word' id='word_1_171' title='bbox 235 2639 343 2692; x_wconf 89' lang='lat' dir='ltr'>mam</span> <span class='ocrx_word' id='word_1_172' title='bbox 358 2610 616 2698; x_wconf 87' lang='lat' dir='ltr'>formularum</span> <span class='ocrx_word' id='word_1_173' title='bbox 632 2641 779 2727; x_wconf 89' lang='lat' dir='ltr'>partem</span> <span class='ocrx_word' id='word_1_174' title='bbox 796 2611 967 2727; x_wconf 87' lang='lat' dir='ltr'>explent.</span> <span class='ocrx_word' id='word_1_175' title='bbox 995 2613 1123 2722; x_wconf 88' lang='lat' dir='ltr'>Quod</span> <span class='ocrx_word' id='word_1_176' title='bbox 1138 2617 1235 2696; x_wconf 81' lang='lat' dir='ltr'>verb</span> <span class='ocrx_word' id='word_1_177' title='bbox 1252 2614 1452 2722; x_wconf 89' lang='lat' dir='ltr'>speciatim</span> <span class='ocrx_word' id='word_1_178' title='bbox 1468 2609 1667 2697; x_wconf 88' lang='lat' dir='ltr'>calvitiem</span> 
     </span>
     <span class='ocr_line' id='line_1_21' title="bbox 236 2721 1667 2837; baseline 0.001 -33"><span class='ocrx_word' id='word_1_179' title='bbox 236 2721 401 2837; x_wconf 67' lang='lat' dir='ltr'>spedat,</span> <span class='ocrx_word' id='word_1_180' title='bbox 426 2723 549 2808; x_wconf 92' lang='lat' dir='ltr'>multa</span> <span class='ocrx_word' id='word_1_181' title='bbox 570 2725 898 2809; x_wconf 87' lang='lat' dir='ltr'>circumferuntur</span> <span class='ocrx_word' id='word_1_182' title='bbox 915 2723 1089 2835; x_wconf 70' lang='lat' dir='ltr'>undique</span> <span class='ocrx_word' id='word_1_183' title='bbox 1103 2749 1262 2837; x_wconf 92' lang='lat' dir='ltr'>pomata</span> <span class='ocrx_word' id='word_1_184' title='bbox 1277 2729 1317 2804; x_wconf 73' lang='lat' dir='ltr'>dt</span> <span class='ocrx_word' id='word_1_185' title='bbox 1337 2738 1561 2835; x_wconf 79' lang='lat' dir='ltr'>unguenta,</span> <span class='ocrx_word' id='word_1_186' title='bbox 1583 2754 1667 2833; x_wconf 77' lang='lat' dir='ltr'>qua</span> 
     </span>
     <span class='ocr_line' id='line_1_22' title="bbox 237 2832 1668 2950; baseline 0.001 -33"><span class='ocrx_word' id='word_1_187' title='bbox 237 2832 380 2947; x_wconf 89' lang='lat' dir='ltr'>puellis</span> <span class='ocrx_word' id='word_1_188' title='bbox 410 2835 626 2920; x_wconf 78' lang='lat' dir='ltr'>admodum</span> <span class='ocrx_word' id='word_1_189' title='bbox 665 2836 1005 2920; x_wconf 89' lang='lat' dir='ltr'>commendantur.</span> <span class='ocrx_word' id='word_1_190' title='bbox 1047 2837 1115 2920; x_wconf 89' lang='lat' dir='ltr'>Sic</span> <span class='ocrx_word' id='word_1_191' title='bbox 1154 2861 1359 2950; x_wconf 88' lang='lat' dir='ltr'>pomarum</span> <span class='ocrx_word' id='word_1_192' title='bbox 1398 2835 1506 2944; x_wconf 91' lang='lat' dir='ltr'>quod</span> <span class='ocrx_word' id='word_1_193' title='bbox 1540 2836 1585 2916; x_wconf 88' lang='lat' dir='ltr'>lit</span> <span class='ocrx_word' id='word_1_194' title='bbox 1617 2863 1668 2919; x_wconf 81' lang='lat' dir='ltr'>ex</span> 
     </span>
     <span class='ocr_line' id='line_1_23' title="bbox 232 2946 1668 3058; baseline 0.002 -32"><span class='ocrx_word' id='word_1_195' title='bbox 232 2946 369 3027; x_wconf 79' lang='lat' dir='ltr'>urfino</span> <span class='ocrx_word' id='word_1_196' title='bbox 412 2947 526 3031; x_wconf 86' lang='lat' dir='ltr'>adie</span> <span class='ocrx_word' id='word_1_197' title='bbox 564 2948 655 3031; x_wconf 75' lang='lat' dir='ltr'>inde</span> <span class='ocrx_word' id='word_1_198' title='bbox 723 2950 934 3031; x_wconf 84' lang='lat' dir='ltr'>otilsrmlrm</span> <span class='ocrx_word' id='word_1_199' title='bbox 972 2948 1127 3046; x_wconf 81' lang='lat' dir='ltr'>videtur</span> <span class='ocrx_word' id='word_1_200' title='bbox 1152 2951 1313 3032; x_wconf 89' lang='lat' dir='ltr'>virtutes</span> <span class='ocrx_word' id='word_1_201' title='bbox 1352 2947 1526 3058; x_wconf 90' lang='lat' dir='ltr'>recipere</span> <span class='ocrx_word' id='word_1_202' title='bbox 1559 2947 1668 3056; x_wconf 81' lang='lat' dir='ltr'>qubd</span> 
     </span>
     <span class='ocr_line' id='line_1_24' title="bbox 237 2977 1669 3172; baseline 0.002 -33"><span class='ocrx_word' id='word_1_203' title='bbox 237 3057 348 3139; x_wconf 88' lang='lat' dir='ltr'>ursus</span> <span class='ocrx_word' id='word_1_204' title='bbox 377 2977 644 3171; x_wconf 66' lang='lat' dir='ltr'>pilodlsrmum</span> <span class='ocrx_word' id='word_1_205' title='bbox 681 2979 725 3142; x_wconf 63' lang='lat' dir='ltr'>lb</span> <span class='ocrx_word' id='word_1_206' title='bbox 755 3059 924 3166; x_wconf 91' lang='lat' dir='ltr'>animal,</span> <span class='ocrx_word' id='word_1_207' title='bbox 961 3061 1064 3144; x_wconf 78' lang='lat' dir='ltr'>unde</span> <span class='ocrx_word' id='word_1_208' title='bbox 1091 3060 1139 3142; x_wconf 90' lang='lat' dir='ltr'>ad</span> <span class='ocrx_word' id='word_1_209' title='bbox 1169 3057 1272 3172; x_wconf 92' lang='lat' dir='ltr'>pilos</span> <span class='ocrx_word' id='word_1_210' title='bbox 1296 3057 1575 3170; x_wconf 90' lang='lat' dir='ltr'>producendos</span> <span class='ocrx_word' id='word_1_211' title='bbox 1599 3060 1669 3172; x_wconf 82' lang='lat' dir='ltr'>ipli</span> 
     </span>
     <span class='ocr_line' id='line_1_25' title="bbox 238 3164 1668 3284; baseline 0.001 -37"><span class='ocrx_word' id='word_1_212' title='bbox 238 3164 385 3277; x_wconf 54' lang='lat' dir='ltr'>aliqua⁴</span> <span class='ocrx_word' id='word_1_213' title='bbox 407 3171 637 3284; x_wconf 90' lang='lat' dir='ltr'>supponitur</span> <span class='ocrx_word' id='word_1_214' title='bbox 669 3175 805 3255; x_wconf 88' lang='lat' dir='ltr'>virtus.</span> <span class='ocrx_word' id='word_1_215' title='bbox 849 3171 962 3255; x_wconf 93' lang='lat' dir='ltr'>Idem</span> <span class='ocrx_word' id='word_1_216' title='bbox 998 3172 1048 3256; x_wconf 92' lang='lat' dir='ltr'>de</span> <span class='ocrx_word' id='word_1_217' title='bbox 1082 3171 1240 3284; x_wconf 85' lang='lat' dir='ltr'>glirium</span> <span class='ocrx_word' id='word_1_218' title='bbox 1277 3168 1391 3282; x_wconf 86' lang='lat' dir='ltr'>adipe</span> <span class='ocrx_word' id='word_1_219' title='bbox 1422 3166 1668 3274; x_wconf 91' lang='lat' dir='ltr'>dicendum,</span> 
     </span>
     <span class='ocr_line' id='line_1_26' title="bbox 236 3278 1670 3398; baseline 0.001 -36"><span class='ocrx_word' id='word_1_220' title='bbox 236 3279 349 3389; x_wconf 93' lang='lat' dir='ltr'>quod</span> <span class='ocrx_word' id='word_1_221' title='bbox 369 3282 461 3364; x_wconf 81' lang='lat' dir='ltr'>ideo</span> <span class='ocrx_word' id='word_1_222' title='bbox 482 3283 711 3396; x_wconf 75' lang='lat' dir='ltr'>praedicatur</span> <span class='ocrx_word' id='word_1_223' title='bbox 735 3283 842 3393; x_wconf 81' lang='lat' dir='ltr'>quod</span> <span class='ocrx_word' id='word_1_224' title='bbox 860 3288 935 3367; x_wconf 86' lang='lat' dir='ltr'>istis</span> <span class='ocrx_word' id='word_1_225' title='bbox 954 3311 1023 3398; x_wconf 90' lang='lat' dir='ltr'>per</span> <span class='ocrx_word' id='word_1_226' title='bbox 1048 3286 1230 3393; x_wconf 87' lang='lat' dir='ltr'>hyemem</span> <span class='ocrx_word' id='word_1_227' title='bbox 1256 3278 1385 3391; x_wconf 91' lang='lat' dir='ltr'>plures</span> <span class='ocrx_word' id='word_1_228' title='bbox 1406 3278 1475 3392; x_wconf 92' lang='lat' dir='ltr'>pili</span> <span class='ocrx_word' id='word_1_229' title='bbox 1500 3279 1670 3363; x_wconf 73' lang='lat' dir='ltr'>luceres</span> 
     </span>
     <span class='ocr_line' id='line_1_27' title="bbox 237 3391 1668 3505; baseline -0.001 -32"><span class='ocrx_word' id='word_1_230' title='bbox 237 3417 345 3475; x_wconf 88' lang='lat' dir='ltr'>cant.</span> <span class='ocrx_word' id='word_1_231' title='bbox 382 3392 459 3476; x_wconf 91' lang='lat' dir='ltr'>His</span> <span class='ocrx_word' id='word_1_232' title='bbox 480 3393 607 3499; x_wconf 78' lang='lat' dir='ltr'>certe,</span> <span class='ocrx_word' id='word_1_233' title='bbox 638 3395 814 3505; x_wconf 86' lang='lat' dir='ltr'>sraliqua</span> <span class='ocrx_word' id='word_1_234' title='bbox 838 3399 960 3479; x_wconf 91' lang='lat' dir='ltr'>virtus</span> <span class='ocrx_word' id='word_1_235' title='bbox 988 3396 1102 3500; x_wconf 79' lang='lat' dir='ltr'>insit,</span> <span class='ocrx_word' id='word_1_236' title='bbox 1136 3393 1227 3498; x_wconf 75' lang='lat' dir='ltr'>inde</span> <span class='ocrx_word' id='word_1_237' title='bbox 1258 3391 1467 3503; x_wconf 88' lang='lat' dir='ltr'>repetenda</span> <span class='ocrx_word' id='word_1_238' title='bbox 1493 3392 1668 3498; x_wconf 88' lang='lat' dir='ltr'>videtur,</span> 
     </span>
     <span class='ocr_line' id='line_1_28' title="bbox 231 3499 1668 3620; baseline 0.001 -36"><span class='ocrx_word' id='word_1_239' title='bbox 231 3502 348 3611; x_wconf 86' lang='lat' dir='ltr'>qubd</span> <span class='ocrx_word' id='word_1_240' title='bbox 366 3506 520 3589; x_wconf 87' lang='lat' dir='ltr'>ariditas</span> <span class='ocrx_word' id='word_1_241' title='bbox 536 3506 708 3590; x_wconf 89' lang='lat' dir='ltr'>calvitiei</span> <span class='ocrx_word' id='word_1_242' title='bbox 721 3533 766 3590; x_wconf 94' lang='lat' dir='ltr'>ut</span> <span class='ocrx_word' id='word_1_243' title='bbox 778 3499 989 3620; x_wconf 83' lang='lat' dir='ltr'>plurimbm</span> <span class='ocrx_word' id='word_1_244' title='bbox 1007 3513 1047 3586; x_wconf 76' lang='lat' dir='ltr'>bt</span> <span class='ocrx_word' id='word_1_245' title='bbox 1064 3505 1177 3587; x_wconf 89' lang='lat' dir='ltr'>causa</span> <span class='ocrx_word' id='word_1_246' title='bbox 1189 3511 1230 3584; x_wconf 73' lang='grc' dir='ltr'>ὅ(</span> <span class='ocrx_word' id='word_1_247' title='bbox 1246 3529 1382 3584; x_wconf 88' lang='lat' dir='ltr'>comes</span> <span class='ocrx_word' id='word_1_248' title='bbox 1398 3502 1442 3582; x_wconf 88' lang='lat' dir='ltr'>lit</span> <span class='ocrx_word' id='word_1_249' title='bbox 1459 3533 1470 3599; x_wconf 79' lang='lat'>3</span> <span class='ocrx_word' id='word_1_250' title='bbox 1488 3501 1668 3608; x_wconf 75' lang='lat' dir='ltr'>adeoque</span> 
     </span>
     <span class='ocr_line' id='line_1_29' title="bbox 235 3613 1669 3726; baseline -0.002 -29"><span class='ocrx_word' id='word_1_251' title='bbox 235 3619 333 3697; x_wconf 79' lang='lat' dir='ltr'>ciam</span> <span class='ocrx_word' id='word_1_252' title='bbox 345 3613 420 3698; x_wconf 83' lang='lat' dir='ltr'>illa</span> <span class='ocrx_word' id='word_1_253' title='bbox 470 3645 633 3721; x_wconf 89' lang='lat' dir='ltr'>erpetuo</span> <span class='ocrx_word' id='word_1_254' title='bbox 658 3619 729 3699; x_wconf 90' lang='lat' dir='ltr'>usu</span> <span class='ocrx_word' id='word_1_255' title='bbox 748 3644 881 3700; x_wconf 91' lang='lat' dir='ltr'>cutem</span> <span class='ocrx_word' id='word_1_256' title='bbox 903 3620 1127 3698; x_wconf 78' lang='lat' dir='ltr'>humeslare</span> <span class='ocrx_word' id='word_1_257' title='bbox 1147 3639 1235 3695; x_wconf 90' lang='lat' dir='ltr'>nata</span> <span class='ocrx_word' id='word_1_258' title='bbox 1256 3614 1348 3716; x_wconf 78' lang='lat' dir='ltr'>sint,</span> <span class='ocrx_word' id='word_1_259' title='bbox 1375 3638 1541 3721; x_wconf 88' lang='lat' dir='ltr'>eamque</span> <span class='ocrx_word' id='word_1_260' title='bbox 1565 3616 1669 3726; x_wconf 89' lang='lat' dir='ltr'>tepi-</span> 
     </span>
     <span class='ocr_line' id='line_1_30' title="bbox 235 3719 1672 3839; baseline 0 -31"><span class='ocrx_word' id='word_1_261' title='bbox 235 3725 361 3808; x_wconf 90' lang='lat' dir='ltr'>ditate</span> <span class='ocrx_word' id='word_1_262' title='bbox 385 3727 551 3835; x_wconf 87' lang='lat' dir='ltr'>quadam</span> <span class='ocrx_word' id='word_1_263' title='bbox 575 3719 738 3810; x_wconf 82' lang='lat' dir='ltr'>foveant</span> <span class='ocrx_word' id='word_1_264' title='bbox 750 3788 763 3832; x_wconf 93' lang='lat'>,</span> <span class='ocrx_word' id='word_1_265' title='bbox 796 3725 1009 3809; x_wconf 91' lang='lat' dir='ltr'>bulborum</span> <span class='ocrx_word' id='word_1_266' title='bbox 1032 3751 1185 3810; x_wconf 85' lang='lat' dir='ltr'>textum</span> <span class='ocrx_word' id='word_1_267' title='bbox 1211 3723 1369 3839; x_wconf 78' lang='lat' dir='ltr'>poliunt</span> <span class='ocrx_word' id='word_1_268' title='bbox 1395 3725 1512 3806; x_wconf 90' lang='lat' dir='ltr'>etiam</span> <span class='ocrx_word' id='word_1_269' title='bbox 1538 3725 1672 3810; x_wconf 80' lang='lat' dir='ltr'>humi·-¹</span> 
     </span>
     <span class='ocr_line' id='line_1_31' title="bbox 233 3836 1237 3949; baseline 0.003 -30"><span class='ocrx_word' id='word_1_270' title='bbox 233 3836 395 3919; x_wconf 90' lang='lat' dir='ltr'>diorem</span> <span class='ocrx_word' id='word_1_271' title='bbox 415 3837 575 3943; x_wconf 84' lang='lat' dir='ltr'>facere,</span> <span class='ocrx_word' id='word_1_272' title='bbox 602 3845 643 3920; x_wconf 72' lang='grc' dir='ltr'>ὅ(</span> <span class='ocrx_word' id='word_1_273' title='bbox 666 3842 769 3949; x_wconf 83' lang='lat' dir='ltr'>quast</span> <span class='ocrx_word' id='word_1_274' title='bbox 790 3842 967 3922; x_wconf 87' lang='lat' dir='ltr'>irrorare.</span> <span class='ocrx_word' id='word_1_275' title='bbox 1234 3930 1237 3935; x_wconf 18' lang='lat' dir='ltr'><em>f</em></span> 
     </span>
    </p>

    <p class='ocr_par' dir='ltr' id='par_1_6' title="bbox 235 3945 1807 4948">
     <span class='ocr_line' id='line_1_32' title="bbox 297 3945 1671 4063; baseline 0.006 -35"><span class='ocrx_word' id='word_1_276' title='bbox 297 3947 412 4031; x_wconf 74' lang='lat' dir='ltr'>Unde</span> <span class='ocrx_word' id='word_1_277' title='bbox 438 3975 483 4032; x_wconf 94' lang='lat' dir='ltr'>ut</span> <span class='ocrx_word' id='word_1_278' title='bbox 512 3953 719 4062; x_wconf 86' lang='lat' dir='ltr'>cognitum</span> <span class='ocrx_word' id='word_1_279' title='bbox 749 3953 874 4034; x_wconf 85' lang='lat' dir='ltr'>estiis</span> <span class='ocrx_word' id='word_1_280' title='bbox 904 3955 1030 4032; x_wconf 80' lang='lat' dir='ltr'>minias</span> <span class='ocrx_word' id='word_1_281' title='bbox 1059 3945 1241 4063; x_wconf 75' lang='lat' dir='ltr'>prompte</span> <span class='ocrx_word' id='word_1_282' title='bbox 1269 3945 1467 4030; x_wconf 87' lang='lat' dir='ltr'>calvitiem</span> <span class='ocrx_word' id='word_1_283' title='bbox 1497 3948 1671 4035; x_wconf 89' lang='lat' dir='ltr'>incidere</span> 
     </span>
     <span class='ocr_line' id='line_1_33' title="bbox 235 4057 1671 4170; baseline 0.003 -30"><span class='ocrx_word' id='word_1_284' title='bbox 235 4064 309 4170; x_wconf 93' lang='lat' dir='ltr'>qui</span> <span class='ocrx_word' id='word_1_285' title='bbox 327 4061 549 4145; x_wconf 90' lang='lat' dir='ltr'>humidiora</span> <span class='ocrx_word' id='word_1_286' title='bbox 569 4058 727 4144; x_wconf 91' lang='lat' dir='ltr'>climata</span> <span class='ocrx_word' id='word_1_287' title='bbox 745 4062 953 4168; x_wconf 87' lang='lat' dir='ltr'>incolunt,</span> <span class='ocrx_word' id='word_1_288' title='bbox 982 4089 1053 4146; x_wconf 89' lang='lat' dir='ltr'>eos</span> <span class='ocrx_word' id='word_1_289' title='bbox 1074 4061 1212 4144; x_wconf 70' lang='lat' dir='ltr'>contri</span> <span class='ocrx_word' id='word_1_290' title='bbox 1233 4057 1452 4141; x_wconf 88' lang='lat' dir='ltr'>calvescere</span> <span class='ocrx_word' id='word_1_291' title='bbox 1470 4059 1583 4142; x_wconf 85' lang='lat' dir='ltr'>citihs</span> <span class='ocrx_word' id='word_1_292' title='bbox 1603 4062 1671 4170; x_wconf 89' lang='lat' dir='ltr'>qui</span> 
     </span>
     <span class='ocr_line' id='line_1_34' title="bbox 235 4170 1673 4284; baseline 0.001 -30"><span class='ocrx_word' id='word_1_293' title='bbox 235 4172 429 4256; x_wconf 89' lang='lat' dir='ltr'>aridiores</span> <span class='ocrx_word' id='word_1_294' title='bbox 452 4171 570 4256; x_wconf 91' lang='lat' dir='ltr'>locos</span> <span class='ocrx_word' id='word_1_295' title='bbox 593 4171 790 4280; x_wconf 86' lang='lat' dir='ltr'>habitant,</span> <span class='ocrx_word' id='word_1_296' title='bbox 812 4172 964 4255; x_wconf 91' lang='lat' dir='ltr'>nullum</span> <span class='ocrx_word' id='word_1_297' title='bbox 985 4177 1037 4256; x_wconf 89' lang='lat' dir='ltr'>est</span> <span class='ocrx_word' id='word_1_298' title='bbox 1056 4170 1218 4255; x_wconf 88' lang='lat' dir='ltr'>dubium</span> <span class='ocrx_word' id='word_1_299' title='bbox 1239 4173 1333 4278; x_wconf 91' lang='lat' dir='ltr'>quin</span> <span class='ocrx_word' id='word_1_300' title='bbox 1353 4171 1614 4284; x_wconf 74' lang='lat' dir='ltr'>humeslantia</span> <span class='ocrx_word' id='word_1_301' title='bbox 1628 4179 1673 4256; x_wconf 73' lang='lat' dir='ltr'>bt</span> 
     </span>
     <span class='ocr_line' id='line_1_35' title="bbox 237 4279 1672 4395; baseline 0 -29"><span class='ocrx_word' id='word_1_302' title='bbox 237 4282 430 4366; x_wconf 89' lang='lat' dir='ltr'>diluemia</span> <span class='ocrx_word' id='word_1_303' title='bbox 451 4283 654 4367; x_wconf 77' lang='lat' dir='ltr'>moderate</span> <span class='ocrx_word' id='word_1_304' title='bbox 678 4290 789 4368; x_wconf 77' lang='lat' dir='ltr'>extus</span> <span class='ocrx_word' id='word_1_305' title='bbox 813 4284 985 4366; x_wconf 86' lang='lat' dir='ltr'>adhibita</span> <span class='ocrx_word' id='word_1_306' title='bbox 996 4345 1009 4388; x_wconf 89' lang='lat'><em>‚</em></span> <span class='ocrx_word' id='word_1_307' title='bbox 1037 4287 1174 4395; x_wconf 89' lang='lat' dir='ltr'>capitis</span> <span class='ocrx_word' id='word_1_308' title='bbox 1194 4279 1337 4362; x_wconf 83' lang='lat' dir='ltr'>assidua</span> <span class='ocrx_word' id='word_1_309' title='bbox 1357 4283 1568 4394; x_wconf 88' lang='lat' dir='ltr'>coopertio</span> <span class='ocrx_word' id='word_1_310' title='bbox 1588 4281 1672 4366; x_wconf 88' lang='lat' dir='ltr'>cal-</span> 
     </span>
     <span class='ocr_line' id='line_1_36' title="bbox 236 4389 1673 4506; baseline 0 -27"><span class='ocrx_word' id='word_1_311' title='bbox 236 4397 380 4479; x_wconf 91' lang='lat' dir='ltr'>vitiem</span> <span class='ocrx_word' id='word_1_312' title='bbox 417 4395 560 4506; x_wconf 89' lang='lat' dir='ltr'>polsmt</span> <span class='ocrx_word' id='word_1_313' title='bbox 593 4394 773 4499; x_wconf 89' lang='lat' dir='ltr'>tardare,</span> <span class='ocrx_word' id='word_1_314' title='bbox 801 4393 958 4505; x_wconf 76' lang='lat' dir='ltr'>ejusque</span> <span class='ocrx_word' id='word_1_315' title='bbox 990 4393 1209 4506; x_wconf 83' lang='lat' dir='ltr'>progressus</span> <span class='ocrx_word' id='word_1_316' title='bbox 1241 4389 1442 4474; x_wconf 89' lang='lat' dir='ltr'>cohibete.</span> <span class='ocrx_word' id='word_1_317' title='bbox 1483 4391 1673 4479; x_wconf 87' lang='lat' dir='ltr'>Hominis</span> 
     </span>
     <span class='ocr_line' id='line_1_37' title="bbox 238 4501 1672 4618; baseline 0.001 -30"><span class='ocrx_word' id='word_1_318' title='bbox 238 4509 437 4613; x_wconf 83' lang='lat' dir='ltr'>enimqui</span> <span class='ocrx_word' id='word_1_319' title='bbox 460 4503 535 4610; x_wconf 80' lang='lat' dir='ltr'>jam</span> <span class='ocrx_word' id='word_1_320' title='bbox 557 4504 691 4591; x_wconf 87' lang='lat' dir='ltr'>calvus</span> <span class='ocrx_word' id='word_1_321' title='bbox 711 4504 877 4618; x_wconf 87' lang='lat' dir='ltr'>capillos</span> <span class='ocrx_word' id='word_1_322' title='bbox 894 4506 1157 4616; x_wconf 88' lang='lat' dir='ltr'>resumpserit,</span> <span class='ocrx_word' id='word_1_323' title='bbox 1172 4501 1325 4588; x_wconf 92' lang='lat' dir='ltr'>nullum</span> <span class='ocrx_word' id='word_1_324' title='bbox 1338 4501 1418 4584; x_wconf 92' lang='lat' dir='ltr'>vidi</span> <span class='ocrx_word' id='word_1_325' title='bbox 1434 4503 1672 4615; x_wconf 81' lang='lat' dir='ltr'>exemplum.</span> 
     </span>
     <span class='ocr_line' id='line_1_38' title="bbox 239 4611 1674 4732; baseline 0 -34"><span class='ocrx_word' id='word_1_326' title='bbox 239 4615 376 4698; x_wconf 86' lang='lat' dir='ltr'>Multa</span> <span class='ocrx_word' id='word_1_327' title='bbox 405 4616 564 4727; x_wconf 90' lang='lat' dir='ltr'>quidem</span> <span class='ocrx_word' id='word_1_328' title='bbox 589 4617 839 4731; x_wconf 84' lang='lat' dir='ltr'>proferuntur</span> <span class='ocrx_word' id='word_1_329' title='bbox 871 4617 973 4732; x_wconf 90' lang='lat' dir='ltr'>apud</span> <span class='ocrx_word' id='word_1_330' title='bbox 1004 4615 1273 4699; x_wconf 87' lang='lat' dir='ltr'>observatores</span> <span class='ocrx_word' id='word_1_331' title='bbox 1297 4611 1477 4727; x_wconf 90' lang='lat' dir='ltr'>exempla</span> <span class='ocrx_word' id='word_1_332' title='bbox 1497 4620 1674 4698; x_wconf 87' lang='lat' dir='ltr'>virorum</span> 
     </span>
     <span class='ocr_line' id='line_1_39' title="bbox 239 4723 1674 4844; baseline 0 -36"><span class='ocrx_word' id='word_1_333' title='bbox 239 4724 326 4808; x_wconf 76' lang='lat' dir='ltr'>fere</span> <span class='ocrx_word' id='word_1_334' title='bbox 344 4732 657 4811; x_wconf 88' lang='lat' dir='ltr'>centenariorum</span> <span class='ocrx_word' id='word_1_335' title='bbox 676 4729 816 4839; x_wconf 90' lang='lat' dir='ltr'>quibus</span> <span class='ocrx_word' id='word_1_336' title='bbox 834 4729 880 4811; x_wconf 95' lang='lat' dir='ltr'>ab</span> <span class='ocrx_word' id='word_1_337' title='bbox 899 4729 979 4844; x_wconf 74' lang='lat' dir='ltr'>ipsi</span> <span class='ocrx_word' id='word_1_338' title='bbox 1000 4725 1153 4832; x_wconf 68' lang='lat' dir='ltr'>naturfi,</span> <span class='ocrx_word' id='word_1_339' title='bbox 1181 4725 1293 4809; x_wconf 90' lang='lat' dir='ltr'>nullo</span> <span class='ocrx_word' id='word_1_340' title='bbox 1313 4730 1402 4808; x_wconf 90' lang='lat' dir='ltr'>artis</span> <span class='ocrx_word' id='word_1_341' title='bbox 1424 4723 1674 4832; x_wconf 89' lang='lat' dir='ltr'>adjumento,</span> 
     </span>
     <span class='ocr_line' id='line_1_40' title="bbox 240 4833 1807 4948; baseline 0.006 -29"><span class='ocrx_word' id='word_1_342' title='bbox 240 4833 436 4948; x_wconf 85' lang='lat' dir='ltr'>capilli&amp;</span> <span class='ocrx_word' id='word_1_343' title='bbox 451 4837 587 4924; x_wconf 88' lang='lat' dir='ltr'>dentes</span> <span class='ocrx_word' id='word_1_344' title='bbox 602 4842 690 4926; x_wconf 75' lang='lat' dir='ltr'>ante</span> <span class='ocrx_word' id='word_1_345' title='bbox 705 4845 790 4930; x_wconf 87' lang='lat' dir='ltr'>vitae</span> <span class='ocrx_word' id='word_1_346' title='bbox 805 4843 925 4927; x_wconf 88' lang='lat' dir='ltr'>finem</span> <span class='ocrx_word' id='word_1_347' title='bbox 944 4838 1247 4926; x_wconf 82' lang='lat' dir='ltr'>renascerentur.</span> <span class='ocrx_word' id='word_1_348' title='bbox 1262 4837 1447 4922; x_wconf 80' lang='lat' dir='ltr'>Imbtem</span> <span class='ocrx_word' id='word_1_349' title='bbox 1462 4839 1676 4930; x_wconf 76' lang='lat' dir='ltr'>ratiociniis</span> <span class='ocrx_word' id='word_1_350' title='bbox 1801 4877 1807 4887; x_wconf 67' lang='grc'><em>’</em></span> 
     </span>
    </p>
   </div>
   <div class='ocr_carea' id='block_1_5' title="bbox 1304 4945 1507 5062">
    <p class='ocr_par' dir='ltr' id='par_1_7' title="bbox 1304 4945 1507 5062">
     <span class='ocr_line' id='line_1_41' title="bbox 1304 4945 1507 5062; baseline -0.044 -1"><span class='ocrx_word' id='word_1_351' title='bbox 1304 4945 1507 5062; x_wconf 77' lang='lat' dir='ltr'>Gessii</span> 
     </span>
    </p>
   </div>
   <div class='ocr_carea' id='block_1_6' title="bbox 0 0 2146 5892">
    <p class='ocr_par' dir='ltr' id='par_1_8' title="bbox 0 0 2146 5892">
     <span class='ocr_line' id='line_1_42' title="bbox 0 0 2146 5892; baseline 0 0"><span class='ocrx_word' id='word_1_352' title='bbox 0 0 2146 5892; x_wconf 95' lang='lat' dir='ltr'> </span> 
     </span>
    </p>
   </div>
  </div>
 </body>
</html>
