4546 5866
798 334 838 422 C
874 332 1116 424 U'T'A'N
1143 333 1183 422 E
1214 327 1238 420 1
1269 327 1315 414 S·
1702 340 1789 448 '5⁷67

342 475 631 600 inflammatio,
664 492 782 582 febris
810 499 956 584 eodem
984 497 1135 610 gradu,
1171 492 1397 598 eidemque
1427 490 1679 578 'vehementia
1715 503 1791 608 qus

343 632 479 690 tumor
505 609 608 688 cutis
636 605 855 714 decrescit,
882 635 948 694 aut
972 609 1169 692 increscit.
1202 607 1248 686 Si
1270 628 1405 686 tamen
1427 599 1564 706 locum
1590 612 1792 714 puntiurae

333 716 588 823 lustraveris,
614 721 749 801 omnia
771 721 993 850 simpliciter
1015 715 1292 831 erysipelatosa
1312 710 1572 817 videbuntur,
1600 722 1642 794 bt
1668 747 1794 802 manu

327 825 513 946 apposttfi
533 827 656 912 rubor
676 829 894 938 evanescit,
915 856 1084 946 excepto
1104 829 1204 912 loco
1232 857 1313 937 quo
1334 824 1663 909 aculeus'infixus
1688 829 1801 932 fuit',‘

313 947 387 1026 sta
418 939 597 1024 utnulla
620 937 697 1023 alia
723 943 770 1026 stt
789 943 1027 1058 diagnostica
1048 949 1147 1025 nota
1167 939 1325 1024 morsis
1351 937 1485 1021 insecti
1497 997 1511 1043 ,
1542 937 1613 1018 nist
1643 938 1691 1020 in
1720 937 1801 1023 illo

314 1049 544 1168 punsiulO.

385 1163 657 1246 Dormientes
677 1161 786 1273 'aequb
808 1162 1112 1277 aggrediuntur,
1135 1186 1257 1272 atque
1275 1159 1527 1275 vigilantibus
1543 1155 1671 1238 infesti
1690 1156 1807 1250 sunt.

314 1275 477 1362 Vestes
498 1274 620 1387 ipsas,
641 1275 671 1355 st
690 1304 773 1358 non
795 1274 896 1358 arsid
920 1272 1116 1385 colligata
1134 1273 1305 1378 fuerint,
1330 1276 1521 1388 superant.
1543 1265 1597 1350 Et
1617 1267 1666 1348 sae
1701 1268 1725 1352 ὲ
1746 1275 1808 1359 ab

304 1415 483 1474 eorum
509 1382 700 1466 morsibus
724 1384 919 1498 palpebre
948 1387 1092 1468 mirum
1117 1385 1161 1464 in
1183 1388 1351 1471 modum
1378 1381 1628 1482 intumuere,
1690 1411 1810 1474 onec

306 1498 479 1586 calore
514 1500 632 1596 audio
660 1495 838 1581 &febre
868 1493 935 1581 vel
957 1499 1003 1583 in
1035 1520 1129 1577 toto
1159 1523 1366 1612 corpore,
1400 1493 1469 1580 vel
1497 1497 1536 1574 in
1566 1488 1653 1574 sola
1716 1525 1808 1586 arte

301 1605 542 1698 concitati
566 1629 790 1715 coquatur,
812 1634 857 1691 ut
880 1609 1012 1691 careri
1037 1607 1234 1692 humores
1256 1608 1454 1693 morbifici
1467 1669 1482 1714 ,
1505 1615 1545 1688 bt
1570 1525 1806 1714 expellatur

304 1747 554 1812 venenum.
586 1717 697 1800 Rarb
715 1745 849 1802 tamen
870 1714 974 1802 ultra
988 1739 1127 1830 cutem
1143 1715 1231 1822 ejus
1254 1722 1432 1804 efficacia
1455 1716 1682 1802 extenditur
1694 1782 1710 1824 ,
1741 1724 1802 1825 ita

305 1864 373 1924 ut
399 1835 561 1943 semper
580 1831 784 1940 prognosts
802 1829 921 1914 fausta
942 1829 1089 1910 institui
1113 1833 1256 1938 pollis,
1280 1834 1348 1915 nist
1369 1857 1502 1914 tamen
1525 1829 1671 1914 scateat
1690 1833 1808 1916 inte-.

298 1952 417 2036 sius
442 1943 579 2051 aliquo
599 1943 698 2023 vitio
718 1941 895 2024 animalis
914 1942 1184 2048 oeconomia,
1206 1969 1303 2026 tunc
1320 1947 1430 2026 enim
1453 1941 1588 2026 delatis
1608 1945 1689 2027 hirc
1709 1970 1797 2025 tan-

300 2088 464 2173 ‚quam
496 2051 518 2135 ὲ
547 2054 741 2135 vestcante
775 2051 958 2135 omnibus
988 2051 1272 2158 humoribus,
1304 2058 1432 2166 potest
1463 2065 1505 2138 dt
1531 2051 1795 2140 inflammatio

311 2162 660 2290 phlegmonodes
691 2171 732 2248 bt
764 2164 845 2276 ipsa
874 2191 1083 2274 gangrena
1117 2165 1244 2246 nasci.
1277 2167 1367 2246 Into
1397 2192 1481 2246 non
1510 2195 1635 2248 ratum
1664 2169 1792 2248 estin
1864 2187 1867 2196 ’

312 2279 570 2376 tenerioris
592 2276 880 2356 constitutionis
911 2273 1041 2386 pueris
1090 2269 1301 2382 glandulas
1339 2275 1383 2354 in
1417 2277 1610 2389 punllurae
1645 2273 1794 2358 vicinia'i

317 2394 484 2494 affici,
512 2383 617 2469 unde
639 2412 715 2496 pro
737 2411 780 2467 re
798 2383 887 2468 natal
910 2408 1099 2498 poterunt
1119 2381 1201 2464 illae
1220 2383 1539 2496 suppurationem
1561 2389 1792 2498 concipere.

392 2507 458 2588 At
481 2498 581 2582 vero
610 2520 698 2578 tota
721 2499 872 2580 curatio
905 2495 1071 2577 interior
1101 2497 1147 2574 in
1174 2492 1444 2603 diluentibus,
1466 2495 1792 2611 antiphlogisticis
1829 2539 1832 2544 ·
1861 2567 1866 2572 .

317 2609 570 2727 liquoribus
595 2610 768 2690 confistit
781 2671 795 2713 ,
824 2635 874 2692 ne
902 2604 1055 2690 crescat
1079 2604 1341 2688 inflammatio
1373 2613 1414 2687 bt
1439 2607 1600 2720 peffima
1622 2608 1795 2709 evadat,

249 2810 256 2824 ,
329 2757 390 2814 ne
428 2713 553 2809 febris
587 2722 632 2802 h
674 2720 879 2804 ardentem
914 2741 1103 2801 vertatur.
1146 2717 1330 2800 Exteribs
1358 2719 1455 2800 verb
1486 2743 1693 2826 nunquam
1729 2719 1797 2798 hic

326 2832 591 2924 admittenda
609 2856 841 2943 unguenta,
869 2853 940 2914 aut
963 2825 1053 2910 olea
1070 2854 1240 2909 rancore
1259 2827 1382 2911 cutim
1403 2830 1631 2911 inficientia.
1664 2823 1798 2911 Poscit

332 2955 486 3054 tenui,
514 2940 711 3028 saturnini
719 2940 954 3024 identidem
966 3001 978 3042 ,
1004 2937 1150 3022 vulnus
1172 2938 1311 3029 fovere
1330 2933 1538 3042 convenit,
1562 2959 1630 3020 aut
1648 2939 1800 3049 plantis

333 3053 699 3176 refrigerantibus,
733 3060 781 3135 bt
808 3050 889 3136 levi
909 3049 1163 3134 'adstrifflone
1190 3047 1343 3131 donatis
1365 3075 1448 3156 quae
1469 3048 1518 3131 ad
1544 3052 1653 3130 hunc
1686 3051 1801 3134 usum

335 3198 535 3282 tanquam
556 3166 751 3281 specifice
768 3161 997 3246 laudantur.
1023 3158 1146 3244 Tales
1165 3159 1253 3243 sunt
1295 3157 1521 3268 lantaginis,
1540 3157 1662 3261 betae,
1690 3161 1802 3244 sedo·

338 3313 438 3368 rum
464 3283 666 3367 variorum
701 3271 840 3378 solia,
878 3270 1033 3384 quibus.
1050 3299 1126 3384 prae
1164 3189 1347 3354 omnibus
1374 3267 1576 3349 excellere
1609 3271 1804 3352 videntur

341 3393 516 3509 guttula
549 3390 702 3499 aliquot
733 3384 891 3498 spiritlss
924 3381 1037 3465 alcali
1066 3379 1269 3485 volatilis,
1298 3382 1365 3490 qui
1404 3381 1557 3487 potenti
1591 3379 1631 3456 vi
1670 3377 1799 3460 resol-

344 3531 475 3590 vente
499 3502 702 3601 donatur,
761 3494 933 3607 taecipue
957 3493 1052 3575 verb
1084 3486 1133 3568 ad
1161 3495 1286 3572 cutim
1320 3486 1521 3599 appositus·
1552 3483 1677 3566 subitis
1707 3515 1799 3568 eam

348 3617 653 3726 refrigeratione
778 3605 822 3682 it.
1371 3707 1375 3714 ἢ

415 3726 483 3806 Ad
509 3727 645 3806 haecce
671 3710 851 3798 remedia
875 3708 1090 3790 referuntur
1112 3711 1247 3791 omnia
1271 3704 1339 3788 illa
1360 3729 1503 3789 arcana
1529 3700 1727 3786 venditata
1748 3703 1800 3785 ad

357 3835 512 3918 morsus
542 3831 736 3919 culicum.
765 3818 926 3931 Quibus
954 3818 1003 3900 ad
1015 3821 1322 3930 praecautionem
1351 3814 1442 3899 ante
1469 3807 1641 3924 morsum
1669 3813 1800 3894 inflic-

359 3971 447 4028 tum
472 3943 652 4030 addenda
677 3938 769 4018 sunt
799 3928 890 4014 olea
919 3929 1109 4029 odorata,
1134 3925 1295 4032 foetida,
1322 3923 1463 4034 quibus
1497 3947 1640 4028 corpus
1660 3945 1805 4016 *amant

358 4053 460 4140 intin
489 4083 554 4142 ere
569 4046 769 4152 Cara't'bae,
784 4043 870 4126 imb
886 4049 926 4125 br
941 4037 988 4122 ab
1001 4042 1048 4121 iis
1059 4041 1309 4120 remotissimi
1321 4027 1529 4145 Laplandi,
1546 4055 1646 4134 quos
1664 4054 1805 4115 tamen

360 4085 807 4278 stigidssimosubcoelo
820 4176 964 4236 vexant
972 4146 1122 4231 culices
1130 4151 1275 4227 mitum
1289 4148 1329 4223 in
1338 4139 1518 4241 modum,
1529 4143 1620 4218 ciam
1638 4136 1808 4226 laelium

358 4275 405 4358 se
431 4275 726 4364 tentrionalium
741 4271 845 4382 ripas
860 4257 1036 4342 incolant
1049 4253 1106 4337 illi
1115 4313 1129 4356 ,
1147 4261 1191 4336 bt
1204 4255 1289 4368 post
1301 4255 1469 4334 ostonos
1483 4250 1635 4359 hyemis
1647 4248 1812 4333 menses

360 4415 395 4466 a
445 4417 476 4492 s,
492 4393 594 4510 apud
609 4370 894 4472 eos'iinbribus
912 4378 954 4452 bt
968 4363 1292 4448 mundationibus
1303 4362 1478 4465 infamis,
1493 4357 1633 4440 ardore
1649 4363 1811 4468 ingenti

359 4495 618 4608 favianensi
633 4523 705 4610 per
719 4480 972 4600 longissimos
987 4480 1069 4564 dies
1086 4477 1155 4556 vix
1174 4474 1234 4559 sol
1250 4498 1417 4557 exurens
1431 4471 1589 4559 noverit
1601 4469 1812 4578 occasum.

358 4647 362 4654 ·
421 4609 566 4698 Forma
586 4605 764 4694 nocendi
785 4608 829 4684 in
850 4589 1034 4673 omnibus
1046 4583 1135 4665 ‘fere
1156 4587 1297 4670 eadem
1320 4585 1386 4664 est.
1412 4584 1514 4668 Sunt
1536 4577 1814 4663 tame11·diffe····

364 4725 493 4806 tentia
513 4725 681 4836 aliquot.
695 4748 735 4799 v.
753 4745 794 4827 g.
819 4705 934 4788 datur
952 4707 992 4784 in
1008 4697 1206 4806 Jamatee,
1231 4695 1325 4781 teste
1347 4692 1460 4782 Hans
1484 4690 1656 4791 Sloane,
1683 4681 1813 4788 culex
