4246 5900
463 441 520 532 ’ss
690 445 786 534 nu
814 419 955 530 ‘uo
980 430 1163 527 nats
1222 424 1644 523 curaunrs.

203 663 233 726 D
256 593 285 729 i
307 587 425 734 Vinios
463 617 467 626 “
521 609 612 692 Nec
632 633 762 692 tamen
784 610 865 690 hoc
888 609 968 690 acri
991 601 1192 686 intellesio
1221 629 1360 685 omnes
1382 601 1608 694 acredinum
1634 593 1782 716 specics
1797 593 1890 710 'quae

178 690 251 810 acti.e
273 693 338 756 ΜΡ
419 692 438 732 ⁰
464 720 513 804 ad
535 747 667 804 cutem
699 719 856 834 poliunt
887 717 1040 800 deferri·
1057 715 1455 828 comprehenduntur.
1482 713 1545 796 Ad
1575 716 1675 798 hanc
1709 710 1890 826 proxime

461 833 618 916 accedit
630 834 787 948 pclsrma
811 830 989 914 acerrimi
1003 825 1083 911 tabi
1098 828 1267 940 species,
1288 825 1489 938 lympham
1508 830 1651 938 pariter
1669 827 1886 928 invadens,

464 945 664 1058 ipsamque
700 971 848 1056 cogens
871 965 996 1051 atque·
1015 937 1241 1051 coagulans.
1264 939 1363 1020 Haec
1394 935 1621 1050 scrophulas
1650 946 1692 1021 bc
1714 961 1889 1032 tumores

463 1055 736 1171 nuperioribus
753 1059 805 1138 stc
830 1054 954 1138 didos
975 1053 1141 1164 frigidos
1158 1052 1281 1147 facit;
1304 1048 1414 1133 lento
1434 1054 1577 1162 pariter
1590 1049 1715 1162 gressu
1741 1051 1889 1134 incedit

462 1177 505 1257 bt
526 1167 658 1254 cutem
691 1168 876 1251 adoritur.
908 1165 988 1248 Sed
1013 1167 1138 1246 nostra
1159 1167 1242 1245 hac
1271 1162 1405 1244 savior
1424 1165 1640 1245 acrimonia
1659 1171 1702 1246 bc
1727 1167 1888 1276 corpori

462 1295 661 1394 nunquam
680 1278 810 1384 utilis,
836 1278 1039 1390 lympham
1059 1275 1179 1387 ipsam
1204 1272 1362 1383 ejusque
1384 1301 1559 1356 naturam
1588 1274 1770 1381 destruit,
1798 1277 1888 1388 ipss-³

463 1423 541 1506 que
568 1397 632 1478 vel
654 1396 695 1475 in
717 1392 791 1476 suis
811 1392 897 1506 ipsis
919 1390 1015 1472 vasts
1037 1386 1207 1470 formam
1229 1384 1413 1500 gypseam
1440 1412 1506 1468 aut
1531 1413 1751 1470 cretaceam
1774 1389 1887 1470 affin·-

459 1511 546 1620 git3
586 1509 612 1588 st
646 1503 803 1615 quando
835 1503 959 1586 cutim
990 1499 1186 1605 adoritur,
1216 1528 1307 1581 nam
1324 1497 1374 1580 id
1395 1499 1464 1612 ipsr
1487 1527 1570 1580 non
1601 1501 1653 1582 est
1683 1507 1726 1582 dc
1752 1497 1889 1583 natura

461 1617 692 1722 sindolt,
714 1641 868 1698 textum
889 1610 971 1720 ejus
996 1612 1154 1696 destruit
1171 1614 1341 1724 pariter,
1370 1616 1411 1692 bt
1439 1636 1613 1694 naturam
1638 1614 1691 1693 ita
1716 1641 1888 1696 concre-

460 1725 635 1816 tionibus
656 1727 866 1811 defformat
879 1789 894 1833 ‚
917 1749 961 1810 ut
982 1751 1239 1835 quocumque
1264 1722 1344 1807 sese
1368 1720 1501 1804 tulerit
1524 1724 1668 1805 humor
1692 1721 1761 1807 ille
1773 1785 1787 1830 ,
1808 1720 1889 1829 jam

460 1846 627 1957 reparari
647 1865 773 1956 partes
788 1839 1028 1954 nonjpossint
1052 1860 1168 1949 atque
1191 1835 1376 1921 resarciri.
1396 1834 1501 1918 Vere
1526 1831 1796 1918 destruslorius
1810 1839 1888 1919 hu-

461 1978 552 2038 mor
572 1983 664 2039 cum
687 1951 799 2035 nullo
826 1951 905 2036 alio
934 1953 1058 2036 servat
1077 1947 1327 2062 analogiam,
1357 1932 1740 2059 srlueni'exceperis
1765 1975 1886 2056 vene·

430 2158 432 2170 ‚
462 2095 598 2173 ream,
615 2069 680 2150 cui
697 2067 907 2149 effectuum
928 2059 1113 2176 analogii·
1130 2090 1302 2145 concors
1325 2062 1399 2166 eli,
1426 2059 1556 2144 forsan
1577 2067 1619 2143 bc
1641 2063 1700 2142 oti
1728 2062 1815 2166 ine,
1842 2089 1888 2146 ut

462 2178 591 2295 plures
612 2174 848 2282 voluerunt,
870 2173 1010 2288 quibus
1036 2201 1167 2259 tamen
1191 2172 1353 2289 plenum
1373 2172 1471 2274 ides,
1485 2169 1678 2256 assensum
1701 2089 1792 2258 dare
1818 2177 1887 2258 virt

461 2293 624 2407 pollam,
647 2289 756 2400 qubd
778 2297 821 2373 &-
837 2315 925 2399 ante
945 2291 1148 2401 cognitam
1171 2285 1278 2370 luem
1299 2311 1506 2370 veneream
1524 2280 1754 2397 jampridem
1777 2283 1887 2370 scro-

461 2402 589 2534 phulae
625 2401 914 2508 innotuissent3
943 2409 986 2484 δι
1014 2400 1210 2483 sufficiens
1238 2396 1457 2512 scrophulis
1483 2396 1596 2481 causa
1630 2401 1818 2512 reperitur
1843 2403 1888 2483 iu·

460 2519 619 2630 aggesto
638 2520 850 2630 primarum
870 2518 1022 2600 viarum
1042 2511 1144 2594 male
1161 2515 1502 2622 concoquendum
1522 2507 1664 2616 acid0,
1679 2513 1745 2620 qui
1762 2511 1887 2597 iinon

461 2628 755 2712 fermentativus
775 2629 913 2734 suerit,
939 2635 982 2710 bc
1002 2624 1208 2738 spirituoso
1231 2627 1421 2738 propior,
1443 2621 1509 2706 sed
1529 2647 1702 2727 terreus,
1719 2623 1886 2709 austerus

463 2749 504 2824 st
519 2740 704 2848 acerbus,
723 2739 799 2848 jam
824 2738 997 2851 liquores
1018 2739 1265 2850 cogitatque
1291 2733 1488 2849 coagulat.
1510 2733 1637 2843 Quod
1659 2733 1817 2842 quidem
1833 2738 1886 2819 eb

461 2853 616 2937 videtur
633 2851 899 2959 verisimilius,
914 2851 1023 2960 qubd
1038 2851 1125 2933 rarb
1151 2851 1219 2930 nist
1240 2845 1496 2932 debilioribus
1515 2847 1644 2960 pueris
1667 2845 1887 2960 scrophulae

461 2966 667 3069 accidant,
687 2963 890 3048 &duritie
915 2989 986 3045 eos
1000 2967 1150 3045 tantiam
1173 2986 1290 3071 atque
1305 2958 1486 3044 scabritie
1507 2985 1682 3042 tumores
1704 2956 1886 3046 amulan-

461 3100 525 3158 tur
535 3137 549 3182 ‚
574 3103 674 3185 quos
697 3073 746 3156 ab
767 3073 878 3159 acidi
897 3071 1058 3157 atrabile
1071 3073 1242 3187 pendete
1261 3099 1414 3158 veteres
1430 3069 1658 3157 censebant.
1682 3069 1762 3154 Sed
1778 3099 1887 3156 mor-

460 3186 534 3272 bus
562 3185 839 3301 scrophulosus
871 3183 1074 3300 glandulas
1096 3186 1302 3302 prasertim
1329 3185 1479 3269 invadit
1491 3249 1505 3292 ,
1532 3211 1606 3268 nec
1630 3208 1785 3290 cutem,
1816 3187 1886 3268 nist

462 3284 652 3412 qu'atenus
684 3302 879 3384 conflatur
906 3323 1023 3409 atque
1055 3298 1326 3412 conspergitur
1354 3296 1558 3382 folliculis.
1585 3296 1781 3405 Adebque
1802 3294 1887 3403 ejus

462 3438 660 3520 naturam,
672 3412 937 3526 progressum,
954 3413 1125 3608 origines
1146 3408 1258 3494 altius
1273 3413 1402 3494 rimari
1417 3436 1525 3494 extra
1539 3410 1782 3524 propositum
1793 3409 1887 3493 nos-

460 3551 566 3610 trum
584 3527 647 3610 cll.
659 3527 725 3608 -At
746 3522 820 3608 alia
838 3527 890 3610 est
910 3551 1001 3608 acre
1031 3527 1102 3608 'nis
1124 3521 1292 3636 lympha
1309 3523 1505 3607 insidentis
1539 3522 1712 3635 species,
1739 3523 1885 3606 humo-

460 3636 589 3754 risque
608 3639 749 3724 retenti
768 3659 892 3750 genus
906 3637 1136 3751 pessimum,
1158 3636 1268 3747 quod
1286 3639 1496 3721 maximam
1517 3634 1668 3720 anobis
1684 3663 1818 3718 curam
1841 3643 1883 3720 bc

459 3749 751 3864 inquisitionem
765 3743 943 3865 postulat.
1244 3811 1248 3818 -
1882 3749 1887 3828 3

356 3897 359 3904 ¹
399 3965 407 3978 ·
530 3861 591 3948 Ea
613 3884 745 3980 autem
769 3865 938 3946 consistit
961 3865 1003 3946 in
1024 3863 1207 3948 acredine
1228 3861 1334 3948 labiis
1357 3863 1540 3977 superflui
1561 3865 1602 3944 in
1630 3887 1802 3975 corpore
1823 3858 1885 3944 sen

460 3979 622 4084 mineo,
650 3977 718 4061 sed
732 4003 807 4059 nec
823 3975 997 4060 femineo
1017 3973 1175 4082 solum,
1200 3974 1267 4060 sed
1287 3980 1407 4061 etiam
1425 3977 1581 4059 infantis
1607 3999 1786 4057 recenter
1812 4001 1886 4057 ex-

461 4087 556 4174 elust
587 4125 595 4173 :
625 4120 716 4173 nam
746 4113 877 4204 turget
908 4084 1008 4172 latre
1036 4092 1164 4172 omnis
1185 4088 1338 4195 infans,
1371 4089 1481 4198 quod
1512 4082 1676 4172 etiami
1703 4089 1884 4170 mammis

459 4199 706 4287 nascentibus
728 4205 947 4316 exprimere
964 4201 1083 4286 facile
1105 4205 1181 4308 est,
1211 4228 1279 4284 aut
1307 4200 1525 4314 expressum
1551 4198 1635 4283 visu
1663 4197 1884 4311 deprehen-

460 4315 570 4402 dere
586 4313 931 4436 Quamvisautem
954 4316 1084 4401 forsan
1102 4310 1313 4397 -uniuetsali
1337 4317 1453 4397 nimis
1468 4311 1761 4427 propositione,
1791 4339 1887 4392 om*

459 4423 733 4514 n'es'lromines
761 4423 838 4510 suo*
860 4426 959 4512 laete
988 4433 1122 4513 vivere
1151 4426 1293 4512 dixerit
1318 4425 1611 4528 Boerhaavius‚
1636 4451 1720 4506 non
1753 4425 1885 4508 minias

459 4539 744 4626 amen‘vemm
762 4543 814 4626 eli
830 4545 871 4623 in
885 4535 991 4622 illius
1005 4541 1138 4645 sensu,
1153 4536 1224 4622 'lac
1247 4538 1325 4622 elle
1358 4537 1519 4648 chylum
1542 4540 1704 4618 inter&
1725 4532 1905 4647 sangui--

458 4681 552 4738 nem
572 4653 736 4736 fluidum
760 4651 1060 4758 intermedium,
1088 4665 1230 4736 natura
1246 4656 1395 4764 agentis
1412 4647 1549 4732 labore
1569 4649 1743 4732 effictum
1763 4672 1883 4757 atque

457 4765 706 4874 efformatam
720 4797 736 4867 3
751 4769 792 4850 in
812 4791 868 4848 eo·
884 4764 1044 4877 quidem
1065 4792 1204 4848 omnes
1219 4791 1303 4874 quat
1317 4763 1544 4876 sanguinem
1561 4759 1718 4874 poliunt
1736 4761 1882 4842 consti-

456 4907 566 4968 tuere
580 4907 706 4996 partes
730 4881 987 5011 reperiuntur.
1016 4878 1141 4970 Deest
1156 4875 1301 4992 rubor,
1327 4875 1431 4962 deest
1447 4873 1632 4992 pondus„
1648 4897 1765 4986 atque
1781 4873 1884 4958 den-

769 5006 777 5037 l
