4228 5898
467 403 545 480 104
717 359 1173 460 DErMORBIS
1230 347 1669 456 CUTANEIS..

459 537 628 647 coquit,
644 536 765 619 urinis
789 531 914 620 sanus
936 532 1071 637 flavis,
1096 527 1181 614 imb
1204 525 1301 644 sape
1316 527 1487 613 mucosus
1497 588 1513 634 ,
1537 527 1750 644 &pruritu
1771 525 1895 618 'vexas

463 677 527 733 tur
546 649 729 753 enormi,
753 649 780 730 sr
808 645 1019 762 prasertim
1032 647 1112 728 aeri
1128 672 1215 759 pars
1236 642 1375 728 affesla
1400 665 1641 756 exponatur3
1661 641 1768 727 unde
1789 645 1893 730 inter

462 759 628 868 ejulatus
654 765 776 845 vitam
801 757 1012 870 trarrsrgunt
1039 755 1191 862 miseri,
1208 753 1307 840 hori
1330 754 1460 839 somni
1486 752 1653 869 excepti
1676 758 1744 867 qui
1768 756 1895 873 vulgo

465 878 605 990 perstat
617 879 781 985 integer.
804 868 1015 954 Intervalla
1035 896 1169 954 tamen
1183 865 1329 952 habent
1340 931 1353 973 ,
1370 875 1412 951 ὅ(
1436 870 1530 951 cium
1543 869 1728 953 videntur
1748 867 1893 979 sanati,

374 977 376 984 ¹
463 986 614 1072 malum
639 991 779 1070 iterium
797 984 898 1066 intra
920 1011 1069 1097 paucos
1093 980 1176 1068 dies
1199 979 1451 1064 recrudescit
1481 979 1654 1066 Morbus
1673 979 1743 1068 ille
1764 984 1895 1068 infan-

465 1100 571 1186 tibus
590 1099 717 1184 craffis
733 1157 748 1202 ‚
766 1097 964 1201 mucosis,
995 1123 1087 1180 cute
1111 1094 1220 1180 tenui
1234 1089 1465 1178 florentibus
1477 1090 1602 1205 vulgb
1617 1096 1793 1203 accidit,
1815 1119 1895 1198 nee¹

466 1216 547 1300 srne
574 1210 869 1326 repercussionis
882 1207 1088 1325 periculo,
1112 1239 1195 1320 quae
1220 1208 1245 1292 sr
1272 1208 1485 1318 contigerit
1495 1204 1707 1315 aliquando
1720 1271 1734 1316 ,
1762 1213 1894 1294 vomi·-

466 1355 534 1416 tus
554 1351 670 1432 atque
693 1322 904 1406 diarrhoeas
927 1321 1045 1408 infert
1056 1385 1070 1428 ,
1086 1321 1219 1436 sapius
1238 1322 1335 1406 verb
1353 1317 1658 1427 suffocationes,
1680 1349 1748 1405 aut
1765 1323 1792 1404 sr
1807 1318 1893 1407 len·

466 1445 542 1528 tius
576 1437 812 1550 repercuffio
837 1438 906 1518 fiat
918 1495 933 1541 ,
960 1461 1138 1526 tumores
1159 1433 1209 1524 ad
1220 1430 1434 1532 articulos3
1458 1434 1554 1516 vero
1576 1433 1832 1547 periculosus
1844 1434 1897 1520 ad

465 1547 676 1665 pulmones
691 1546 802 1632 lento
820 1551 1003 1632 asthmate
1024 1545 1156 1634 tabem
1177 1546 1343 1646 inducie
1363 1572 1438 1630 nec
1462 1547 1674 1631 mutuenda
1695 1547 1896 1634 minusad

467 1663 693 1748 meseraeum
708 1661 943 1776 repercuffio
959 1723 973 1767 ‚
995 1658 1091 1746 licet
1106 1659 1204 1776 sepe
1218 1657 1384 1744 subdola
1400 1656 1560 1742 lenitate
1580 1657 1701 1745 fallat.

524 1772 682 1858 Malum
703 1772 803 1857 illud
826 1773 1028 1858 evidenter
1050 1775 1233 1860 criticum
1246 1775 1326 1878 est,
1356 1771 1496 1886 &ipso
1510 1770 1583 1854 sua
1596 1774 1897 1887 repercussionis

469 1888 694 1974 discrimine
713 1913 889 1970 naturam
909 1887 1017 1969 suam
1039 1886 1232 1991 ostendit,
1258 1885 1572 1994 demonstratque
1596 1890 1807 1970 maximam
1824 1917 1895 1972 ex·

466 2026 760 2086 crementorum
778 2000 1011 2112 farraginem
1024 1997 1138 2082 srmul
1150 2008 1193 2083 δι
1206 1997 1433 2082 acredinem
1449 1995 1665 2104 summam,
1681 2001 1758 2084 srve
1771 2007 1792 2084 a
1807 2030 1891 2085 ma·
1933 2096 1956 2106 ,

467 2140 529 2211 tre
552 2114 839 2223 conquifitam,
863 2115 941 2198 five
959 2109 1067 2195 malo
1080 2115 1185 2196 vion
1199 2137 1479 2226 comparatam.
1497 2110 1660 2196 Acredo
1685 2141 1815 2199 aurem
1829 2112 1899 2200 illa

470 2225 671 2312 evidenter
690 2226 932 2312 acescens&
947 2225 1110 2309 mucosa
1132 2227 1213 2330 est,
1236 2224 1379 2308 faciem
1403 2229 1447 2307 ὅ(
1472 2249 1608 2310 cutem
1641 2225 1895 2340 capillatam,

468 2365 677 2445 mentum,
706 2335 860 2422 collum
888 2346 930 2422 δι
952 2341 1126 2422 thoracis
1156 2340 1351 2424 exteriora
1379 2339 1530 2420 tantiam
1562 2365 1745 2454 occupat.
1767 2339 1895 2425 Tem-

467 2454 578 2566 poris
601 2453 724 2536 traslu
738 2451 890 2542 sanatur
912 2458 955 2536 ὃ(
972 2449 1069 2535 licet
1084 2450 1162 2538 alte
1178 2449 1345 2534 confodi
1365 2452 1467 2533 cutis
1489 2449 1692 2558 videatur,
1712 2451 1838 2540 nullas
1850 2477 1898 2538 ut

467 2561 685 2690 plurimum
708 2568 793 2679 post
812 2563 854 2648 se
877 2561 1079 2669 maculas,
1106 2562 1214 2650 nulla
1231 2561 1418 2674 relinquit
1436 2564 1665 2650 cicatricum
1685 2567 1855 2680 vestigia.

472 2715 479 2728 ·
530 2673 716 2783 Ejusdem
732 2701 908 2783 natura,
927 2675 994 2760 sed
1016 2673 1159 2792 pejoris
1192 2676 1434 2760 conditionis
1459 2675 1513 2760 est
1534 2673 1609 2762 alia
1634 2707 1717 2790 quae
1736 2675 1897 2792 iprims

470 2787 696 2874 dentitione
718 2789 768 2873 ad
790 2791 1000 2904 septimum
1031 2797 1074 2874 ὃ(
1100 2787 1202 2873 ultra
1232 2819 1377 2872 annum
1406 2788 1627 2876 extenditur
1660 2792 1829 2876 crustosa
1854 2796 1897 2878 in

470 2906 603 3023 pueris
613 2904 771 3016 eruptio
789 2905 844 2986 ita
861 2899 986 3096 vuffib
1005 2930 1099 2984 cum
1112 2899 1648 3096 insensrbilisiperspirationis
1667 2908 1900 2992 excretione

473 3013 707 3118 comuni-la,
730 3037 774 3096 ut
794 3015 913 3124 hyem
989 3037 1170 3129 tempore
1191 3012 1321 3130 plures
1361 3018 1783 3129 uperaggestascrustas
1797 3045 1898 3104 ocu«

472 3117 522 3220 lis
545 3123 730 3208 ostendat.
775 3124 991 3210 Deformes
1012 3129 1147 3239 pueri,
1168 3153 1337 3210 matrum
1356 3126 1523 3241 ipsarum
1549 3133 1801 3246 experiuntur
1820 3131 1899 3216 fas-

474 3235 582 3326 tidia.
607 3233 734 3320 Iidem
750 3264 820 3350 per
843 3262 969 3322 totam
986 3239 1150 3332 astarem
1177 3265 1269 3324 cute
1295 3244 1435 3324 nitenti
1464 3247 1506 3326 &
1527 3240 1659 3327 vividl
1682 3271 1730 3326 ac
1757 3241 1898 3330 floridi

473 3349 580 3464 spem
599 3347 806 3436 sanationis
823 3354 1033 3457 ostentant,
1047 3379 1133 3460 qua
1149 3351 1233 3468 spes
1248 3354 1354 3438 fluxa
1367 3382 1461 3450 cum
1473 3379 1664 3440 autumno
1679 3357 1898 3458 evanescit3

476 3459 775 3556 adventantibus
796 3467 904 3548 enim
916 3463 1128 3576 frigoribus
1147 3465 1386 3559 recrudescit
1398 3463 1575 3552 morbus.

544 3573 719 3666 Affeslus
741 3577 902 3688 quidem
924 3573 995 3660 ille
1024 3579 1125 3661 inter
1150 3577 1422 3693 depuratorios
1443 3579 1634 3665 recenseri
1660 3583 1786 3695 potest
1807 3585 1848 3664 δε
1875 3577 1899 3664 a

473 3689 573 3772 vitio
593 3689 745 3770 mucost
764 3691 942 3774 humoris
961 3685 1087 3774 alabe
1107 3712 1267 3776 ceteros
1293 3695 1479 3782 humores
1500 3691 1685 3778 servantis
1704 3697 1899 3778 immunes

475 3798 646 3916 pendet3
668 3803 736 3910 qui
765 3799 932 3911 quadam
957 3799 1014 3890 sui
1035 3807 1254 3890 mutatione
1280 3813 1323 3891 δι
1347 3805 1474 3890 odore
1499 3808 1607 3920 palla
1630 3805 1900 3890 fermentantis

479 3941 597 4020 quem
613 3912 814 3998 evidenter
833 3910 1010 4018 exhalat,
1024 3941 1200 3999 namram
1212 3916 1320 4002 suam
1344 3917 1709 4004 fermentescentem
1723 3919 1900 4032 profert3

478 4050 518 4106 ar
541 4026 796 4110 metuendum
821 4029 937 4124 estne
961 4023 1123 4112 occulta
1138 4027 1385 4139 aliqualabes
1398 4093 1412 4137 ‚
1434 4045 1536 4116 aura
1555 4027 1799 4146 parentibus,
1830 4055 1901 4114 aut

480 4139 502 4216 a
521 4137 738 4222 nutricibus
756 4166 933 4256 accepta,
951 4167 1018 4228 aut
1037 4169 1159 4256 pravo
1178 4145 1284 4230 villu
1306 4171 1529 4276 concepta,
1544 4141 1653 4228 malo
1663 4169 1733 4258 per
1751 4142 1791 4228 se
1809 4144 1902 4224 srm-

480 4241 576 4356 plici
598 4245 778 4334 l'aevitiem
800 4253 939 4360 addat,
964 4251 1233 4368 rebellemque
1254 4255 1417 4344 inducat
1441 4254 1634 4342 indolem.

538 4355 705 4440 Certltsr
731 4361 896 4448 infantes
926 4364 1113 4454 similibus
1134 4393 1298 4456 vexatos
1328 4373 1459 4458 crustis
1487 4372 1647 4485 propius
1675 4366 1903 4481 inspicimus

480 4473 521 4550 ὃ(
541 4471 779 4580 potissumum
803 4474 852 4558 ad
864 4481 1052 4588 preterita
1066 4479 1327 4590 attendimus,
1350 4481 1595 4576 videbimus,
1617 4483 1899 4594 antinoum,

476 4583 616 4670 autin
641 4610 764 4667 matre
787 4584 977 4674 delimiffe
1004 4593 1143 4684 vitiaun
1168 4595 1399 4706 herpetum3
1428 4597 1600 4678 nutrices
1631 4593 1737 4678 vislu
1767 4596 1902 4705 pariam

481 4720 664 4806 congruo
685 4695 928 4806 usas'suilse,
958 4702 1112 4788 vinosas
1134 4703 1248 4810 illas,
1274 4731 1341 4794 aut
1369 4705 1499 4792 crudis
1522 4708 1699 4792 viventes
1717 4707 1903 4787 immatu-

477 4805 607 4932 risque
641 4805 857 4918 fruelibus,
889 4813 1122 4924 iracundas,
1146 4825 1227 4908 stc.
1261 4816 1372 4934 Sape
1403 4827 1427 4906 a
1453 4814 1613 4906 variolis
1638 4815 1779 4902 familia
1800 4813 1905 4898 mala

1690 4951 1904 5042 eruperunt
