4226 5916
651 441 1146 532 corausto.
1252 456 1253 468 ψ
1524 379 1654 554 μ’

193 601 248 688 ed
265 625 309 686 ut
324 594 408 719 lupi
424 605 486 708 (a)
504 598 742 691 haberentur
763 612 804 691 dt
820 631 1059 692 uocarentur
1076 601 1232 722 pustulat
1250 605 1511 722 phymatodes
1520 671 1535 713 ‚
1562 611 1630 696 seu
1665 703 1668 710 ,

195 715 447 829 supputantes
467 719 510 798 in
530 715 707 804 cruribus
735 727 777 804 &
803 717 1115 806 extremitatibus
1139 719 1336 805 seniorum
1363 720 1630 812 inferioribus,

197 828 296 939 Qeae
320 825 390 912 ubi
418 826 540 912 semel
572 856 669 916 nats
702 828 791 918 sunt
804 893 819 939 ,
848 830 902 916 ob
929 835 1198 918 infirmitatem
1222 836 1365 916 virium
1395 836 1543 940 aetatis,
1574 834 1630 918 ob

196 940 393 1024 declivem
413 939 553 1026 locum
564 1004 584 1048 ,‚
599 949 641 1027 ὅ(
657 943 852 1058 ptaecipub
860 1009 874 1051 ,
895 941 948 1030 ob
964 945 1086 1059 frigus
1101 951 1142 1031 in
1153 942 1261 1030 tantai
1280 943 1302 1028 a
1318 945 1442 1030 corde
1457 943 1631 1033 distantis

195 1049 403 1160 enascens,
414 1051 578 1140 difficile
589 1058 632 1140 in
643 1055 791 1141 bonam
803 1056 1123 1174 suppurationem
1136 1083 1355 1164 vertuntur,
1372 1065 1412 1140 dt
1430 1058 1630 1147 difficilibs

193 1166 323 1252 adhltc
337 1167 608 1282 perducuntur
623 1167 673 1254 ad
687 1172 916 1256 cicatricem
956 1172 1154 1258 erfeslarn.
1178 1173 1350 1278 Verum,
1371 1171 1439 1255 etst
1455 1172 1632 1289 sympto-

193 1305 298 1364 mata
331 1278 424 1376 mali
451 1277 612 1388 hujusce
639 1285 774 1367 omnia
796 1287 838 1368 in
860 1201 1042 1370 tarditate
1066 1285 1373 1400 symptomatum
1400 1289 1631 1397 consistant,

193 1391 300 1476 unde
320 1392 581 1507 grandescunt
601 1399 734 1590 gotila
759 1394 879 1508 quim
898 1401 1150 1506 minuuntur,
1176 1401 1218 1482 in
1239 1403 1428 1513 pravitate
1454 1404 1633 1486 carnium

190 1503 559 1613 succrescentium,
577 1536 603 1591 o
647 1507 813 1616 caloris,
836 1537 881 1596 ut
900 1507 1055 1596 aiebant
1068 1535 1221 1598 ueteres
1228 1574 1249 1619 ,‚
1265 1515 1387 1598 nativi
1406 1511 1632 1622 defectum,

192 1643 328 1703 tamen
341 1617 465 1734 vulgo
485 1621 535 1718 eb
555 1649 619 1704 ma
647 1624 680 1706 is
701 1621 875 1708 notanda
890 1623 980 1707 sunt
994 1624 1103 1736 qubd
1121 1628 1208 1710 rarb
1226 1627 1306 1709 stne
1322 1623 1438 1716 cauas
1455 1629 1633 1714 interiori

194 1733 381 1818 accidant
392 1795 414 1838 ,,
427 1759 553 1844 eaque
568 1652 713 1847 voigi),
729 1761 795 1822 aut
808 1733 1034 1822 scorbutica
1049 1737 1123 1822 lint
1131 1799 1146 1844 ,
1168 1763 1235 1822 aut
1254 1737 1559 1822 melancholica.
1584 1743 1633 1826 In

193 1849 322 2044 gnoti
341 1847 433 1930 casu
449 1875 524 1961 pro
542 1848 689 1932 criticis
705 1846 841 1932 haberi
859 1878 943 1933 non
962 1847 1121 1964 possunt
1142 1859 1183 1934 ὅ(
1205 1851 1378 1966 pendent
1397 1849 1418 1934 ὲ
1436 1846 1641 1965 sanguinis:

235 1987 379 2066 ntore,
396 1960 621 2046 acrimoniae
637 1963 860 2046 commixto
876 1993 894 2062 ς·
905 1989 980 2046 nec
997 1965 1066 2046 nist
1081 1963 1320 2053 validissimis
1335 1964 1519 2048 remediis
1537 1972 1636 2052 anti-

188 2071 433 2159 scorbuticis
489 2099 532 2158 er
559 2073 796 2158 methodum
824 2073 926 2160 bene
955 2078 1159 2190 cognitam
1187 2076 1403 2160 sanescunt.
1433 2077 1480 2158 In
1504 2083 1636 2192 poste-

192 2189 293 2272 riori
308 2185 407 2302 saepd
420 2103 600 2272 habenda
618 2187 707 2272 sunt
737 2209 795 2300 ro
811 2190 1015 2272 criticis&
1030 2186 1129 2274 verb.
1141 2190 1409 2303 depuratoriis.
1430 2191 1499 2274 Sic
1516 2221 1634 2277 unam

193 2299 283 2388 vidi
303 2301 498 2384 famirtam
516 2297 596 2406 jana
621 2219 826 2406 vetusius,
849 2309 891 2384 dt
920 2303 1121 2385 menstruis
1174 2300 1263 2384 lans
1292 2329 1493 2386 carentem
1508 2305 1642 2414 'quant

190 2411 337 2499 similia
360 2411 442 2496 sere
468 2411 671 2524 periodicb
694 2413 940 2496 adorirentur
963 2409 1116 2501 ulcera..
1137 2333 1346 2528 lihlogosrs
1365 2415 1641 2527 praecedebat,

188 2524 399 2636 fimulque.
430 2527 570 2620 omnia,
597 2525 797 2636 phymatis
827 2525 1101 2640 symptomata.
1135 2527 1372 2611 Varicosum
1412 2526 1471 2611 illi
1513 2558 1643 2630 omne.

194 2668 301 2727 crus-
321 2663 404 2722 erat
415 2698 437 2744 ‚l
459 2643 501 2719 dc
528 2637 631 2720 inter
653 2637 804 2722 varices
828 2637 1072 2750 superficiale
1096 2635 1236 2744 ulcus,
1264 2668 1347 2722 non
1373 2639 1452 2724 stne
1478 2637 1643 2744 summo:

194 2747 360 2857 dolore,
376 2747 597 2834 identidem·
606 2748 916 2834 recrudescebat.
933 2751 977 2834 Si
988 2753 1085 2836 verb
1100 2747 1270 2836 celerior
1285 2753 1449 2834 cicatrix
1464 2779 1533 2866 per
1548 2754 1643 2839 des-

194 2867 360 2952 sicativa
379 2889 579 2977 unguenta
596 2863 870 2968 induceretur,
892 2853 1120 2948 brevialiud
1140 2867 1182 2946 in
1200 2861 1530 2953 vicinismaxims
1545 2897 1644 2982 pro-2

196 2975 309 3066 xlmis
334 2973 632 3083 succrescebat,
660 2977 792 3062 donec
817 2979 963 3060 humor
986 2979 1191 3062 exhaustus
1219 2976 1352 3090 plures
1381 3006 1450 3094 per
1483 2981 1645 3066 menses·

196 3091 442 3203 relinqueret
458 3087 624 3175 liberam
648 3098 690 3174 dc
713 3087 735 3173 ὲ
758 3087 866 3173 malo
888 3089 1040 3284 semper
1060 3089 1179 3173 facile
1202 3091 1380 3193 redivivo
1404 3095 1645 3179 immunem..

198 3206 402 3319 Quamuis
424 3229 556 3288 autent
580 3204 700 3288 causa
721 3200 797 3286 illac
822 3206 875 3286 in:
885 3201 968 3286 seni
997 3231 1042 3287 us
1062 3201 1252 3288 facillime
1273 3229 1506 3313 occurrant,
1525 3215 1566 3290 ὅ(
1585 3235 1637 3314 err

195 3316 346 3407 vetulis
367 3318 530 3402 infirmis
550 3315 666 3402 multi
685 3318 759 3400 stnt
776 3318 844 3427 qui
863 3315 910 3400 iis
930 3315 1173 3430 affligantur,
1194 3315 1448 3424 {depost-ruta
1466 3318 1639 3404 vocabat

199 3429 467 3521 Dioscorides
478 3426 1073 3546 decrepitaeseneetutismalum‚
1083 3428 1291 3544 prasertim
1302 3429 1649 3545 apudmonachos-

200 3553 248 3632 &
264 3539 487 3630 monachas
503 3545 652 3629 austero
675 3551 716 3627 dt
735 3541 896 3629 sordido
912 3544 1033 3626 vislui
1056 3543 1226 3625 sacratos
1243 3570 1483 3649 commune,
1504 3569 1647 3628 tarnen-

199 3657 288 3744 aliae
307 3683 447 3746 omnes
466 3655 588 3742 eausae
603 3657 652 3742 ad
667 3653 805 3740 similia
822 3652 956 3739 ulcera
969 3652 1194 3740 inducenda
1209 3653 1369 3768 poliunt
1385 3683 1649 3766 concurrere..

259 3769 455 3861 Juvenem
490 3771 616 3874 novi,
653 3770 682 3852 fi
717 3768 843 3851 modo
872 3765 1040 3853 dicenda
1072 3793 1171 3850 exce
1199 3768 1309 3875 eris,
1345 3768 1492 3852 sanum.
1526 3767 1639 3852 Huic

199 3880 226 3970 d
252 3881 364 3970 febre
391 3878 551 4000 pellims
580 3880 796 3994 resurgenti
826 3905 930 3964 artus
958 3879 1121 3964 inferior
1154 3797 1295 3964 siirister
1326 3879 1460 3964 altero,
1482 3881 1641 3963 craffior

201 3998 387 4084 remansrt
397 4058 412 4104 ,
433 4006 474 4082 ὃ(
490 4020 582 4080 cute
599 3990 1067 4107 duriori.ins1gnis..Plura
1085 3992 1134 4078 ad
1148 3996 1250 4078 hanc
1268 3993 1488 4077 foeditatem
1506 3989 1652 4077 frustris.

200 4129 353 4218 tentata
364 4109 464 4195 sunt.
480 4104 946 4224 Sprevitvixnotandum
960 4106 1097 4194 format
1111 4109 1251 4191 vitium
1264 4101 1477 4297 perplures
1492 4133 1652 4212 annos,.

201 4222 384 4334 alioquin
402 4227 568 4338 integer.
594 4221 718 4306 Nunc
739 4222 948 4333 quotannis
961 4247 1055 4305 vere
1074 4226 1114 4300 dt
1133 4245 1323 4302 autumno
1361 4217 1486 4330 uposo
1507 4217 1642 4302 ulcere

203 4334 383 4443 laborat,
401 4341 638 4450 cogimrque
660 4339 702 4418 bt
722 4333 879 4419 labores
894 4359 937 4416 to
967 4349 999 4412 ae'
1016 4329 1156 4440 quibus
1176 4327 1349 4414 addidus
1370 4331 1653 4436 eli-deserere.

205 4458 253 4535 dt
267 4447 372 4534 letio
388 4449 496 4564 affigi
509 4446 640 4562 plures
652 4473 723 4560 per
737 4446 832 4532 dies.
848 4445 890 4528 N
893 4364 973 4526 ulii
981 4445 1087 4545 enim
1103 4438 1338 4548 ambulanti,
1348 4445 1435 4534 ¹imi>
1454 4450 1496 4526 ὃ(
1509 4447 1655 4528 eresio·

205 4567 382 4648 cicatrix.
401 4562 588 4674 speranda
610 4559 788 4674 superest.
827 4556 940 4664 Idem
960 4553 1243 4639 acciderevidi
1264 4562 1305 4637 dt
1332 4557 1496 4668 perstare
1520 4555 1643 4660 doleo

207 4679 253 4760 in
266 4678 416 4760 eximio
432 4682 474 4758 dr
489 4672 514 4755 s
532 4672 698 4760 lendore
713 4675 867 4788 generis
887 4692 1005 4778 atque
1022 4668 1142 4752 animi
1156 4665 1389 4752 fortitudine
1405 4665 1657 4753 celebrando:

205 4790 326 4894 siro,
355 4790 422 4870 cui
443 4705 531 4901 ped
552 4789 799 4872 confluentes
820 4781 988 4873 variolas
1011 4780 1118 4895 idem
1142 4782 1324 4894 contigit.
1338 4807 1392 4866 ut.
1410 4812 1499 4870 crus
1522 4807 1660 4866 unumr

248 4948 311 5026 (a)
335 4943 465 5010 Mamm.
485 4941 533 5010 lib.
554 4963 590 5022 7,
609 4941 660 5025 Ep.
682 4965 712 5006 2.
