4188 5916
469 381 558 468 ‘292'
911 353 1020 446 DE
1081 331 1447 444 MORBls

476 539 613 638 ruptus
629 519 787 610 alternis
808 519 945 608 diebus
965 521 1118 636 ptisana
1140 519 1304 606 laxantis
1332 513 1451 630 at‘que
1469 515 1718 623 sudorisere‚
1746 515 1905 629 qualern

475 635 651 722 laudavit
673 635 772 722 olim
798 634 975 720 Galenus
997 636 1039 717 in
1059 632 1163 718 libro
1185 639 1226 717 in
1249 663 1331 744 quo
1353 631 1561 717 consilium
1583 631 1731 748 scripsit
1752 632 1803 716 de
1823 636 1906 746 epi·

474 747 642 863 leptico.
667 749 786 832 Hane
809 745 930 832 hodie
953 775 1003 832 ex
1025 745 1141 861 lignis
1163 747 1387 832 sudorifetis
1409 773 1526 855 atque
1549 740 1803 860 purgantibus
1820 747 1905 830 rest·

445 930 448 936 .
475 866 608 968 nofis,
630 859 767 945 addito
789 857 904 944 srmul
925 863 1173 966 antimonio,
1195 859 1427 972 descriptam
1452 857 1584 973 legere
1610 861 1664 941 est
1694 861 1734 940 in
1762 859 1903 944 codice

474 976 805 1060 Pharmaceutico
830 973 1039 1058 Parisrensr.
1066 973 1168 1056 Eam
1186 998 1317 1056 autem
1340 970 1363 1053 ὲ
1383 969 1490 1054 libris
1510 971 1673 1054 medicis
1691 997 1902 1054 mutuatam

475 1087 546 1172 fibi
571 1116 642 1202 pro
672 1089 769 1168 riam
793 1085 942 1170 fecerat
969 1114 1104 1198 agyrta
1132 1085 1305 1168 Vinuclre
1333 1087 1402 1194 qui
1423 1087 1464 1168 in
1487 1081 1599 1189 hujus
1625 1083 1754 1166 saculi
1786 1087 1901 1170 initiis

474 1198 589 1306 hujus
611 1117 681 1281 uli
706 1197 845 1284 urbem
864 1199 1077 1304 infecerat,
1127 1195 1339 1304 uandoqud
1362 1197 1484 1280 fausto
1507 1195 1704 1303 successu,
1725 1198 1901 1306 quando·

477 1313 555 1421 que
576 1307 792 1418 infelicius,
812 1337 858 1396 ut
876 1314 996 1395 moris
1011 1315 1063 1394 est
1080 1227 1158 1394 ilb's
1178 1313 1245 1420 qui
1264 1311 1531 1393 sanblislrmam
1551 1308 1735 1394 medendi
1751 1314 1901 1394 metho-

477 1425 572 1508 dum
596 1427 820 1537 ignorantes
843 1427 1230 1538 praecipiunt-tamen
1257 1426 1422 1507 incautis
1452 1423 1750 1506 medicamenta.
1787 1422 1900 1508 Reli·

477 1542 587 1648 quias
612 1534 742 1622 morbi
765 1535 868 1620 bolis
889 1535 1129 1620 solventibus
1156 1543 1198 1619 bt
1223 1536 1502 1650 diaphoreticis
1527 1537 1580 1620 src
1603 1535 1712 1618 dietis
1740 1534 1897 1648 fugant,

505 1647 764 1759 raelfertimque
797 1648 923 1763 longo
962 1649 1032 1732 usu
1062 1651 1269 1732 antimouii
1299 1647 1409 1758 quod
1447 1648 1586 1733 dicunt
1616 1647 1897 1760 diaphorctici,

475 1681 574 1846 licet
595 1765 677 1854 haec
701 1764 770 1873 ipsr
791 1767 912 1846 virtus
933 1758 955 1844 ‘a
974 1759 1107 1844 multis
1130 1760 1231 1846 dene
1260 1787 1322 1843 ata
1341 1763 1399 1844 srr.
1421 1760 1586 1844 Addunt
1603 1763 1754 1844 virtutis
1775 1762 1899 1844 multi>

472 1879 602 2016 magis
623 1873 889 1987 comprobata
915 1873 1203 1960 medicamenta
1225 1793 1379 1988 {ponis
1402 1900 1483 1957 arte
1505 1874 1595 1956 fatti
1613 1875 1718 1957 varia
1739 1903 1812 1986 pro
1834 1903 1898 1958 na-

475 2014 561 2072 tura
583 1995 623 2071 bt
646 1990 841 2100 temperie.
858 1990 1078 2100 aegrotantis
1101 1995 1244 2100 gener'a
1257 2051 1271 2092 ,
1302 1991 1386 2069 tiam
1437 1989 1561 2070 urmni
1588 1989 1897 2094 ammoniacum,

477 2129 686 2214 opopanax
703 2107 743 2180 bt
759 2097 1002 2204 hujusmodi,
1017 2099 1157 2183 additis
1174 2097 1287 2182 simul
1304 2018 1462 2212 spiculis
1481 2099 1654 2184 resrnosrs
1674 2097 1899 2183 &scammo-

476 2217 546 2296 nio
567 2239 684 2322 atque
702 2209 851 2327 jalappsr
868 2211 1009 2322 quibus
1029 2211 1281 2296 detrudantur
1295 2221 1340 2296 δι·
1354 2211 1403 2296 ad
1421 2210 1510 2297 bilis
1530 2237 1680 2298 meatus
1698 2211 1899 2326 adigantur

476 2351 604 2439 partes
622 2321 820 2408 soluta&
839 2328 879 2406 in
900 2327 1068 2409 fluorem
1087 2328 1428 2410 excremenririum
1448 2325 1619 2410 redattae.

533 2437 709 2522 Demlrm
730 2437 897 2551 periodo
918 2436 992 2520 hic
1012 2435 1169 2546 exaesa,
1191 2440 1325 2522 omnia
1342 2437 1523 2522 remediis
1541 2436 1692 2522 turbata
1710 2465 1781 2551 per
1800 2468 1897 2524 mar-

432 2643 435 2650 ·
475 2547 583 2635 tialia
597 2547 727 2636 solent
737 2555 777 2632 in
788 2553 984 2663 integrum
993 2549 1148 2636 Medici
1163 2554 1379 2659 restituere,
1395 2550 1589 2663 aquasque
1598 2549 1849 2664 Forgienses,
1870 2553 1897 2634 st

476 2661 586 2747 alvus
603 2664 706 2748 fluxa
723 2665 790 2769 sit,
811 2663 914 2777 apud
931 2692 1004 2748 uos
1027 2664 1054 2745 sr
1075 2663 1170 2748 dura
1180 2729 1194 2771 ,
1210 2663 1426 2771 Pallracas,
1454 2664 1525 2747 usu
1542 2663 1770 2774 quotidiano
1786 2692 1897 2781 repe-

475 2803 576 2860 tunt.
606 2777 650 2858 Si
672 2803 790 2859 tonus
804 2775 1014 2861 ventriculi
1029 2803 1191 2890 peccet,
1211 2777 1465 2891 preferuntur
1478 2777 1690 2891 Spadanae,
1710 2777 1897 2888 Pyrmon·

475 2891 564 2972 tinae
575 2947 588 2992 ,
610 2887 807 2972 Bussaneae
825 2921 838 2988 3
858 2891 990 2998 sicque
1003 2886 1130 3001 longo
1152 2889 1532 2974 medicamentorum
1552 2889 1666 2973 cursu
1686 2918 1823 2976 omnes
1841 2891 1925 2994 ad,

474 2997 642 3114 implent
666 2999 940 3086 indicationes.
969 2999 1269 3114 Pauperioribus
1296 3000 1484 3086 martialia
1508 3030 1558 3086 ex
1581 3001 1800 3088 Pharmaco
1867 3006 1897 3088 is

473 3109 667 3227 supplent.
699 3109 830 3196 Mixta
856 3115 940 3196 hac
970 3116 1122 3198 curario
1150 3143 1200 3198 ex
1231 3113 1414 3199 omnibus
1451 3114 1708 3231 adimplendis
1752 3033 1896 3201 inlida-

472 3220 649 3308 tionibus
688 3253 794 3310 nunc
832 3222 1042 3310 sudoribus
1072 3226 1205 3334 favet,
1245 3257 1352 3312 nunc
1385 3257 1455 3343 per
1487 3231 1663 3314 intestina
1698 3235 1740 3312 ὃ(
1780 3227 1897 3314 bilem

472 3338 579 3424 virus
599 3333 781 3452 ablegat,
806 3338 834 3422 st
852 3337 1043 3454 sapienter
1062 3339 1249 3452 dirigatur
1268 3344 1449 3425 omnium
1470 3343 1646 3456 optima,
1671 3345 1710 3425 a't
1727 3345 1897 3458 peccatis

473 3455 557 3538 tiam
582 3453 853 3565 aegrotantium
864 3513 879 3559 ,
904 3457 988 3538 tlrm
1010 3451 1268 3538 Medicorum
1292 3451 1467 3539 obnoxia
1489 3452 1672 3539 maxime.

530 3561 637 3648 Cum
662 3566 768 3648 enim
797 3566 839 3647 in
867 3591 919 3649 eo
945 3567 1153 3650 hominum
1184 3573 1227 3650 ὃ(
1255 3567 1448 3682 praecipue
1474 3567 1726 3652 foeminarum
1756 3595 1897 3682 genere

470 3676 669 3776 versemur
683 3707 766 3788 quae
785 3707 939 3761 moram
952 3682 1200 3795 impatienter
1212 3678 1338 3762 ferant
1348 3743 1362 3786 ,
1383 3689 1425 3765 δι
1441 3679 1650 3787 civilibus,
1673 3681 1740 3764 seu
1756 3683 1897 3766 officiis

469 3789 538 3876 feu
557 3787 719 3876 ludicris
740 3787 850 3874 extri
869 3793 1031 3900 rationis
1051 3818 1174 3876 metas
1190 3792 1410 3878 auferantur
1428 3791 1642 3899 facillime,
1662 3792 1795 3904 saepibs
1810 3823 1898 3910 pto·

470 3899 741 4008 fuit,excusst
752 3907 864 3988 omni
878 3904 1259 4014 medicamentorum
1270 3905 1370 3988 sarra
1398 3908 1573 4020 ine,post
1587 3937 1661 4023 pra
1689 3909 1897 4016 arationes,

470 4038 515 4096 ut
533 4017 617 4100 lieri
663 4019 801 4120 otetit‚
822 4015 1048 4130 longiores,
1067 4019 1152 4132 post
1170 4020 1347 4130 regimen
1363 3936 1454 4102 seve
1472 4027 1515 4104 bt
1528 4049 1574 4104 ut
1588 3937 1712 4104 modo
1731 4017 1900 4135 descrip-

470 4125 587 4210 simus
606 4047 824 4236 idoneum,
851 4131 936 4247 post
959 4160 1066 4242 aquae
1084 4157 1125 4213 te
1152 4128 1222 4211 idae
1242 4127 1431 4214 diluentia
1449 4129 1609 4239 balnea,
1638 4134 1722 4246 post
1745 4136 1899 4216 cathar-

469 4238 551 4320 tica
562 4235 690 4348 lenia,
708 4245 809 4327 inter
822 4272 906 4353 quae
921 4272 1028 4356 aqua
1041 4159 1286 4328 Sedlcenses
1305 4245 1478 4356 prostant
1490 4244 1568 4330 sale
1585 4242 1756 4329 alcalino
1776 4249 1900 4332 minc·

468 4345 541 4432 rali
566 4350 743 4460 referta,
772 4355 870 4470 ipsas
898 4357 947 4442 ad
974 4355 1112 4442 balnea
1140 4364 1183 4441 ὃ(
1212 4381 1353 4470 potum
1382 4387 1569 4470 aquarum
1595 4357 1901 4444 sudoriserarurn

468 4484 587 4570 atque
599 4461 894 4588 abstergendum
909 4472 1137 4574 amandare,
1160 4499 1244 4582 qua
1268 4475 1359 4554 cum
1379 4473 1499 4587 hepar
1516 4469 1709 4584 sulphuris
1724 4465 1748 4554 h
1763 4470 1902 4556 naturi

469 4571 695 4696 confeepnn
711 4583 940 4666 contineant
952 4610 1070 4694 atque
1088 4579 1312 4689 redoleant,
1328 4581 1620 4694 caloremque‘i
1634 4581 1771 4668 natura
1785 4613 1903 4670 acce·

466 4687 618 4800 perint,
644 4713 826 4800 potenter
847 4698 1026 4778 omnium
1051 4701 1264 4780 humorum
1290 4697 1426 4778 crasrm
1450 4701 1681 4802 immutant,
1707 4697 1903 4814 perspira-

465 4800 620 4886 tionem
640 4823 758 4916 atque
778 4803 1069 4894 exhalationem
1089 4806 1239 4896 summe
1263 4807 1479 4922 adaugent,
1507 4818 1550 4897 ἃ
1577 4837 1782 4898 meatuum
1806 4807 1902 4896 obs·
