4228 5898
457 435 532 514 ηε
708 417 803 508 DE
850 417 1150 511 MORBIS
1203 345 1605 514 CUTAllElS.

455 585 708 700 acredinem,
726 579 848 702 opem
867 585 1092 703 praesentem
1116 587 1229 673 seret.
1257 587 1368 673 Tum
1388 589 1508 676 etiam
1526 589 1816 677 medicamenta
1829 583 1888 675 la·

455 703 587 786 xantia
619 727 669 786 ex
691 700 778 786 sero
810 697 949 806 laetis,
980 697 1110 785 herbis
1144 699 1331 810 levibus,
1374 702 1565 790 oleraceis
1594 701 1886 820 aperientibus,

452 815 636 921 soncho,
660 809 837 920 laslucb,
866 829 1051 898 taraxaco
1084 813 1307 900 adhibenda
1331 843 1457 904 erunt
1481 814 1589 900 Salia
1618 843 1777 923 neutra,
1803 844 1889 902 non

455 926 669 1034 irritantia,
702 929 854 1041 gummi
878 925 1096 1040 saponacea
1121 925 1250 1033 levia,
1279 933 1483 1014 autetiam
1508 930 1671 1047 sapones
1694 957 1776 1012 arte
1801 957 1887 1012 ma·

453 1039 567 1157 gistri
583 1041 675 1125 faoi
699 1043 880 1152 paginam
898 1037 1133 1151 implebunt.
1157 1041 1261 1150 Quis
1277 1040 1421 1128 talibus
1442 1047 1485 1128 in
1500 1040 1648 1147 casibus
1662 1040 1802 1126 audeat
1819 1065 1888 1124 aut

452 1154 601 1248 stibiata
612 1215 628 1262 ,
656 1177 723 1236 aut
738 1151 983 1236 mercurialia
1004 1152 1203 1268 proferre?
1877 1180 1881 1208 ⁸

510 1272 567 1356 At
599 1267 658 1352 2⁰.
686 1267 714 1347 sr
738 1267 824 1380 post
849 1263 1014 1348 multam
1040 1267 1280 1384 praegrellam
1298 1264 1544 1354 diluentium
1566 1293 1685 1380 atque
1707 1265 1887 1352 relaxan-

452 1384 555 1468 tium
577 1383 772 1464 ablionem
795 1381 893 1462 stent
916 1380 1043 1486 vires,
1068 1378 1288 1464 fundiones
1307 1383 1478 1494 integras
1501 1410 1637 1494 arguar
1665 1389 1748 1463 tbm
1782 1377 1886 1463 libe-

453 1499 533 1580 rius
552 1494 800 1577 funtlionum
821 1495 1082 1598 exercitium,
1099 1496 1183 1576 tum
1202 1492 1312 1577 alvus
1330 1489 1430 1578 bene
1456 1521 1631 1600 morata,
1647 1498 1733 1577 thm
1753 1493 1888 1576 urina·

452 1635 544 1690 rum
566 1608 756 1691 flavarum
775 1605 903 1688 fluxus
925 1601 1109 1713 liberior,
1126 1635 1219 1688 cum
1241 1605 1406 1690 naturali
1421 1607 1639 1718 hypostasi,
1664 1633 1757 1689 tunc
1783 1603 1889 1686 lice<
2015 1692 2022 1704 ,

347 1781 353 1788 -
453 1716 514 1804 bit
532 1748 583 1806 ea
608 1716 796 1803 exhibere
820 1717 993 1802 remedia
1022 1748 1106 1828 quae
1128 1719 1272 1832 possrnt
1301 1747 1441 1836 omnes
1470 1714 1582 1836 hmul
1607 1716 1789 1832 augendo
1813 1745 1887 1798 va-

454 1837 688 1936 cuandum,
715 1855 841 1944 partes
873 1831 1058 1944 sanguini
1079 1828 1260 1916 sufficere
1286 1857 1429 1918 natura
1463 1829 1632 1914 maxime
1662 1827 1884 1940 analogas,

420 1971 424 1979 ’
453 1975 539 2060 quae
559 1969 739 2032 veterum
765 1949 806 2026 bt
835 1969 958 2058 expur
986 1967 1135 2025 atarum
1155 1941 1295 2028 locum
1314 1963 1421 2028 occu
1448 1969 1585 2049 antes,
1611 1940 1701 2026 salia
1716 1938 1882 2048 leniora,

451 2059 546 2144 olea
571 2056 780 2162 dulciora,
803 2062 845 2139 bc
871 1973 1137 2166 quadantenus
1162 2054 1382 2176 saponac'ea
1407 1973 1614 2139 sufficiant.
1642 2053 1764 2152 Talea
1795 2053 1884 2138 sunt

450 2171 591 2290 plante
604 2168 681 2256 illae
700 2171 916 2284 aperientes
936 2196 1020 2279 quae
1041 2165 1441 2285 salem'saponaceum
1456 2168 1550 2254 oleo
1576 2166 1657 2254 leni
1683 2176 1725 2252 bt
1748 2169 1882 2250 nativo

387 2328 395 2341 ·
450 2283 622 2369 dilutum
649 2281 855 2404 possident.
875 2281 928 2366 Et
950 2284 1139 2392 quoniam
1161 2310 1209 2369 ea
1228 2315 1312 2395 quae
1331 2283 1547 2369 tenuiffrma
1571 2283 1659 2371 sunt
1683 2280 1796 2364 altibs
1813 2305 1885 2393 pe·

451 2415 607 2481 netrant
620 2457 634 2503 ,
663 2401 705 2484 δι
731 2391 812 2502 jam
832 2391 1033 2479 elaborata
1052 2398 1177 2508 magis
1199 2399 1241 2479 in
1274 2423 1417 2481 naturae
1454 2393 1617 2478 officiml
1640 2397 1769 2479 minus
1794 2423 1884 2476 mu·

449 2533 582 2594 tantur
597 2512 640 2592 in
654 2536 726 2592 cor
753 2533 840 2615 ore,
855 2505 1019 2618 suntque
1033 2508 1499 2615 tenuissrmaesubstantiae,
1520 2533 1564 2590 ut
1578 2537 1670 2590 cum
1684 2504 1881 2592 veteribus

449 2624 589 2706 nostris
614 2623 716 2734 mag'
768 2623 800 2710 is
826 2619 995 2730 loquar,
1022 2618 1213 2736 seligendi
1241 2623 1329 2709 sunt
1361 2621 1470 2705 succi
1501 2619 1524 2704 ὲ
1547 2621 1730 2704 nasturtio
1755 2681 1770 2725 ‚
1807 2649 1883 2732 cof

449 2731 625 2820 chleuril
634 2796 650 2841 ,
674 2731 974 2849 choerophillo,
994 2732 1185 2840 fumarib,
1209 2733 1385 2849 b'plantis
1402 2735 1568 2840 amaris,
1587 2728 1881 2820 levitervolati-

450 2844 555 2932 libus
580 2848 715 2964 petiti,
741 2851 809 2958 qui
835 2847 993 2962 possunt
1013 2847 1097 2932 fere
1127 2877 1210 2939 non
1231 2850 1370 2932 mutati
1390 2849 1493 2930 inhbs
1519 2843 1669 2954 subire,
1701 2849 1880 2933 coctioni

450 2961 612 3067 favere,
631 2963 761 3042 urinas
785 2967 827 3042 br
852 2959 1172 3075 perspirationem
1195 2958 1310 3043 srmul
1334 2958 1492 3044 elicere.

507 3071 584 3156 Hc
613 3069 753 3186 plante
784 3069 831 3154 ea
859 3071 1053 3156 methodo
1077 3070 1272 3156 sumendae
1300 3072 1415 3179 sunt,
1444 3070 1521 3183 quai
1554 3067 1694 3156 succus
1724 3067 1880 3156 illarum

258 3214 264 3224 ·
335 3265 343 3272 .
448 3183 547 3271 'ilum
567 3188 668 3275 intra
686 3182 915 3295 sanguinem
930 3183 1052 3272 fertur
1058 3246 1072 3290 ,
1091 3187 1145 3268 ita
1162 3183 1302 3268 intimb
1315 3181 1375 3270 illi
1390 3181 1695 3268 commisceatur
1701 3204 1715 3290 ,·
1735 3208 1780 3267 ut
1797 3169 1881 3270 ferd

451 3296 566 3382 nullo
587 3321 768 3412 tempore
787 3294 836 3380 ab
851 3293 937 3381 'illis
959 3321 1096 3404 vacet,
1119 3295 1186 3389 sed
1204 3326 1345 3390 eorum
1363 3296 1529 3383 tinblurai
1555 3298 1660 3407 quasr
1683 3293 1881 3381 imbutum

451 3438 596 3524 corpur
614 3437 761 3495 novam
782 3411 996 3494 humorum
1021 3410 1192 3494 formam
1214 3415 1370 3526 prorshs
1386 3410 1533 3496 induat.
1552 3407 1618 3496 Ab
1635 3407 1799 3494 illorum
1816 3440 1881 3496 ac-

450 3527 592 3630 tione,
614 3529 707 3607 cbm
728 3525 982 3661 novuspltor
1000 3521 1154 3608 affletur
1177 3523 1259 3608 san'
1300 3527 1353 3607 'ni
1365 3586 1380 3631 ,
1410 3527 1503 3607 cum
1536 3549 1664 3636 partes
1689 3549 1880 3608 extraneo

449 3660 570 3747 atque
591 3640 764 3742 nociva,
791 3661 858 3720 aut
877 3634 1133 3742 edomentur,
1153 3661 1221 3720 aut
1240 3555 1378 3720 sallem
1395 3663 1621 3741 mutentur,
1646 3635 1815 3722 nascitur
1830 3637 1880 3719 sr-

392 3847 400 3866 ·
450 3747 537 3832 mul
562 3777 612 3834 ex
639 3751 695 3834 rei
719 3748 943 3832 necessitate
971 3775 1097 3833 novus
1120 3774 1466 3834 excrementorum
1490 3773 1724 3865 proventus.¹
1742 3751 1878 3856 Nam,

450 3859 612 3948 Galeno
636 3862 690 3950 sro
713 3885 903 3948 monente
913 3920 929 3966 ,
953 3867 997 3944 bt
1027 3858 1302 3947 observatione
1326 3891 1410 3950 rem
1440 3865 1735 3968 confirmante,
1770 3859 1878 3946 nulla

450 3980 497 4060 sit
512 3978 727 4062 humorum
742 3975 935 4079 mutatio,
950 3972 1030 4056 sme
1045 3973 1196 4067 soccum
1210 3977 1479 4098 generatione.
1491 3975 1601 4062 Hinc
1617 4001 1758 4060 eorum
1775 3978 1876 4060 aelio

451 4089 668 4176 identidem
687 4082 1003 4202 interrumpenda
1023 4082 1163 4172 locum
1187 4087 1306 4174 cedet
1331 4084 1615 4194 vomentibus,
1641 4117 1714 4202 pro
1742 4086 1878 4174 naturh

450 4199 609 4307 morbi,
629 4231 702 4318 pro
734 4199 966 4290 conditione
996 4202 1210 4311 corporis,
1243 4230 1318 4316 pro
1349 4198 1496 4285 robore
1526 4205 1644 4284 atatis
1672 4204 1877 4286 variandis.

452 4311 528 4396 Illa
546 4317 641 4396 verb
662 4313 778 4396 susrhs
796 4317 1041 4397 innumerare
1059 4311 1346 4399 medicamenta
1371 4311 1483 4420 hujus
1499 4313 1583 4397 loci
1604 4344 1686 4398 non
1701 4315 1767 4420 est,
1785 4321 1878 4398 cum
1904 4397 1913 4416 ,

453 4422 612 4514 aliunde
627 4423 709 4510 ferd
735 4452 896 4508 omnem
916 4423 1164 4510 alterantium
1180 4424 1337 4520 classem
1358 4455 1431 4542 pro
1449 4455 1492 4516 re
1509 4424 1598 4522 natal
1628 4437 1671 4520 ὅ(
1695 4425 1784 4514 data
1802 4459 1879 4522 oc·

453 4535 611 4624 casrone
635 4535 777 4650 pollint
796 4539 1146 4648 comprehendere.
1277 4601 1282 4612 ·

511 4647 634 4758 Nunc
654 4644 805 4733 scilicet
818 4645 900 4733 bile
913 4648 1074 4762 spissiori
1096 4661 1139 4738 bt
1160 4682 1291 4740 morus
1310 4641 1537 4768 inpropriis
1558 4655 1655 4738 vasu
1674 4656 1875 4760 trahente,

453 4787 585 4850 amara
598 4821 614 4882 ,
637 4761 910 4882 amaricantia,
936 4759 1028 4850 salia
1059 4793 1198 4862 neutra
1224 4796 1301 4882 pra
1326 4764 1411 4853 aliis
1431 4763 1654 4865 adhibenda
1689 4765 1806 4964 spur,
1834 4775 1875 4851 bc

1724 4905 1876 4968 aarum
