4246 5900
466 441 524 524 tt
717 431 813 516 DE
846 426 1190 516 'MORBIS'
1231 425 1630 516 co‘TaNEIS.

468 607 552 708 qu'ae
575 623 746 710 corpora
769 593 856 708 plus
879 591 1092 710 perspirant
1104 652 1119 697 ‚
1143 598 1185 676 dt
1211 590 1300 708 plue
1325 593 1667 711 comedunt‚plue
1687 595 1807 680 etiam
1821 587 1901 680 so'r-

457 709 579 794 dium
608 706 871 792 accumulant.
899 706 958 788 Ita
985 730 1029 788 ut
1049 702 1324 791 observatione
1350 734 1600 822 compertum
1627 709 1770 814 fuerit,
1793 706 1901 792 absti-

464 849 601 908 nentes
615 819 702 904 illas
715 820 884 903 faeminas
896 816 1181 906 ul'ttmt'umt
1192 879 1207 927 ‚
1226 847 1301 904 nec
1314 816 1466 925 linteis,
1478 847 1553 904 nec
1573 824 1656 906 cuti
1674 821 1808 906 sordes
1822 823 1895 906 im·

467 939 649 1050 primore.
674 935 731 1016 At
750 928 863 1016 simul
881 955 989 1044 patet
1007 929 1229 1014 nullatenus
1247 931 1429 1016 eamdem
1448 932 1526 1017 elle
1536 995 1551 1038 ‚
1565 959 1632 1018 aut
1646 931 1794 1020 debete
1806 996 1821 1041 ,
1834 962 1902 1020 aut

467 1045 578 1182 polle
592 1044 766 1130 sordium
780 1068 970 1126 nauatam.
994 1044 1094 1132 Non
1113 1072 1190 1126 una
1207 1044 1314 1126 enim
1336 1043 1540 1140 &eadem
1568 1048 1622 1130 est
1647 1075 1720 1160 pro
1742 1048 1900 1132 diversas

467 1156 720 1244 influentibus
736 1157 856 1243 causas
867 1181 934 1239 aut
949 1151 1237 1270 perspirarionis
1253 1181 1320 1238 aut
1329 1154 1516 1241 sudorum
1531 1183 1678 1244 natura.
1693 1159 1899 1244 Piaculum

466 1267 565 1357 'esset
581 1269 736 1357 easdem
756 1267 890 1352 sordet
912 1271 1117 1384 capellare
1136 1263 1185 1350 ab
1207 1269 1253 1352 iis
1273 1265 1390 1378 quib
1445 1273 1527 1354 ravi
1563 1278 1605 1354 dr
1625 1301 1788 1357 mucum
1811 1303 1897 1358 mu·

468 1411 578 1472 tante
599 1381 768 1488 morbo,
785 1379 919 1492 quales
941 1381 1027 1464 sunt
1039 1376 1222 1486 variole,
1234 1379 1402 1466 convale
1420 1408 1540 1487 cunt,
1562 1391 1604 1466 dr
1618 1385 1665 1468 iis
1685 1387 1751 1494 qui
1767 1384 1896 1469 sanam

469 1496 746 1607 robustamque
760 1497 882 1580 vitam
897 1520 1031 1606 agunt.
1044 1492 1266 1580 Eliciuntur
1280 1492 1376 1608 saepe
1396 1496 1436 1577 in
1447 1494 1618 1579 maxime
1634 1494 1770 1582 calidis
1783 1500 1900 1582 Arne·

468 1611 610 1694 ricania
635 1601 863 1723 regionibus
890 1605 1055 1694 sudores
1070 1635 1170 1720 quot
1190 1608 1428 1692 comitantur
1450 1605 1605 1721 pustulat
1627 1608 1830 1694 nascentes
1848 1612 1897 1694 li-
1946 1653 1951 1662 ·

466 1719 579 1830 mul,
610 1718 723 1805 srmul
750 1717 1021 1806 concidentes.
1047 1717 1101 1804 Et
1127 1722 1140 1802 i
1169 1719 1221 1804 se'
1239 1719 1404 1804 sudores
1426 1716 1448 1802 l
1468 1717 1579 1805 febre
1601 1719 1646 1804 sae
1674 1720 1697 1805 ὲ
1719 1722 1801 1806 vidi
1829 1727 1898 1833 qui

430 1847 439 1860 ‘
467 1865 562 1920 curn
578 1836 771 1918 anxietate
786 1826 936 1917 summi
953 1836 1077 1917 cutim
1165 1858 1300 1922 cerent
1309 1893 1324 1939 ,
1342 1834 1534 1948 pruritum
1552 1749 1672 1915 simul
1691 1861 1899 1920 enormem

466 1951 510 2032 in
524 1945 573 2034 ei
591 1947 864 2046 concitarent;
880 1947 963 2028 imb
987 1953 1028 2029 dr
1051 1944 1100 2029 ad
1117 1969 1263 2060 ugrum
1289 1943 1566 2031 accedentibus
1586 1949 1810 2033 sternutatio
1826 1975 1896 2033 ex-

466 2063 668 2146 citaretur.
694 2055 806 2142 Talis
830 2056 938 2148 certe
959 2056 1111 2142 sudoris
1135 2087 1221 2174 pars
1248 2057 1485 2144 solidescens
1510 2062 1609 2142 acris
1630 2086 1726 2144 erat.
1751 2061 1819 2147 Ne
1842 2059 1897 2146 lo

467 2203 565 2284 quar
580 2175 646 2256 hic
665 2171 715 2256 de
730 2173 777 2254 iis
796 2200 896 2280 quos
917 2171 1125 2254 fricatione
1143 2171 1300 2254 flamma
1316 2167 1454 2256 lucens
1468 2169 1692 2284 perfundit,
1717 2201 1806 2258 raro
1819 2201 1894 2258 nec

466 2282 571 2368 alme
592 2313 766 2394 unquam
789 2283 902 2388 viso,
925 2282 992 2366 sed
1012 2283 1115 2400 apud
1130 2286 1306 2366 auctores
1320 2311 1402 2366 non
1418 2281 1594 2366 inaudito
1614 2282 1824 2401 exemplo,
1846 2285 1896 2372 de

465 2427 549 2508 quo
581 2397 672 2481 vide
704 2394 979 2479 Bartholinum
1013 2397 1175 2478 nablatu
1211 2391 1261 2480 de
1285 2392 1379 2480 luce
1410 2393 1649 2481 animalium.
1698 2398 1895 2513 Specilica

466 2513 613 2621 cuique
642 2506 818 2592 sordium
845 2534 981 2620 natura
1007 2533 1072 2606 ,ex
1120 2505 1394 2592 observatione
1433 2505 1716 2622 comprobatur
1739 2541 1753 2611 3
1804 2539 1893 2592 nam

356 2716 358 2733 Ι
467 2621 595 2706 odora
618 2651 761 2706 canum
789 2623 847 2704 vis
876 2623 1014 2705 herum
1029 2622 1130 2702 inter
1148 2617 1247 2704 alios
1273 2618 1484 2728 discernit,
1515 2649 1590 2706 nec
1616 2625 1733 2706 etiam
1750 2619 1893 2708 obtuso

466 2737 599 2819 nostro
628 2734 813 2842 odoranti
838 2732 945 2818 idem
972 2733 1025 2817 est
1051 2731 1252 2853 odorq'ri
1273 2760 1320 2815 ac
1345 2733 1505 2818 faenrinae
1517 2797 1533 2840 ,
1585 2737 1668 2818 ueri
1696 2763 1743 2819 ac
1777 2732 1893 2821 senis.

464 2847 575 2932 Ciam
606 2839 778 2931 veroin
809 2845 966 2930 diverfio
998 2835 1170 2958 partibus
1200 2843 1349 2929 diversa
1380 2849 1498 2931 etiam
1535 2759 1707 2930 sbrdium
1743 2839 1893 2959 species

463 2958 780 3070 expoliandam,
797 2983 845 3037 an
860 2955 942 3038 non
957 2961 1076 3039 etiam
1090 2955 1182 3040 inde
1197 2954 1430 3042 morborum
1444 2983 1700 3044 cucaneorum
1718 2958 1896 3045 differem

462 3073 521 3154 tia
543 3071 735 3181 exurgit?
757 3068 817 3150 Ita
837 3070 878 3149 in
903 3071 1032 3182 pueris
1058 3068 1108 3152 ad
1132 3095 1242 3154 aures
1268 3078 1311 3156 δι
1333 3097 1451 3184 caput
1472 3069 1679 3155 nascuntur
1703 3069 1893 3158 facillime

465 3179 628 3287 morbi,
658 3183 699 3262 in
734 3180 896 3264 feminis
921 3179 972 3264 ad
996 3181 1179 3294 inguina,
1209 3184 1252 3264 in
1282 3186 1376 3267 viris
1398 3183 1446 3266 ad
1474 3184 1648 3268 scrotum
1672 3184 1781 3294 quod
1810 3213 1895 3271 nort

464 3295 572 3400 rard,
596 3319 640 3377 ut
651 3289 780 3378 verbio
793 3291 1089 3408 Hippocraticis
1108 3317 1208 3400 utar,
1223 3295 1413 3491 apffm
1429 3297 1503 3403 ell,
1518 3323 1585 3380 aut
1601 3295 1650 3379 ad
1661 3323 1837 3381 mentum
1852 3307 1895 3384 bt

465 3405 562 3492 loca
577 3403 665 3522 pilis
686 3406 795 3490 foeta.
817 3405 866 3488 In
883 3403 1037 3490 senibus
1055 3406 1103 3491 ad
1129 3436 1242 3491 crura
1327 3434 1469 3492 cuntur
1494 3418 1536 3495 br
1564 3433 1680 3493 artua.
1703 3410 1894 3494 Sordiunt

467 3522 672 3636 proprium
694 3519 746 3604 est
768 3518 1051 3632 epidermidem
1080 3518 1339 3604 firtfuraceam
1363 3520 1495 3606 facere
1507 3586 1520 3628 ,
1545 3531 1587 3606 dr
1607 3517 1784 3606 lichenes
1809 3551 1895 3635 pto·

461 3659 602 3718 creare
618 3665 628 3714 t
651 3629 831 3746 praterel
843 3633 941 3715 verb
953 3632 1118 3716 mucoeb
1134 3631 1268 3718 natural
1281 3632 1417 3716 nidum
1431 3634 1603 3746 praebent
1619 3637 1734 3718 variis
1749 3665 1832 3744 quat
1845 3635 1893 3719 ad

463 3747 594 3830 cutim
608 3745 712 3829 nasci
738 3743 895 3858 poliunt
913 3743 1077 3832 insedit.
1877 3767 1882 3782 ·

244 3905 271 3974 ς,
305 3885 356 3960 11,
539 3857 749 3975 Applicata
770 3856 981 3942 adventitia
1002 3863 1095 3941 clun
1127 3858 1291 3943 morbos
1315 3885 1505 3944 cutaneos
1528 3857 1746 3965 invehunt,
1773 3886 1893 3972 agunt

186 3981 385 4076 Depgpllcatis
394 3977 445 4044 ad·
469 3998 538 4056 aut
558 3972 746 4056 irritando
775 3994 893 4080 atque
927 3967 1154 4054 vellicando
1181 3976 1328 4077 cutim,
1351 3999 1417 4056 aut
1439 3968 1521 4079 ejus
1548 3971 1769 4054 strulluram
1792 3973 1893 4056 strin-

166 4079 299 4136 ’Μ
470 4085 633 4198 gendo,
656 4111 722 4167 aut
752 4083 913 4166 detnlun
939 4082 1027 4166 vasa
1050 4080 1278 4198 obstipando
1304 4109 1495 4190 cotanen,
1518 4079 1564 4166 eal
1586 4108 1720 4168 tamen
1736 4081 1826 4198 lege
1848 4111 1892 4169 ut

470 4223 609 4282 omnen
623 4195 697 4278 illae
716 4198 887 4280 alliones
904 4256 919 4302 ,
935 4197 978 4276 in
994 4195 1072 4278 und
1093 4217 1210 4308 atque
1229 4194 1366 4280 eadem
1385 4201 1567 4282 uniantur
1590 4221 1707 4305 atque
1719 4196 1767 4278 ad
1787 4223 1893 4278 earn-

470 4307 563 4393 dem
584 4307 724 4420 agendi
749 4335 928 4392 normam
955 4306 1181 4392 referantur.
1205 4309 1312 4394 Nam
1344 4335 1429 4418 quat
1460 4313 1548 4392 lirin
1577 4334 1649 4391 unt
1661 4369 1676 4412 ‚
1711 4309 1889 4410 irritant3

455 4447 554 4530 ·quae
573 4421 723 4504 irritant
735 4481 748 4527 ‚
774 4419 961 4530 stringunt
973 4481 989 4526 ‚
1012 4428 1054 4503 dr
1073 4420 1234 4504 demam
1261 4415 1370 4504 nulla
1393 4423 1494 4506 cutis
1520 4337 1725 4531 obstipatio
1748 4427 1770 4502 a
1794 4419 1891 4506 valta

461 4532 667 4647 pendens,
693 4557 810 4642 atque
828 4528 991 4614 morbos
1015 4533 1185 4618 inlerem
1214 4559 1403 4618 euraneoe
1425 4529 1592 4642 intelligi
1613 4531 1763 4644 potest,
1793 4535 1888 4642 quin

467 4647 586 4730 etiam
615 4645 801 4728 &irritet
828 4651 870 4726 dr
889 4643 1068 4754 stringat,
1088 4646 1265 4758 alioquin
1286 4649 1437 4731 exitum
1460 4645 1619 4728 humori
1648 4641 1739 4727 inde
1767 4645 1888 4760 prost-
2009 4727 2015 4738 ,

465 4757 578 4846 lienti
594 4754 826 4870 denegando
849 4783 955 4842 retro
983 4751 1175 4845 ulstonem
1197 4761 1329 4872 potiitr
1353 4755 1377 4843 l
1401 4783 1494 4845 cute
1516 4753 1664 4844 faceres
1685 4753 1887 4870 periculo·

464 4871 548 4960 sam
563 4869 680 4988 qulrn
699 4865 911 4956 morbum·
959 4893 1061 4956 erret
1080 4897 1306 4962 cutaneum.
