4186 5908
470 453 556 538 ²44
908 423 1017 516 DE
1086 425 1137 513 Μ
1166 425 1210 512 0
1238 425 1284 514 R·
1309 423 1347 514 B
1374 427 1453 514 I·8

472 566 642 787 pmninb
667 573 863 724 iepleatui
875 658 892 705 ,
922 573 1058 711 paucis
1095 580 1309 680 admodum
1334 580 1549 678 intervallis
1576 584 1627 674 ad
1652 585 1910 703 eruptionum

491 733 658 792 ormam.

442 905 444 912 ,
512 817 668 918 ¹Tertia
691 819 850 906 demum
875 819 900 903 s
909 823 1026 924 ¹ecies
1044 823 1167 906 rarior
1188 821 1240 908 est
1260 848 1345 933 quae
1363 841 1447 903 non
1470 815 1662 905 ambitum
1680 815 1808 901 modo
1826 816 1909 900 cir-

438 1027 440 1034 ,
475 929 651 1019 cularem
677 930 859 1041 obtinet,
882 852 951 1021 sbd
973 939 1092 1022 etiam
1112 935 1279 1042 ¹fundum
1304 935 1471 1018 omninb
1497 927 1718 1016 rubentem.
1745 925 1846 1012 Haec
1864 929 1908 1012 in

463 1042 560 1144 -aliis
589 1044 762 1162 partibus
789 1075 899 1157 rara,
923 1051 966 1133 in
989 1044 1104 1133 vultu
1129 1047 1240 1154 soedb
1270 1045 1516 1158 frequentior
1547 1045 1622 1129 cib·
1643 1043 1711 1127 An
1740 1043 1827 1128 haec
1854 1043 1908 1126 est

463 1184 676 1274 ‘mentagra
690 1158 830 1248 Pliniii
843 1161 954 1278 Saepl
968 1158 1077 1246 certe
1091 1183 1184 1245 cum
1198 1153 1324 1245 fundo
1336 1159 1522 1244 miscetur
1536 1152 1588 1242 lte
1635 1158 1768 1262 etico,
1781 1153 1906 1262 unde,

356 1305 361 1314 ·
464 1267 632 1356 sublatis
648 1276 716 1383 qui
730 1275 861 1388 primo
873 1300 1130 1391 apparuerant
1143 1263 1365 1360 lichenibus
1371 1335 1386 1378 ,
1402 1275 1443 1356 in
1456 1291 1593 1358 verum
1638 1293 1679 1353 er
1707 1274 1813 1353 etem
1826 1297 1908 1352 mu·

465 1404 587 1468 tatur.
612 1386 892 1501 Contposrtum
909 1415 1009 1502 ergo
1024 1385 1211 1472 morbum
1232 1389 1455 1493 constituit,
1476 1413 1560 1468 non
1582 1299 1814 1508 stmpiicem.
1832 1379 1907 1466 Illa

427 1597 429 1602 Α
467 1493 567 1611 saepb
585 1525 754 1584 venerea
773 1502 837 1584 eli.
853 1497 1112 1586 0Lichenibus
1131 1502 1192 1586 hit
1215 1494 1331 1584 aliam
1354 1497 1486 1584 morbi
1504 1496 1675 1612 speciem
1695 1494 1908 1608 adjungere

463 1604 591 1693 -liceat
605 1635 723 1722 quam
741 1642 834 1698 cum
855 1617 1058 1727 porrigine
1070 1611 1193 1722 velim
1207 1610 1423 1719 confundi,
1444 1610 1472 1693 st
1491 1612 1653 1725 porrigo
1674 1607 1722 1691 ad
1741 1605 1907 1692 morboe

471 1748 660 1809 cutaneos
682 1729 725 1808 in
747 1727 876 1842 capite
897 1728 1079 1842 proprios
1100 1756 1183 1838 non
1203 1725 1405 1811 referenda
1424 1723 1538 1808 elien
1559 1718 1800 1827 Huiusmodi
1821 1719 1906 1806 ele-

466 1835 1350 2037 lilil”iltlrldlllllllllrllssi
1371 1836 1623 2033 illis?
1633 1833 1906 2058 „liridi

468 2063 712 2175 quagenario
728 2049 1049 2172 &Aremorico3
1069 1982 1199 2150 albida
1213 2092 1256 2150 er
1285 2096 1311 2150 o
1325 2061 1608 2174 undequaque,
1625 2059 1783 2180 attabiui
1797 2085 1907 2146 cate·

466 2177 614 2284 roquin
630 2173 784 2284 mollis,
805 2204 882 2262 nec
896 2181 1074 2290 tralianti
1085 2178 1233 2262 durior.
1255 2097 1395 2262 iacies
1414 2204 1498 2260 non
1514 2172 1729 2259 admodum
1749 2171 1903 2284 squama

458 2284 600 2394 imosa,
625 2315 701 2373 nec
723 2315 856 2375 tamen
883 2290 1094 2401 squammis
1115 2319 1264 2376 carens.
1295 2289 1550 2400 Caeterbquin
1575 2286 1686 2372 sanus
1711 2284 1900 2400 degebat,

464 2399 537 2506 nili
560 2401 670 2511 qubd
691 2405 813 2486 noctu
835 2407 937 2508 cutis
955 2404 1094 2490 ardens
1113 2404 1296 2489 somnum
1318 2400 1477 2487 arcebat
1493 2435 1506 2503 3
1525 2397 1631 2485 unde
1650 2399 1904 2484 macilentior

463 2509 588 2596 fanus
607 2510 742 2630 pejora
760 2513 832 2600 sabi
851 2514 1043 2619 timebat;
1069 2519 1289 2603 increverat
1312 2516 1449 2601 sensim
1475 2511 1665 2620 morbus,
1689 2511 1756 2598 sed
1780 2509 1903 2617 jamin

464 2621 642 2738 pluribus
666 2629 777 2713 annia
798 2625 1026 2716 eidem'lue
1048 2629 1285 2733 laborabat3
1309 2627 1543 2742 quamdam
1560 2629 1658 2710 mihi
1680 2623 1843 2735 aliisque
1858 2629 1903 2712 in

401 2749 404 2755 '
465 2736 675 2826 confilium
695 2744 833 2826 accitis
847 2741 1020 2830 Medicis
1037 2747 1229 2829 ostentare
1240 2742 1354 2850 vult,
1376 2741 1471 2825 dum
1488 2766 1615 2824 mutat
1631 2737 1765 2824 vivido
1781 2765 1901 2825 motu

461 2850 686 2961 indusium,
711 2856 938 2940 sternutatio
963 2855 1148 2941 omnibus
1173 2856 1286 2941 simul
1314 2854 1458 2940 oborta
1486 2855 1656 2938 materie
1685 2849 1902 2938 declaravit

462 2964 689 3050 acredinem
697 2963 917 3055 volatilem.
937 2967 1064 3054 Nulla
1078 2973 1319 3082 ceteroquin
1332 2965 1414 3052 ulla
1427 2971 1467 3051 in
1480 2994 1589 3083 parte
1602 2964 1772 3071 rubedo,
1786 2962 1899 3052 alvua

460 3073 684 3192 inculpata,
703 3081 816 3163 urina
831 3078 933 3166 bene
949 3086 1090 3190 cotia,
1112 3081 1232 3167 sudor
1245 3079 1377 3168 nullut
1394 3109 1582 3192 unquam.

415 3217 420 3222 ·
515 3185 585 3273 De
610 3213 716 3304 aegto
741 3189 784 3276 in
811 3197 975 3308 patriam
1003 3193 1150 3281 reduce
1178 3195 1472 3281 nihilomnino
1503 3192 1635 3277 audivi
1648 3253 1661 3292 ‚
1691 3191 1761 3276 nili
1788 3189 1899 3302 qubrl

459 3301 546 3414 poll
568 3330 718 3418 paucos
744 3328 898 3416 annos,
928 3307 1075 3394 morbo
1102 3335 1222 3395 acuto
1251 3313 1508 3422 interemptus
1539 3306 1667 3392 fuerit
1698 3303 1783 3390 Alii
1812 3307 1899 3418 poli

458 3441 611 3528 paucos
637 3445 762 3502 annos
792 3417 965 3533 perfetta
993 3418 1265 3533 convaluere,
1292 3421 1361 3508 sed
1388 3448 1474 3507 non
1499 3417 1571 3505 ille
1596 3416 1738 3534 gradus
1765 3415 1899 3502 morbi

459 3525 619 3637 aderat,
643 3557 720 3616 nec
745 3555 878 3617 tamen
903 3533 1142 3621 universalis.

515 3639 579 3724 Ex
603 3644 664 3727 hin
686 3637 775 3728 satis
797 3643 924 3732 intelli
954 3651 1030 3734 intr
1052 3649 1162 3760 qubd
1186 3645 1283 3733 ilcet
1307 3645 1485 3734 lIchenes
1509 3647 1623 3732 uniba
1643 3639 1899 3754 eiusdemque

456 3752 591 3838 morbi
612 3755 660 3839 as
676 3769 679 3776 ’
703 3759 809 3841 bium
833 3789 910 3874 prae
926 3679 969 3847 ie
986 3759 1136 3869 serant,
1157 3763 1280 3847 causis
1300 3787 1433 3864 tamen
1453 3758 1622 3844 multum
1640 3761 1743 3842 inter
1762 3758 1804 3840 se
1822 3757 1898 3840 dis-

454 3865 596 3972 serant.
624 3781 728 3956 'lieet
747 3895 886 3980 tamen¹
906 3875 1100 3992 precipue
1126 3875 1276 3993 species
1297 3879 1370 3994 tria
1393 3876 1595 3996 causarum
1616 3897 1763 3988 genera
1788 3869 1896 3954 indi·

454 4007 620 4180 cariilam
645 4095 863 4212 simplicior
886 4095 955 4182 illa
983 4105 1026 4184 bt
1083 4101 1166 4183 rior
1192 4099 1333 4186 ordine
1359 4127 1443 4210 quae
1466 4094 1564 4213 saepb
1594 4091 1896 4205 juvencularum

455 4228 574 4314 atque
598 4207 818 4320 puellarum
843 4238 978 4324 cutem
1004 4131 1234 4298 debonestat
1261 4210 1504 4316 nitidulam,
1533 4211 1581 4294 iia
1611 4209 1821 4324 presertim
1851 4211 1896 4294 in

454 4315 629 4432 partibus
645 4322 688 4403 in
707 4321 849 4434 quibua
871 4328 1018 4412 tensior
1039 4329 1113 4434 est,
1145 4329 1257 4410 utin
1284 4327 1417 4410 fronte
1447 4331 1489 4408 dt
1516 4326 1711 4430 thorace,
1742 4317 1895 4406 nullius

454 4434 649 4518 momenti
663 4435 802 4544 ⁶1³5&
817 4462 904 4522 eam
922 4440 968 4523 sae
1035 4437 1085 4525 ab
1098 4435 1493 4526 ancillarumincuritl
1509 4465 1593 4548 qua
1608 4439 1713 4522 acria
1729 4437 1813 4519 cuti
1827 4461 1897 4546 ap-

450 4539 602 4739 plicant
616 4573 775 4661 pomata
790 4576 950 4666 repeten
978 4583 1041 4636 am
1057 4554 1139 4642 vidi
1156 4589 1165 4638 :
1185 4552 1208 4638 *a
1226 4553 1362 4641 calore
1382 4554 1479 4638 aeris
1497 4547 1652 4636 insueto
1669 4558 1710 4634 dt
1728 4544 1859 4634 subito
1869 4593 1894 4662 ,·

377 4727 380 4732 .
505 4651 682 4743 hberiori
714 4664 811 4748 aeria
837 4668 1058 4780 campestris
1092 4675 1135 4752 bt
1170 4672 1298 4754 ventis
1332 4665 1483 4784 perflati
1517 4661 1618 4773 usu,
1657 4659 1895 4748 aliberiori

448 4767 498 4854 ad
528 4769 669 4856 sucum
701 4772 902 4864 ardentem
936 4779 1069 4864 alselin
1100 4783 1143 4864 in
1177 4785 1307 4896 pueris
1340 4778 1444 4862 nasci
1478 4774 1611 4863 levem
1642 4771 1895 4864 lichenosam

446 4881 615 4972 fumun
643 4883 743 5002 sape
776 4885 1015 4976 observabis.
1040 4889 1282 5014 ,Aliquando
1314 4917 1405 4978 acre
1438 4887 1587 5005 aliquid
1617 4887 1745 5002 latet,
1775 4887 1896 5006 quod
