4292 5904
674 379 1169 472 CUTA'NEI'S.
1567 407 1648 484 611

212 544 410 652 mittunt,
443 544 512 632 ubi
548 543 771 633 resecantur
803 543 936 663 capilli
967 544 1160 661 implicati
1189 548 1239 634 ad
1268 547 1490 660 aliquam'i
1519 559 1650 666 capite

211 658 451 772 distantiam,
485 657 570 746 aliis
593 663 738 748 mirum
763 660 984 774 symptoma
1009 657 1198 744 obstinate
1223 662 1466 775 negantibus.
1497 667 1649 758 Veriim

209 770 438 884 interdius
465 773 689 888 Helwigius
713 780 775 880 (a)
798 776 1095 887 hemotragiam
1122 772 1214 858 inde
1243 801 1374 860 natam
1402 806 1509 864 antio
1540 793 1592 868 16
1594 813 1644 892 53

209 883 330 989 vidit,
347 884 398 967 ad
411 913 583 970 mortem
598 887 721 996 usque
731 950 746 994 ,
760 889 851 1002 post
864 890 1008 972 uirium
1026 884 1253 1001 prolapsum
1272 890 1314 971 in
1327 885 1469 993 juvene
1487 892 1646 980 Polono

208 997 278 1080 cui
304 996 463 1086 mesura
486 1001 528 1082 in
547 999 708 1085 variolis
734 1001 869 1086 resedi
895 1001 1050 1085 fuerant
1077 1031 1124 1085 ca
1153 997 1211 1084 illi
1238 999 1343 1116 plici
1371 1004 1513 1089 assesii.
1537 1008 1646 1094 Cum

205 1107 533 1225 symptomatibus
554 1114 630 1198 istis
648 1112 896 1200 miscetur-su
949 1115 1090 1222 rstirio,
1116 1030 1181 1198 siu
1193 1118 1333 1228 petiis
1345 1119 1492 1232 ¹opinio
1511 1119 1666 1232 praeju-¹

208 1220 352 1329 dicata,
365 1225 512 1333 qubdsi
527 1225 751 1314 resecentur
765 1227 857 1311 cirri
895 1141 1026 1334 sitisti,
1042 1225 1307 1314 illicbon'mia
1321 1228 1644 1344 denubingruant

208 1333 470 1450 symptomata
493 1369 577 1450 quae
600 1339 747 1454 plicam
771 1257 951 1426 nondlun
976 1340 1212 1454 explicatam
1241 1342 1537 1456 precesserant,
1568 1370 1645 1430 tre-

207 1477 320 1550 mor,
341 1448 554 1536 oculorum
578 1456 727 1560 fluxio,
752 1455 926 1560 cacitas,
954 1452 1086 1540 donec
1112 1457 1352 1540 recreverinr
1375 1454 1424 1538 ad
1448 1459 1644 1570 pristinam

206 1557 499 1676 longitudinem
526 1566 661 1652 referii
687 1565 848 1682 capilli3
901 1566 985 1652 uod
1008 1567 1170 1677 quidem
1201 1566 1430 1684 amplissime
1459 1567 1643 1662 refutavit
1769 1617 1778 1628 ·

208 1673 489 1764 Skummovius
512 1684 769 1794 pronuntians
796 1681 838 1766 se
864 1598 953 1796 pilus
981 1677 1100 1790 quim
1123 1681 1283 1794 triginta
1310 1679 1433 1795 plicas
1457 1683 1535 1766 sine
1559 1680 1641 1770 ulli

204 1784 550 1898 noxiresecuisse,
573 1794 827 1904 quodtamen
841 1792 1051 1882 uonausua
1067 1819 1170 1900 erat,
1193 1795 1455 1878 nec'smereiit
1469 1793 1640 1902 Polum,

202 1900 274 1982 nisi
294 1899 440 1986 morbo
465 1909 571 2019 priiu
595 1935 665 2022 per
685 1909 935 2023 appropriata
957 1905 1248 1990 medicamenta
1271 1902 1505 2010 debellato:
1533 1909 1642 1994 Stat·

206 2010 390 2126 nigellius
407 2041 539 2104 tamen
546 2080 561 2125 ,
583 2023 625 2102 in
643 2021 807 2106 Litteris
820 2019 869 2104 ad
885 2018 1145 2104 Academiam
1158 2017 1386 2102 Patavinam
1393 2077 1409 2125 ,
1433 2021 1536 2103 inter
1553 2019 1642 2138 plu-

203 2126 302 2210 rima
318 2127 580 2241 symptomata
599 2130 700 2218 illud
721 2135 840 2218 etiam
866 2128 1057 2217 recenset.

259 2237 408 2324 Verum
438 2244 480 2326 in
510 2247 630 2330 tertio
656 2243 789 2331 morbi
816 2243 965 2349 stadio,
997 2242 1113 2355 plicis
1141 2237 1219 2345 jam
1248 2239 1335 2324 fuse
1359 2241 1565 2354 explicatis
1596 2249 1639 2328 st

203 2351 560 2463 propendentibus,
578 2356 603 2436 s
622 2380 840 2468 mptomata
857 2357 993 2436 omnia
1009 2349 1310 2456 conticescunt,
1325 2359 1374 2435 δι
1389 2379 1440 2435 ex
1458 2355 1640 2448 omnium

203 2465 408 2546 anitiorum
429 2389 644 2573 consentia,
674 2463 824 2552 multos
843 2464 980 2552 videre
1000 2467 1052 2548 est
1068 2459 1248 2548 Polonos
1260 2523 1276 2568 ,
1299 2465 1382 2546 imb
1403 2469 1445 2546 δι
1464 2463 1638 2572 vitulos,

203 2574 272 2682 qui
286 2572 431 2686 plicam
446 2578 610 2662 innoxie
630 2580 786 2686 ferunt,
809 2581 895 2663 imb
915 2585 958 2662 bt
981 2603 1070 2662 eam
1088 2572 1243 2660 babent
1265 2603 1343 2769 pro
1367 2574 1637 2689 praeservativa

202 2684 385 2772 adversita
412 2717 551 2776 omnes
579 2695 805 2806 ingruentes
837 2689 923 2776 aliis
949 2689 1000 2774 de
1026 2691 1148 2773 causis
1175 2717 1263 2772 mor
1294 2716 1352 2772 os.
1381 2690 1481 2772 Non
1505 2713 1639 2776 tamen

200 2799 387 2885 omnibus
407 2805 572 2888 innoxii
593 2805 869 2892 circumfertur
884 2836 896 2904 ;
914 2833 1006 2888 narn
1020 2798 1216 2912 aliquibus
1234 2801 1450 2914 phthiriasis
1466 2803 1637 2914 ingruit,

201 2909 396 3020 aliquibus
425 2917 535 3000 cirris
560 2917 859 3024 decidentibus,
882 2920 1002 3002 etiam
1031 2912 1198 3027 sponte,
1221 2919 1263 2997 bt
1288 2910 1395 2998 nulli
1420 2940 1490 3027 per
1513 2937 1639 2999 artem

199 3021 301 3106 fasti
324 3025 548 3133 avulsione,
575 3031 838 3146 symptomata
860 3029 1141 3114 recrudescunt
1167 3028 1328 3134 omnia,
1352 3023 1547 3137 aliquibus
1567 3025 1639 3111 de-

199 3142 310 3218 miim
333 3138 544 3225 marasmus
568 3149 610 3228 bt
636 3146 797 3258 phthisis
822 3141 935 3232 malie
959 3144 1082 3226 finem
1108 3143 1163 3224 im
1193 3143 1291 3224 onit.

256 3249 414 3336 Dantur
433 3279 585 3362 tamen,
639 3258 696 3340 ost
716 3255 840 3370 longa
855 3253 1009 3361 morbi,
1030 3253 1134 3340 seua
1165 3249 1402 3338 etrus-fetidi
1421 3257 1463 3334 ὅ(
1488 3252 1637 3366 imperti

196 3359 367 3470 fastidia,
383 3370 521 3479 aegroti
562 3285 676 3456 uisus
687 3369 826 3485 spontb
841 3373 931 3454 cirri
943 3367 1149 3473 decidunt,
1161 3374 1204 3450 bt
1219 3363 1324 3481 plica
1337 3361 1452 3478 plani
1467 3360 1635 3470 sanatur,

196 3472 311 3559 nullo
331 3481 491 3590 pristina
512 3397 612 3568 libis
628 3481 766 3570 relitio
781 3484 957 3598 vestigio.
966 3478 1202 3566 Videbimus
1224 3479 1342 3562 etiam
1367 3473 1467 3558 insti
1484 3473 1635 3560 multos

161 3646 164 3652 »
199 3591 291 3672 artis
313 3617 392 3702 ope
416 3621 500 3676 non
523 3593 717 3680 sublevari
739 3601 891 3680 tantiam
903 3653 918 3699 ,
943 3591 1073 3678 sed&
1093 3589 1261 3676 omnini)
1280 3586 1485 3702 persancti.
1517 3587 1635 3672 Unde

197 3727 307 3816 patet
335 3700 519 3788 ultimum
553 3703 667 3812 hujus
695 3702 827 3790 morbi
859 3705 1021 3789 stadium
1054 3710 1095 3787 bt
1125 3701 1253 3788 lenius
1283 3709 1325 3786 bt
1348 3699 1527 3784 foeditate
1550 3697 1633 3786 soli

196 3811 418 3898 miserabile
443 3815 597 3924 videri,
623 3817 749 3902 modii
772 3817 1011 3933 imprudenti
1033 3815 1302 3902 medicatione
1328 3841 1412 3898 non
1438 3813 1631 3922 istiterur,

199 3932 243 4012 ὅ(
262 3929 305 4009 in
325 3924 433 4040 pejus
454 3953 705 4014 convertamr
726 3927 886 4014 malum.

255 4039 466 4153 Diagnosis
493 4039 625 4126 morbi
650 4041 770 4128 semel
800 4043 999 4128 constituti
1025 4039 1152 4126 facilis
1180 4042 1261 4146 est,
1290 4046 1333 4122 bt
1362 4033 1489 4120 celata
1518 4041 1629 4123 omni

198 4153 368 4236 artificio
395 4154 501 4267 plica
525 4183 609 4238 non
634 4159 761 4240 minsis
781 4183 914 4241 tamen
937 4153 1080 4239 oculos
1102 4153 1192 4238 serit
1215 4177 1281 4235 aut
1301 4150 1525 4237 odoratum.
1546 4151 1628 4236 Sed

196 4259 275 4369 jam
291 4267 508 4373 existentis,
530 4267 701 4356 necdum
716 4266 918 4384 explicata
933 4265 1136 4353 difficilior
1150 4265 1360 4378 praenoiio,
1382 4260 1505 4346 multa
1520 4267 1627 4350 enim

197 4374 318 4462 habet
341 4406 433 4462 cum
457 4377 647 4465 scorbuto
673 4385 904 4465 communia
916 4442 930 4487 ,
961 4378 1086 4463 multa
1111 4406 1205 4461 cum
1230 4374 1295 4459 lue
1317 4373 1484 4469 venerei
1502 4409 1511 4458 i
1532 4405 1626 4462 cum

197 4486 273 4573 illo
294 4488 446 4582 scilicet
464 4493 616 4578 artium
636 4497 897 4606 gravitatem,
920 4491 1110 4576 incessum
1130 4487 1356 4594 difficilem,
1382 4484 1597 4574 aiilielitum
1607 4545 1626 4596 ,-

200 4604 339 4715 capitis
362 4601 523 4687 dolores
545 4605 854 4691 &defluxiones
876 4609 917 4689 in
939 4601 1112 4704 bculos3
1132 4631 1226 4686 cum
1244 4599 1320 4686 hic
1349 4600 1488 4686 ossum
1509 4601 1626 4688 dolo.-

199 4739 260 4798 res
272 4773 287 4820 ,
312 4713 589 4824 distorsiones,
617 4718 883 4832 gibbositatea.
914 4719 1065 4810 Veriim
1088 4742 1164 4804 nec
1186 4711 1385 4825 utrisisque
1410 4713 1504 4800 mali
1528 4742 1624 4830 pro-

239 4872 296 4947 (ii)
318 4867 402 4952 Apud
419 4867 604 4954 naugerum,
625 4871 698 4939 Bibl.
718 4871 839 4940 nimici.

1246 4943 1403 5036 Hhhh
1428 4945 1455 5054 ij
