4186 5908
479 415 562 494 232
935 317 1043 467 s)E
1113 371 1554 504 MORBIS‘

486 596 491 606 ·
535 545 750 664 Diagnosrs
774 541 967 633 existentis
991 547 1035 626 bt
1063 537 1184 626 semel
1213 543 1342 657 posita
1372 539 1518 626 scabiei
1545 535 1672 625 facilis
1699 533 1779 648 est,
1804 561 1852 626 ut
1879 537 1924 628 ὁὶ

481 665 715 748 caeterorum
740 662 920 746 omnium
951 651 1185 738 morborum
1210 656 1260 739 ad
1281 656 1406 738 cutim
1430 653 1779 739 efflorescentium.
1808 651 1923 740 Tota

481 775 602 860 enim
615 778 656 858 in
676 772 832 886 aspesiu
856 767 1038 852 consrstit.
1067 769 1123 850 At
1143 768 1353 878 quomodo
1383 765 1532 852 scabies
1561 765 1584 850 s
1613 763 1924 882 simplicioribus

479 883 634 1081 papulis
662 885 921 1073 distinguam}
930 943 945 988 ‚
973 877 1057 1013 sola
1075 879 1591 1074 asperitasuatquefiduritiles
1608 881 1790 1074 papiano
1815 879 1923 964 indi·

463 1029 532 1194 .ἴέ
540 996 747 1192 iiiiii
765 989 1307 1218 {ffptrtssf’ffisiszsdtffigt
1327 1017 1923 1218 stasiptgrttzssffsssf

482 1221 646 1337 pedines
676 1244 796 1326 atque
833 1217 1075 1301 summitates
1112 1216 1305 1332 inspicere
1321 1276 1347 1322 ff
1370 1219 1411 1299 in
1469 1214 1583 1300 uibus
1617 1214 1767 1300 malum
1793 1214 1923 1332 vulgo
2085 1311 2086 1332 p

483 1331 571 1450 plus
592 1329 698 1416 furit.
725 1329 853 1438 Quod
875 1329 1228 1525 verumpraecppue
1247 1331 1300 1414 est
1320 1331 1362 1410 in
1384 1245 1593 1414 iisicabiei
1613 1326 1921 1443 speciebusque
2085 1343 2086 1424 ξ

484 1445 771 1528 contrahuntur
783 1447 854 1557 per
867 1469 1110 1556 contagium.
1166 1449 1234 1524 iun
1248 1438 1356 1527 certe
1371 1445 1549 1555 contagii
1563 1440 1765 1526 effectibus
1781 1471 1921 1528 manus
2085 1469 2086 1550 j

462 1554 678 1670 precipue
701 1551 879 1640 obnoxia
895 1557 964 1660 stt,
1040 1554 1095 1638 od
1112 1557 1252 1638 nonin
1273 1553 1458 1638 omnibus
1475 1553 1582 1665 aque
1596 1553 1740 1638 scabiei
1753 1557 1919 1638 varieta-

482 1665 589 1752 tibus
615 1670 816 1780 reperitur.
851 1668 993 1751 Diffici
1012 1671 1070 1751 'us
1096 1669 1149 1751 est
1172 1664 1302 1750 multo
1324 1663 1514 1751 latentem
1535 1665 1720 1751 hariolari
1743 1663 1917 1750 scabiem

483 1809 569 1892 que
592 1777 689 1892 saepb
711 1781 791 1864 stne
812 1777 952 1893 previit
978 1781 1158 1894 prophasr
1185 1783 1368 1864 incautos
1397 1779 1599 1886 adoritur,
1627 1787 1669 1864 bt
1691 1781 1719 1862 st
1741 1778 1920 1894 sympto-

483 1917 590 1978 mata
614 1888 823 2002 turbasque
849 1919 942 1980 ante
966 1896 1217 2006 eruptionem
1238 1895 1474 2006 incorpore
1498 1896 1697 1998 concitat,
1722 1919 1807 1975 non
1830 1891 1917 1976 sca-

483 2003 591 2092 biem
601 2064 615 2108 ,
637 2003 704 2090 sed
718 2031 883 2088 ventura
899 2006 1044 2116 quavis
1061 2003 1164 2087 mala
1184 2004 1369 2120 praesagit.
1398 2005 1649 2119 Distinguere
1662 2004 1759 2090 verb
1781 2004 1917 2091 causat

483 2142 693 2222 venereas,
714 2121 798 2199 tiun
818 2113 868 2202 ab
886 2116 971 2232 ipso
993 2117 1039 2200 as
1083 2121 1146 2200 &u
1169 2117 1325 2202 licitum
1345 2119 1420 2201 erit
1431 2178 1446 2224 ,
1470 2123 1555 2201 tum
1573 2119 1688 2234 praeci
1713 2111 1810 2200 uss
1856 2147 1919 2201 rae-

482 2145 1197 2430 insenuerint
1210 2147 1800 2430 sertensi
1824 2257 1919 2428 rs

483 2370 657 2540 inviciin
688 2452 998 2570 distinguebant,
1023 2373 1465 2542 differentiamgutantimi
1494 2456 1603 2541 merb
1631 2403 1918 2540 abcidentalem

471 2568 749 2672 constituunt,
775 2595 909 2678 eaeque
936 2571 1068 2684 potitis
1096 2567 1146 2653 ab
1171 2570 1394 2683 agrotantis
1420 2567 1485 2653 dis
1505 2570 1673 2654 osrtione
1700 2567 1921 2688 repetenda

483 2679 574 2766 sunt
580 2741 594 2786 ,
621 2677 739 2792 quim
759 2677 808 2764 ab
828 2682 944 2796 ipsius
959 2682 1092 2768 morbi
1108 2680 1244 2768 namra
1255 2743 1270 2787 ‚
1291 2684 1348 2766 uti
1368 2677 1448 2788 jam
1466 2597 1613 2765 ‹iistum
1636 2682 1703 2766 est.

539 2791 622 2878 Sed
649 2823 734 2905 qua
758 2789 890 2880 levem
910 2797 953 2879 in
980 2795 1156 2909 diagnosi
1177 2792 1447 2880 constituenda
1467 2795 1726 2879 differentiam
1748 2789 1918 2880 afferunt

483 2903 751 2992 accidentales
771 2905 892 2989 causae
909 2911 1134 3020 graviorem
1153 2910 1195 2990 in
1216 2908 1404 3022 prognosi
1424 2909 1683 2992 attentionem
1703 2933 1918 2994 merentur.

483 3015 713 3125 Utcumque
736 3019 844 3106 enim
863 3017 1069 3108 fatendum
1092 3019 1139 3103 stt
1160 3022 1295 3102 omnia
1325 3017 1471 3104 scabiei
1490 3048 1636 3134 genera
1662 3021 1817 3104 tenacia
1838 3019 1919 3106 esse
2085 3109 2086 3122 Ν

485 3129 529 3208 ὃ(
550 3153 620 3256 per
643 3125 705 3232 se,
730 3153 850 3238 atque
869 3130 950 3214 stne
975 3132 1067 3220 artis
1088 3129 1263 3238 auxilio,
1283 3131 1353 3217 vix
1375 3132 1497 3216 sanari
1510 3131 1655 3348 posse,
1683 3129 1759 3216 alia
1781 3157 1914 3220 tamen

482 3233 587 3326 seura
612 3238 724 3346 sunt,
749 3247 792 3322 bt
816 3239 938 3355 seps,
963 3242 1170 3354 presertim
1188 3243 1294 3358 apud
1310 3247 1490 3360 pauperis
1528 3249 1623 3344 ortis
1643 3246 1827 3330 homines
1847 3273 1917 3362 per

480 3348 631 3443 multos
654 3379 778 3435 annos
800 3354 880 3436 srne
903 3357 1012 3466 gravi
1035 3354 1213 3439 seruntur
1237 3357 1503 3442 incommodo
1522 3389 1536 3460 3
1560 3357 1636 3441 alia
1659 3355 1800 3442 contris
1824 3387 1919 3474 prud

482 3465 601 3546 ritum
623 3490 854 3572 enormem,
874 3465 1029 3579 vigilias
1045 3493 1164 3577 atque
1177 3469 1346 3552 maciem
1360 3471 1483 3554 statim
1501 3471 1673 3555 inferunt
1692 3477 1736 3555 ὅ(
1754 3471 1918 3584 praeserra

480 3577 574 3662 artis
588 3575 777 3661 auxilium
789 3577 1059 3692 expostulem
1074 3579 1320 3688 undennis,
1333 3582 1414 3690 ssve
1426 3581 1550 3667 serina
1562 3581 1710 3668 scabies
1724 3583 1918 3698 distingui·

479 3711 556 3784 tur,
582 3689 676 3784 Nec
695 3688 803 3773 certe
821 3716 938 3777 vacat
950 3689 1020 3778 illa
1033 3689 1240 3807 periculo,
1259 3723 1378 3806 quam
1392 3693 1496 3781 male
1509 3701 1709 3782 tractatam
1728 3703 1772 3781 bt
1787 3695 1917 3812 negli·
1990 3770 1996 3800 ,

480 3804 637 3916 gentiiis
649 3798 824 3888 habitam
836 3803 992 3914 phtisrm
1011 3804 1205 3891 induxisse
1218 3807 1323 3914 vidi,
1343 3807 1412 3892 sed
1428 3805 1576 3894 lentam
1595 3807 1725 3915 illam,
1746 3835 1825 3896 nec
1847 3809 1917 3898 nisi

479 3917 566 4112 post
596 3913 762 4029 longam
792 3941 987 3998 annorum
1020 3921 1335 4030 expestationem
1362 3923 1557 4035 perimere
1586 3923 1728 4036 aptam.
1761 3921 1914 4006 Venim

498 4025 577 4111 'cet
588 4032 631 4122 in
641 4031 730 4114 vito
745 4027 1001 4133 caeneetim,
1017 4027 1134 4141 dieta
1146 4030 1359 4130 inconditae
1372 4032 1531 4142 dedito,
1549 4042 1592 4121 ἃ
1605 4036 1725 4120 animi
1740 4059 1913 4120 moeroro

481 4137 696 4246 confesso,
725 4167 786 4226 res
811 4140 864 4228 src
888 4137 969 4226 visa
994 4141 1065 4248 fit,
1093 4169 1223 4228 rarum
1248 4145 1302 4230 est
1327 4143 1483 4230 efficaci
1510 4145 1713 4234 medicine
1740 4143 1915 4232 scabiem

480 4275 566 4332 non
584 4251 727 4342 cedere
745 4284 758 4352 3
780 4255 851 4344 nist
870 4279 1002 4338 tamen
1015 4255 1124 4338 snrirs
1145 4253 1362 4372 retropulsa
1380 4257 1545 4344 morbos
1565 4259 1705 4346 fecerit
1725 4259 1915 4344 atrocissi-

479 4387 593 4466 mos,
613 4365 803 4470 maniam,
827 4393 992 4456 notante
1004 4364 1207 4454 Merklino
1219 4429 1234 4475 ‚
1254 4371 1424 4477 asthma,
1450 4379 1492 4456 bt
1507 4372 1728 4486 hydropem
1742 4375 1916 4488 postoris

302 4505 307 4518 ·
479 4497 525 4560 ut
551 4471 632 4599 ipse
657 4474 767 4580 vidi,
796 4504 842 4565 ac
869 4481 1070 4592 pessimam
1094 4479 1415 4572 melancholiam.
1447 4483 1538 4569 Imb
1563 4491 1607 4570 bt
1630 4485 1714 4572 vidi
1738 4483 1915 4598 puellam

478 4613 564 4782 pua
579 4589 672 4682 citro
687 4585 946 4714 sebfeacuts‚
970 4589 1025 4724 ob
1043 4591 1215 4682 scabiem
1231 4595 1486 4710 suppressam,
1507 4595 1673 4708 tuffique
1685 4600 1740 4686 im
1800 4595 1913 4690 ttuns

507 4693 738 4782 ecumbetet
755 4702 1177 4814 justumquerncuteret
1185 4709 1370 4800 timorem
1379 4767 1394 4815 ,
1412 4708 1588 4822 apposito
1606 4708 1739 4796 scabio
1758 4739 1786 4794 o
1804 4711 1913 4802 indu-

478 4811 535 4898 sro
563 4805 664 4896 iuni
694 4811 933 4920 nytihemeri
968 4812 1132 4932 spatium
1164 4817 1381 4942 plenumst
1412 4819 1628 4912 convaluit.
1666 4821 1783 4912 Unde
1814 4821 1912 4910 licet
2085 4851 2086 4884 ³

1830 4936 1910 5050 ipsa
