<?xml version="1.0" encoding="UTF-8"?>
<!DOCTYPE html PUBLIC "-//W3C//DTD XHTML 1.0 Transitional//EN"
    "http://www.w3.org/TR/xhtml1/DTD/xhtml1-transitional.dtd">
<html xmlns="http://www.w3.org/1999/xhtml" xml:lang="en" lang="en">
 <head>
  <title>
</title>
<meta http-equiv="Content-Type" content="text/html;charset=utf-8" />
  <meta name='ocr-system' content='tesseract 3.04.00' />
  <meta name='ocr-capabilities' content='ocr_page ocr_carea ocr_par ocr_line ocrx_word'/>
</head>
<body>
  <div class='ocr_page' id='page_1' title='image "./tractatusdemorb00cavegoog_0338.png"; bbox 0 0 4188 5916; ppageno 0'>
   <div class='ocr_carea' id='block_1_1' title="bbox 618 389 1630 552">
    <p class='ocr_par' dir='ltr' id='par_1_1' title="bbox 618 389 1630 552">
     <span class='ocr_line' id='line_1_1' title="bbox 618 389 1630 552; baseline 0.008 -36"><span class='ocrx_word' id='word_1_1' title='bbox 618 429 1112 519; x_wconf 72' lang='lat' dir='ltr'>cornutis</span> <span class='ocrx_word' id='word_1_2' title='bbox 1535 389 1630 552; x_wconf 44' lang='lat' dir='ltr'>mr</span> 
     </span>
    </p>
   </div>
   <div class='ocr_carea' id='block_1_2' title="bbox 179 591 1614 1729">
    <p class='ocr_par' dir='ltr' id='par_1_2' title="bbox 179 591 1614 1729">
     <span class='ocr_line' id='line_1_2' title="bbox 182 591 1614 706; baseline 0.007 -28"><span class='ocrx_word' id='word_1_3' title='bbox 182 591 338 678; x_wconf 82' lang='lat' dir='ltr'>necesse</span> <span class='ocrx_word' id='word_1_4' title='bbox 354 594 407 678; x_wconf 90' lang='lat' dir='ltr'>est</span> <span class='ocrx_word' id='word_1_5' title='bbox 422 591 547 678; x_wconf 86' lang='lat' dir='ltr'>foeces</span> <span class='ocrx_word' id='word_1_6' title='bbox 563 592 763 678; x_wconf 79' lang='grc'><strong>3113333331</strong></span> <span class='ocrx_word' id='word_1_7' title='bbox 770 655 786 701; x_wconf 84' lang='grc'>,</span> <span class='ocrx_word' id='word_1_8' title='bbox 804 623 888 706; x_wconf 83' lang='lat' dir='ltr'>qua</span> <span class='ocrx_word' id='word_1_9' title='bbox 902 591 1049 679; x_wconf 89' lang='lat' dir='ltr'>debent</span> <span class='ocrx_word' id='word_1_10' title='bbox 1061 592 1252 679; x_wconf 87' lang='lat' dir='ltr'>eliminari</span> <span class='ocrx_word' id='word_1_11' title='bbox 1266 622 1614 688; x_wconf 85' lang='lat' dir='ltr'>excrementorum</span> 
     </span>
     <span class='ocr_line' id='line_1_3' title="bbox 181 705 1612 823; baseline 0.009 -34"><span class='ocrx_word' id='word_1_12' title='bbox 181 711 358 792; x_wconf 89' lang='lat' dir='ltr'>nomine.</span> <span class='ocrx_word' id='word_1_13' title='bbox 390 707 497 790; x_wconf 78' lang='lat' dir='ltr'>Ciam</span> <span class='ocrx_word' id='word_1_14' title='bbox 514 707 612 792; x_wconf 81' lang='lat' dir='ltr'>verb</span> <span class='ocrx_word' id='word_1_15' title='bbox 636 733 705 821; x_wconf 89' lang='lat' dir='ltr'>per</span> <span class='ocrx_word' id='word_1_16' title='bbox 725 705 836 822; x_wconf 89' lang='lat' dir='ltr'>plura</span> <span class='ocrx_word' id='word_1_17' title='bbox 857 711 1046 823; x_wconf 90' lang='lat' dir='ltr'>temporis</span> <span class='ocrx_word' id='word_1_18' title='bbox 1067 706 1270 794; x_wconf 89' lang='lat' dir='ltr'>intervalla</span> <span class='ocrx_word' id='word_1_19' title='bbox 1294 711 1364 793; x_wconf 89' lang='lat' dir='ltr'>liat</span> <span class='ocrx_word' id='word_1_20' title='bbox 1386 708 1454 795; x_wconf 90' lang='lat' dir='ltr'>illa</span> <span class='ocrx_word' id='word_1_21' title='bbox 1477 719 1612 802; x_wconf 71' lang='grc'><strong>336113</strong></span> 
     </span>
     <span class='ocr_line' id='line_1_4' title="bbox 180 818 1609 935; baseline 0.007 -31"><span class='ocrx_word' id='word_1_22' title='bbox 180 845 301 930; x_wconf 88' lang='lat' dir='ltr'>atque</span> <span class='ocrx_word' id='word_1_23' title='bbox 326 823 520 926; x_wconf 87' lang='lat' dir='ltr'>mutatio,</span> <span class='ocrx_word' id='word_1_24' title='bbox 547 818 678 935; x_wconf 92' lang='lat' dir='ltr'>plures</span> <span class='ocrx_word' id='word_1_25' title='bbox 703 824 821 905; x_wconf 90' lang='lat' dir='ltr'>etiam</span> <span class='ocrx_word' id='word_1_26' title='bbox 846 848 1190 908; x_wconf 86' lang='lat' dir='ltr'>excrementorum</span> <span class='ocrx_word' id='word_1_27' title='bbox 1218 821 1243 904; x_wconf 95' lang='grc'>1</span> <span class='ocrx_word' id='word_1_28' title='bbox 1261 825 1365 907; x_wconf 87' lang='lat' dir='ltr'>ecies</span> <span class='ocrx_word' id='word_1_29' title='bbox 1388 826 1609 915; x_wconf 83' lang='lat' dir='ltr'>nascuntur.</span> 
     </span>
     <span class='ocr_line' id='line_1_5' title="bbox 179 931 1609 1048; baseline 0.006 -30"><span class='ocrx_word' id='word_1_30' title='bbox 179 933 271 1018; x_wconf 85' lang='lat' dir='ltr'>Imb</span> <span class='ocrx_word' id='word_1_31' title='bbox 298 938 391 1017; x_wconf 83' lang='lat' dir='ltr'>citm</span> <span class='ocrx_word' id='word_1_32' title='bbox 415 931 569 1017; x_wconf 92' lang='lat' dir='ltr'>nullum</span> <span class='ocrx_word' id='word_1_33' title='bbox 593 959 747 1048; x_wconf 87' lang='lat' dir='ltr'>tempus</span> <span class='ocrx_word' id='word_1_34' title='bbox 767 932 789 1018; x_wconf 68' lang='lat' dir='ltr'>a</span> <span class='ocrx_word' id='word_1_35' title='bbox 810 938 996 1020; x_wconf 76' lang='lat' dir='ltr'>coctione</span> <span class='ocrx_word' id='word_1_36' title='bbox 1020 965 1192 1020; x_wconf 89' lang='lat' dir='ltr'>vacuum</span> <span class='ocrx_word' id='word_1_37' title='bbox 1233 961 1283 1041; x_wconf 89' lang='lat' dir='ltr'>it,</span> <span class='ocrx_word' id='word_1_38' title='bbox 1310 934 1462 1020; x_wconf 92' lang='lat' dir='ltr'>nullum</span> <span class='ocrx_word' id='word_1_39' title='bbox 1489 945 1609 1026; x_wconf 91' lang='lat' dir='ltr'>etiam</span> 
     </span>
     <span class='ocr_line' id='line_1_6' title="bbox 180 1044 1609 1163; baseline 0.006 -32"><span class='ocrx_word' id='word_1_40' title='bbox 180 1071 298 1131; x_wconf 89' lang='lat' dir='ltr'>vacat</span> <span class='ocrx_word' id='word_1_41' title='bbox 315 1044 363 1128; x_wconf 86' lang='lat' dir='ltr'>ab</span> <span class='ocrx_word' id='word_1_42' title='bbox 380 1072 724 1132; x_wconf 86' lang='lat' dir='ltr'>excrementorum</span> <span class='ocrx_word' id='word_1_43' title='bbox 747 1047 1000 1163; x_wconf 85' lang='lat' dir='ltr'>separatione.</span> <span class='ocrx_word' id='word_1_44' title='bbox 1028 1047 1130 1159; x_wconf 81' lang='lat' dir='ltr'>Qua</span> <span class='ocrx_word' id='word_1_45' title='bbox 1155 1052 1289 1133; x_wconf 93' lang='lat' dir='ltr'>omnia</span> <span class='ocrx_word' id='word_1_46' title='bbox 1307 1051 1349 1132; x_wconf 92' lang='lat' dir='ltr'>in</span> <span class='ocrx_word' id='word_1_47' title='bbox 1370 1049 1609 1141; x_wconf 81' lang='lat' dir='ltr'>formatione</span> 
     </span>
     <span class='ocr_line' id='line_1_7' title="bbox 179 1155 1612 1273; baseline 0.006 -32"><span class='ocrx_word' id='word_1_48' title='bbox 179 1155 351 1273; x_wconf 78' lang='lat' dir='ltr'>lympha</span> <span class='ocrx_word' id='word_1_49' title='bbox 375 1157 533 1271; x_wconf 88' lang='lat' dir='ltr'>ejusque</span> <span class='ocrx_word' id='word_1_50' title='bbox 556 1164 815 1247; x_wconf 89' lang='lat' dir='ltr'>renovatione</span> <span class='ocrx_word' id='word_1_51' title='bbox 840 1161 1067 1272; x_wconf 75' lang='lat' dir='ltr'>quotidiani</span> <span class='ocrx_word' id='word_1_52' title='bbox 1094 1190 1333 1246; x_wconf 88' lang='lat' dir='ltr'>concurrere</span> <span class='ocrx_word' id='word_1_53' title='bbox 1362 1167 1514 1250; x_wconf 82' lang='lat' dir='ltr'>necesse</span> <span class='ocrx_word' id='word_1_54' title='bbox 1543 1171 1612 1255; x_wconf 76' lang='lat' dir='ltr'>elh·</span> 
     </span>
     <span class='ocr_line' id='line_1_8' title="bbox 179 1269 1608 1387; baseline 0.008 -33"><span class='ocrx_word' id='word_1_55' title='bbox 179 1269 308 1356; x_wconf 85' lang='lat' dir='ltr'>Porrb</span> <span class='ocrx_word' id='word_1_56' title='bbox 329 1279 370 1356; x_wconf 93' lang='lat' dir='ltr'>in</span> <span class='ocrx_word' id='word_1_57' title='bbox 393 1272 577 1358; x_wconf 70' lang='lat' dir='ltr'>machini</span> <span class='ocrx_word' id='word_1_58' title='bbox 593 1273 719 1359; x_wconf 70' lang='lat' dir='ltr'>nostri</span> <span class='ocrx_word' id='word_1_59' title='bbox 734 1274 772 1360; x_wconf 92' lang='lat' dir='ltr'>sa</span> <span class='ocrx_word' id='word_1_60' title='bbox 799 1275 1004 1360; x_wconf 70' lang='lat' dir='ltr'>lentissime</span> <span class='ocrx_word' id='word_1_61' title='bbox 1019 1273 1209 1381; x_wconf 73' lang='lat' dir='ltr'>conditi,</span> <span class='ocrx_word' id='word_1_62' title='bbox 1229 1283 1268 1359; x_wconf 78' lang='lat' dir='ltr'>dr</span> <span class='ocrx_word' id='word_1_63' title='bbox 1291 1303 1359 1387; x_wconf 89' lang='lat' dir='ltr'>per</span> <span class='ocrx_word' id='word_1_64' title='bbox 1379 1280 1480 1362; x_wconf 90' lang='lat' dir='ltr'>vires</span> <span class='ocrx_word' id='word_1_65' title='bbox 1506 1283 1608 1366; x_wconf 79' lang='lat' dir='ltr'>intus</span> 
     </span>
     <span class='ocr_line' id='line_1_9' title="bbox 181 1385 1612 1503; baseline 0.003 -33"><span class='ocrx_word' id='word_1_66' title='bbox 181 1413 371 1470; x_wconf 89' lang='lat' dir='ltr'>connatas</span> <span class='ocrx_word' id='word_1_67' title='bbox 391 1390 584 1503; x_wconf 80' lang='lat' dir='ltr'>perpetuo</span> <span class='ocrx_word' id='word_1_68' title='bbox 604 1415 816 1496; x_wconf 87' lang='lat' dir='ltr'>renovata,</span> <span class='ocrx_word' id='word_1_69' title='bbox 834 1387 971 1472; x_wconf 89' lang='lat' dir='ltr'>adsunt</span> <span class='ocrx_word' id='word_1_70' title='bbox 990 1386 1165 1499; x_wconf 73' lang='lat' dir='ltr'>undique</span> <span class='ocrx_word' id='word_1_71' title='bbox 1185 1385 1277 1471; x_wconf 89' lang='lat' dir='ltr'>cola</span> <span class='ocrx_word' id='word_1_72' title='bbox 1298 1397 1337 1472; x_wconf 75' lang='grc'>83</span> <span class='ocrx_word' id='word_1_73' title='bbox 1359 1392 1612 1492; x_wconf 76' lang='lat' dir='ltr'>excernicula</span> 
     </span>
     <span class='ocr_line' id='line_1_10' title="bbox 180 1499 1609 1613; baseline 0.006 -32"><span class='ocrx_word' id='word_1_74' title='bbox 180 1525 250 1613; x_wconf 93' lang='lat' dir='ltr'>per</span> <span class='ocrx_word' id='word_1_75' title='bbox 263 1528 347 1608; x_wconf 83' lang='lat' dir='ltr'>qua</span> <span class='ocrx_word' id='word_1_76' title='bbox 359 1525 486 1612; x_wconf 90' lang='lat' dir='ltr'>partes</span> <span class='ocrx_word' id='word_1_77' title='bbox 499 1528 637 1587; x_wconf 86' lang='lat' dir='ltr'>omnes</span> <span class='ocrx_word' id='word_1_78' title='bbox 654 1499 729 1584; x_wconf 82' lang='lat' dir='ltr'>illae</span> <span class='ocrx_word' id='word_1_79' title='bbox 738 1564 753 1609; x_wconf 87' lang='lat'>‚</span> <span class='ocrx_word' id='word_1_80' title='bbox 773 1531 878 1586; x_wconf 91' lang='lat' dir='ltr'>nunc</span> <span class='ocrx_word' id='word_1_81' title='bbox 891 1505 1089 1586; x_wconf 91' lang='lat' dir='ltr'>urinarum</span> <span class='ocrx_word' id='word_1_82' title='bbox 1102 1499 1230 1584; x_wconf 66' lang='lat' dir='ltr'>forms</span> <span class='ocrx_word' id='word_1_83' title='bbox 1238 1563 1252 1606; x_wconf 88' lang='lat'><em>,</em></span> <span class='ocrx_word' id='word_1_84' title='bbox 1266 1532 1372 1586; x_wconf 92' lang='lat' dir='ltr'>nunc</span> <span class='ocrx_word' id='word_1_85' title='bbox 1387 1506 1504 1608; x_wconf 85' lang='lat' dir='ltr'>verb,</span> <span class='ocrx_word' id='word_1_86' title='bbox 1524 1508 1609 1590; x_wconf 85' lang='lat' dir='ltr'>iinb</span> 
     </span>
     <span class='ocr_line' id='line_1_11' title="bbox 181 1611 1607 1729; baseline 0.006 -35"><span class='ocrx_word' id='word_1_87' title='bbox 181 1619 224 1694; x_wconf 87' lang='lat'>&amp;</span> <span class='ocrx_word' id='word_1_88' title='bbox 245 1613 463 1725; x_wconf 75' lang='lat' dir='ltr'>copiosius,</span> <span class='ocrx_word' id='word_1_89' title='bbox 480 1611 550 1698; x_wconf 89' lang='lat' dir='ltr'>sub</span> <span class='ocrx_word' id='word_1_90' title='bbox 572 1613 834 1729; x_wconf 88' lang='lat' dir='ltr'>perspiratorii</span> <span class='ocrx_word' id='word_1_91' title='bbox 850 1612 992 1698; x_wconf 83' lang='lat' dir='ltr'>halitirs</span> <span class='ocrx_word' id='word_1_92' title='bbox 1009 1641 1178 1728; x_wconf 89' lang='lat' dir='ltr'>vapore,</span> <span class='ocrx_word' id='word_1_93' title='bbox 1205 1614 1415 1728; x_wconf 75' lang='lat' dir='ltr'>ecorpore</span> <span class='ocrx_word' id='word_1_94' title='bbox 1429 1616 1607 1704; x_wconf 89' lang='lat' dir='ltr'>effluunt.</span> 
     </span>
    </p>
   </div>
   <div class='ocr_carea' id='block_1_3' title="bbox 181 1723 1735 1840">
    <p class='ocr_par' dir='ltr' id='par_1_3' title="bbox 181 1723 1735 1840">
     <span class='ocr_line' id='line_1_12' title="bbox 181 1723 1735 1840; baseline 0.005 -33"><span class='ocrx_word' id='word_1_95' title='bbox 181 1723 252 1808; x_wconf 89' lang='lat' dir='ltr'>Sic</span> <span class='ocrx_word' id='word_1_96' title='bbox 271 1753 448 1810; x_wconf 88' lang='lat' dir='ltr'>remanet</span> <span class='ocrx_word' id='word_1_97' title='bbox 474 1753 576 1811; x_wconf 89' lang='lat' dir='ltr'>cutis</span> <span class='ocrx_word' id='word_1_98' title='bbox 598 1728 823 1811; x_wconf 88' lang='lat' dir='ltr'>nitidior&amp;</span> <span class='ocrx_word' id='word_1_99' title='bbox 847 1727 964 1812; x_wconf 89' lang='lat' dir='ltr'>nullis</span> <span class='ocrx_word' id='word_1_100' title='bbox 984 1726 1187 1840; x_wconf 87' lang='lat' dir='ltr'>deturpata</span> <span class='ocrx_word' id='word_1_101' title='bbox 1209 1726 1373 1811; x_wconf 91' lang='lat' dir='ltr'>maculis</span> <span class='ocrx_word' id='word_1_102' title='bbox 1389 1759 1400 1826; x_wconf 92' lang='lat'>;</span> <span class='ocrx_word' id='word_1_103' title='bbox 1418 1733 1554 1813; x_wconf 77' lang='lat' dir='ltr'>verbm</span> <span class='ocrx_word' id='word_1_104' title='bbox 1579 1732 1608 1814; x_wconf 88' lang='lat' dir='ltr'>fi</span> <span class='ocrx_word' id='word_1_105' title='bbox 1733 1818 1735 1824; x_wconf 21' lang='lat' dir='ltr'><em>s</em></span> 
     </span>
    </p>
   </div>
   <div class='ocr_carea' id='block_1_4' title="bbox 152 1836 1610 5091">
    <p class='ocr_par' dir='ltr' id='par_1_4' title="bbox 177 1836 1610 3416">
     <span class='ocr_line' id='line_1_13' title="bbox 181 1836 1607 1958; baseline 0.004 -37"><span class='ocrx_word' id='word_1_106' title='bbox 181 1864 435 1923; x_wconf 90' lang='lat' dir='ltr'>excrementa</span> <span class='ocrx_word' id='word_1_107' title='bbox 454 1836 524 1922; x_wconf 92' lang='grc'><strong>1113</strong></span> <span class='ocrx_word' id='word_1_108' title='bbox 543 1837 565 1922; x_wconf 78' lang='grc' dir='ltr'>ὲ</span> <span class='ocrx_word' id='word_1_109' title='bbox 584 1866 726 1958; x_wconf 78' lang='lat' dir='ltr'>naturae</span> <span class='ocrx_word' id='word_1_110' title='bbox 745 1839 837 1953; x_wconf 90' lang='lat' dir='ltr'>lege</span> <span class='ocrx_word' id='word_1_111' title='bbox 856 1837 1102 1945; x_wconf 81' lang='lat' dir='ltr'>recesserint,</span> <span class='ocrx_word' id='word_1_112' title='bbox 1119 1867 1194 1923; x_wconf 92' lang='lat' dir='ltr'>nec</span> <span class='ocrx_word' id='word_1_113' title='bbox 1208 1837 1295 1922; x_wconf 90' lang='lat' dir='ltr'>fatis</span> <span class='ocrx_word' id='word_1_114' title='bbox 1311 1844 1425 1923; x_wconf 69' lang='grc'><strong>33113</strong></span> <span class='ocrx_word' id='word_1_115' title='bbox 1440 1841 1607 1951; x_wconf 89' lang='lat' dir='ltr'>fuerint,</span> 
     </span>
     <span class='ocr_line' id='line_1_14' title="bbox 180 1949 1609 2060; baseline 0.004 -27"><span class='ocrx_word' id='word_1_116' title='bbox 180 1950 371 2060; x_wconf 88' lang='lat' dir='ltr'>siquidem</span> <span class='ocrx_word' id='word_1_117' title='bbox 411 1951 485 2036; x_wconf 79' lang='lat' dir='ltr'>suar</span> <span class='ocrx_word' id='word_1_118' title='bbox 527 1955 832 2038; x_wconf 88' lang='lat' dir='ltr'>convenientem</span> <span class='ocrx_word' id='word_1_119' title='bbox 867 1980 1018 2038; x_wconf 78' lang='lat' dir='ltr'>natura·</span> <span class='ocrx_word' id='word_1_120' title='bbox 1052 1955 1278 2037; x_wconf 66' lang='lat' dir='ltr'>cosiionem</span> <span class='ocrx_word' id='word_1_121' title='bbox 1322 1949 1391 2034; x_wconf 89' lang='lat' dir='ltr'>illa</span> <span class='ocrx_word' id='word_1_122' title='bbox 1435 1956 1609 2040; x_wconf 89' lang='lat' dir='ltr'>nancisci</span> 
     </span>
     <span class='ocr_line' id='line_1_15' title="bbox 181 2061 1609 2177; baseline 0.004 -31"><span class='ocrx_word' id='word_1_123' title='bbox 181 2061 352 2169; x_wconf 88' lang='lat' dir='ltr'>deberit,</span> <span class='ocrx_word' id='word_1_124' title='bbox 378 2089 474 2149; x_wconf 90' lang='lat' dir='ltr'>tunc</span> <span class='ocrx_word' id='word_1_125' title='bbox 493 2067 639 2150; x_wconf 82' lang='lat' dir='ltr'>harent</span> <span class='ocrx_word' id='word_1_126' title='bbox 656 2069 698 2150; x_wconf 92' lang='lat' dir='ltr'>iri</span> <span class='ocrx_word' id='word_1_127' title='bbox 714 2066 897 2150; x_wconf 89' lang='lat' dir='ltr'>vasorum</span> <span class='ocrx_word' id='word_1_128' title='bbox 921 2093 1178 2151; x_wconf 89' lang='lat' dir='ltr'>cutaneorum</span> <span class='ocrx_word' id='word_1_129' title='bbox 1200 2066 1379 2177; x_wconf 82' lang='lat' dir='ltr'>angustiis</span> <span class='ocrx_word' id='word_1_130' title='bbox 1402 2072 1444 2148; x_wconf 84' lang='lat'>&amp;</span> <span class='ocrx_word' id='word_1_131' title='bbox 1462 2068 1504 2147; x_wconf 91' lang='lat' dir='ltr'>in</span> <span class='ocrx_word' id='word_1_132' title='bbox 1526 2092 1609 2151; x_wconf 88' lang='lat' dir='ltr'>tex·</span> 
     </span>
     <span class='ocr_line' id='line_1_16' title="bbox 177 2175 1609 2290; baseline 0.003 -30"><span class='ocrx_word' id='word_1_133' title='bbox 177 2178 241 2260; x_wconf 82' lang='lat' dir='ltr'>tiis</span> <span class='ocrx_word' id='word_1_134' title='bbox 270 2175 469 2261; x_wconf 89' lang='lat' dir='ltr'>reticulosi</span> <span class='ocrx_word' id='word_1_135' title='bbox 498 2176 653 2264; x_wconf 86' lang='lat' dir='ltr'>cellulis</span> <span class='ocrx_word' id='word_1_136' title='bbox 673 2211 686 2280; x_wconf 91' lang='lat'>;</span> <span class='ocrx_word' id='word_1_137' title='bbox 708 2176 764 2262; x_wconf 93' lang='lat' dir='ltr'>ibi</span> <span class='ocrx_word' id='word_1_138' title='bbox 791 2208 948 2264; x_wconf 81' lang='lat' dir='ltr'>cornum</span> <span class='ocrx_word' id='word_1_139' title='bbox 979 2205 1120 2286; x_wconf 83' lang='lat' dir='ltr'>annu,</span> <span class='ocrx_word' id='word_1_140' title='bbox 1143 2180 1356 2286; x_wconf 88' lang='lat' dir='ltr'>vitiataque</span> <span class='ocrx_word' id='word_1_141' title='bbox 1383 2177 1609 2290; x_wconf 85' lang='lat' dir='ltr'>acredinem</span> 
     </span>
     <span class='ocr_line' id='line_1_17' title="bbox 179 2211 1609 2406; baseline 0.004 -34"><span class='ocrx_word' id='word_1_142' title='bbox 179 2291 413 2406; x_wconf 90' lang='lat' dir='ltr'>concipiunt</span> <span class='ocrx_word' id='word_1_143' title='bbox 433 2288 511 2398; x_wconf 85' lang='lat' dir='ltr'>jam</span> <span class='ocrx_word' id='word_1_144' title='bbox 524 2319 667 2376; x_wconf 83' lang='lat' dir='ltr'>natura</span> <span class='ocrx_word' id='word_1_145' title='bbox 687 2291 898 2398; x_wconf 86' lang='lat' dir='ltr'>absonam,</span> <span class='ocrx_word' id='word_1_146' title='bbox 915 2211 1095 2400; x_wconf 59' lang='lat' dir='ltr'>adeoque</span> <span class='ocrx_word' id='word_1_147' title='bbox 1108 2293 1336 2374; x_wconf 89' lang='lat' dir='ltr'>irritantem.</span> <span class='ocrx_word' id='word_1_148' title='bbox 1359 2289 1609 2399; x_wconf 88' lang='lat' dir='ltr'>Quinetiam</span> 
     </span>
     <span class='ocr_line' id='line_1_18' title="bbox 177 2400 1609 2515; baseline 0.003 -30"><span class='ocrx_word' id='word_1_149' title='bbox 177 2402 361 2486; x_wconf 84' lang='lat' dir='ltr'>fermenti</span> <span class='ocrx_word' id='word_1_150' title='bbox 379 2400 462 2510; x_wconf 84' lang='lat' dir='ltr'>jura</span> <span class='ocrx_word' id='word_1_151' title='bbox 477 2433 524 2487; x_wconf 87' lang='grc'>33</span> <span class='ocrx_word' id='word_1_152' title='bbox 552 2406 700 2510; x_wconf 84' lang='lat' dir='ltr'>essunt,</span> <span class='ocrx_word' id='word_1_153' title='bbox 724 2405 817 2488; x_wconf 83' lang='lat' dir='ltr'>dum</span> <span class='ocrx_word' id='word_1_154' title='bbox 862 2431 960 2488; x_wconf 88' lang='lat' dir='ltr'>artes</span> <span class='ocrx_word' id='word_1_155' title='bbox 974 2407 1122 2487; x_wconf 91' lang='lat' dir='ltr'>vicinas</span> <span class='ocrx_word' id='word_1_156' title='bbox 1137 2428 1253 2512; x_wconf 89' lang='lat' dir='ltr'>atque</span> <span class='ocrx_word' id='word_1_157' title='bbox 1267 2401 1453 2515; x_wconf 86' lang='lat' dir='ltr'>analogas</span> <span class='ocrx_word' id='word_1_158' title='bbox 1470 2402 1609 2490; x_wconf 75' lang='lat' dir='ltr'>eidem</span> 
     </span>
     <span class='ocr_line' id='line_1_19' title="bbox 178 2433 1610 2634; baseline 0.003 -35"><span class='ocrx_word' id='word_1_159' title='bbox 178 2517 362 2599; x_wconf 86' lang='lat' dir='ltr'>inliciunt</span> <span class='ocrx_word' id='word_1_160' title='bbox 380 2515 493 2622; x_wconf 89' lang='lat' dir='ltr'>labe,</span> <span class='ocrx_word' id='word_1_161' title='bbox 515 2433 647 2627; x_wconf 68' lang='lat' dir='ltr'>leque</span> <span class='ocrx_word' id='word_1_162' title='bbox 666 2514 745 2601; x_wconf 76' lang='lat' dir='ltr'>late</span> <span class='ocrx_word' id='word_1_163' title='bbox 766 2545 806 2598; x_wconf 94' lang='lat' dir='ltr'>in</span> <span class='ocrx_word' id='word_1_164' title='bbox 846 2547 914 2600; x_wconf 91' lang='lat' dir='ltr'>uin</span> <span class='ocrx_word' id='word_1_165' title='bbox 933 2517 1060 2634; x_wconf 90' lang='lat' dir='ltr'>serpit.</span> <span class='ocrx_word' id='word_1_166' title='bbox 1085 2517 1175 2600; x_wconf 89' lang='lat' dir='ltr'>Effe</span> <span class='ocrx_word' id='word_1_167' title='bbox 1191 2540 1322 2598; x_wconf 91' lang='lat' dir='ltr'>autem</span> <span class='ocrx_word' id='word_1_168' title='bbox 1340 2517 1382 2596; x_wconf 89' lang='lat' dir='ltr'>in</span> <span class='ocrx_word' id='word_1_169' title='bbox 1398 2519 1513 2602; x_wconf 87' lang='lat' dir='ltr'>variis</span> <span class='ocrx_word' id='word_1_170' title='bbox 1530 2517 1610 2604; x_wconf 88' lang='lat' dir='ltr'>illis</span> 
     </span>
     <span class='ocr_line' id='line_1_20' title="bbox 180 2626 1607 2743; baseline 0.004 -33"><span class='ocrx_word' id='word_1_171' title='bbox 180 2626 353 2743; x_wconf 88' lang='lat' dir='ltr'>partibus</span> <span class='ocrx_word' id='word_1_172' title='bbox 376 2632 682 2714; x_wconf 86' lang='lat' dir='ltr'>excrementitiis</span> <span class='ocrx_word' id='word_1_173' title='bbox 710 2627 803 2714; x_wconf 90' lang='lat' dir='ltr'>alias</span> <span class='ocrx_word' id='word_1_174' title='bbox 830 2660 914 2740; x_wconf 85' lang='lat' dir='ltr'>quae</span> <span class='ocrx_word' id='word_1_175' title='bbox 944 2631 1178 2714; x_wconf 90' lang='lat' dir='ltr'>constituere</span> <span class='ocrx_word' id='word_1_176' title='bbox 1204 2627 1349 2740; x_wconf 86' lang='lat' dir='ltr'>possint</span> <span class='ocrx_word' id='word_1_177' title='bbox 1375 2628 1468 2738; x_wconf 87' lang='lat' dir='ltr'>eryfi</span> <span class='ocrx_word' id='word_1_178' title='bbox 1499 2628 1607 2740; x_wconf 85' lang='lat' dir='ltr'>elas,</span> 
     </span>
     <span class='ocr_line' id='line_1_21' title="bbox 180 2661 1609 2856; baseline 0.001 -32"><span class='ocrx_word' id='word_1_179' title='bbox 180 2741 273 2825; x_wconf 91' lang='lat' dir='ltr'>alias</span> <span class='ocrx_word' id='word_1_180' title='bbox 301 2771 385 2852; x_wconf 82' lang='lat' dir='ltr'>qua</span> <span class='ocrx_word' id='word_1_181' title='bbox 410 2738 635 2854; x_wconf 86' lang='lat' dir='ltr'>herpetibus</span> <span class='ocrx_word' id='word_1_182' title='bbox 662 2745 855 2856; x_wconf 86' lang='lat' dir='ltr'>originem</span> <span class='ocrx_word' id='word_1_183' title='bbox 879 2741 1076 2856; x_wconf 76' lang='lat' dir='ltr'>prebent,</span> <span class='ocrx_word' id='word_1_184' title='bbox 1101 2739 1189 2854; x_wconf 89' lang='lat' dir='ltr'>plus</span> <span class='ocrx_word' id='word_1_185' title='bbox 1214 2766 1356 2823; x_wconf 86' lang='lat' dir='ltr'>naturae</span> <span class='ocrx_word' id='word_1_186' title='bbox 1385 2661 1609 2826; x_wconf 83' lang='lat' dir='ltr'>conlbnum</span> 
     </span>
     <span class='ocr_line' id='line_1_22' title="bbox 181 2851 1610 2969; baseline 0 -30"><span class='ocrx_word' id='word_1_187' title='bbox 181 2857 261 2960; x_wconf 86' lang='lat' dir='ltr'>cst,</span> <span class='ocrx_word' id='word_1_188' title='bbox 294 2852 412 2965; x_wconf 74' lang='lat' dir='ltr'>quim</span> <span class='ocrx_word' id='word_1_189' title='bbox 440 2857 610 2965; x_wconf 76' lang='lat' dir='ltr'>antiqua</span> <span class='ocrx_word' id='word_1_190' title='bbox 640 2854 875 2969; x_wconf 78' lang='lat' dir='ltr'>simplicitati</span> <span class='ocrx_word' id='word_1_191' title='bbox 906 2857 1067 2937; x_wconf 88' lang='lat' dir='ltr'>nimiam</span> <span class='ocrx_word' id='word_1_192' title='bbox 1098 2853 1218 2938; x_wconf 88' lang='lat' dir='ltr'>fidem</span> <span class='ocrx_word' id='word_1_193' title='bbox 1251 2851 1449 2937; x_wconf 88' lang='lat' dir='ltr'>adhibere.</span> <span class='ocrx_word' id='word_1_194' title='bbox 1485 2855 1610 2940; x_wconf 86' lang='lat' dir='ltr'>Gale-</span> 
     </span>
     <span class='ocr_line' id='line_1_23' title="bbox 181 2964 1608 3084; baseline 0.002 -32"><span class='ocrx_word' id='word_1_195' title='bbox 181 2999 253 3052; x_wconf 90' lang='lat' dir='ltr'>nus</span> <span class='ocrx_word' id='word_1_196' title='bbox 284 2974 347 3070; x_wconf 89' lang='lat' dir='ltr'>(o)</span> <span class='ocrx_word' id='word_1_197' title='bbox 381 2971 561 3082; x_wconf 89' lang='lat' dir='ltr'>herpetes</span> <span class='ocrx_word' id='word_1_198' title='bbox 593 2965 616 3052; x_wconf 73' lang='lat' dir='ltr'>a</span> <span class='ocrx_word' id='word_1_199' title='bbox 643 2967 781 3084; x_wconf 55' lang='lat' dir='ltr'>pituita</span> <span class='ocrx_word' id='word_1_200' title='bbox 817 2966 887 3050; x_wconf 90' lang='lat' dir='ltr'>bili</span> <span class='ocrx_word' id='word_1_201' title='bbox 916 2964 1133 3051; x_wconf 70' lang='lat' dir='ltr'>commixti</span> <span class='ocrx_word' id='word_1_202' title='bbox 1166 2965 1337 3081; x_wconf 90' lang='lat' dir='ltr'>pendere</span> <span class='ocrx_word' id='word_1_203' title='bbox 1368 2972 1608 3080; x_wconf 59' lang='lat' dir='ltr'>pronuntiata</span> 
     </span>
     <span class='ocr_line' id='line_1_24' title="bbox 182 3078 1606 3193; baseline 0.001 -29"><span class='ocrx_word' id='word_1_204' title='bbox 182 3079 309 3191; x_wconf 90' lang='lat' dir='ltr'>Quod</span> <span class='ocrx_word' id='word_1_205' title='bbox 333 3080 400 3164; x_wconf 92' lang='lat' dir='ltr'>sibi</span> <span class='ocrx_word' id='word_1_206' title='bbox 422 3085 649 3189; x_wconf 89' lang='lat' dir='ltr'>inventum,</span> <span class='ocrx_word' id='word_1_207' title='bbox 677 3079 844 3166; x_wconf 69' lang='lat' dir='ltr'>detrashi</span> <span class='ocrx_word' id='word_1_208' title='bbox 866 3079 1010 3164; x_wconf 83' lang='lat' dir='ltr'>Galerii</span> <span class='ocrx_word' id='word_1_209' title='bbox 1036 3078 1164 3193; x_wconf 67' lang='lat' dir='ltr'>glotis</span> <span class='ocrx_word' id='word_1_210' title='bbox 1176 3141 1190 3186; x_wconf 94' lang='lat'>,</span> <span class='ocrx_word' id='word_1_211' title='bbox 1215 3078 1418 3163; x_wconf 88' lang='lat' dir='ltr'>vindicant</span> <span class='ocrx_word' id='word_1_212' title='bbox 1441 3078 1606 3190; x_wconf 88' lang='lat' dir='ltr'>Paulus,</span> 
     </span>
     <span class='ocr_line' id='line_1_25' title="bbox 180 3191 1608 3308; baseline 0.001 -30"><span class='ocrx_word' id='word_1_213' title='bbox 180 3197 317 3278; x_wconf 86' lang='lat' dir='ltr'>A&#39;e&#39;tius</span> <span class='ocrx_word' id='word_1_214' title='bbox 340 3203 381 3278; x_wconf 73' lang='grc' dir='ltr'>δι</span> <span class='ocrx_word' id='word_1_215' title='bbox 405 3193 628 3300; x_wconf 87' lang='lat' dir='ltr'>Oribasius,</span> <span class='ocrx_word' id='word_1_216' title='bbox 652 3223 701 3279; x_wconf 92' lang='lat' dir='ltr'>ex</span> <span class='ocrx_word' id='word_1_217' title='bbox 722 3191 798 3304; x_wconf 72' lang='lat' dir='ltr'>qud</span> <span class='ocrx_word' id='word_1_218' title='bbox 815 3196 1004 3308; x_wconf 88' lang='lat' dir='ltr'>opinione</span> <span class='ocrx_word' id='word_1_219' title='bbox 1023 3192 1121 3276; x_wconf 94' lang='lat' dir='ltr'>nihil</span> <span class='ocrx_word' id='word_1_220' title='bbox 1141 3192 1247 3276; x_wconf 91' lang='lat' dir='ltr'>aliud</span> <span class='ocrx_word' id='word_1_221' title='bbox 1263 3192 1382 3277; x_wconf 87' lang='lat' dir='ltr'>video</span> <span class='ocrx_word' id='word_1_222' title='bbox 1401 3197 1608 3279; x_wconf 85' lang='lat' dir='ltr'>extrahen-</span> 
     </span>
     <span class='ocr_line' id='line_1_26' title="bbox 182 3305 1526 3416; baseline 0 -25"><span class='ocrx_word' id='word_1_223' title='bbox 182 3307 303 3411; x_wconf 63' lang='lat' dir='ltr'>dum}</span> <span class='ocrx_word' id='word_1_224' title='bbox 321 3309 387 3389; x_wconf 94' lang='lat' dir='ltr'>nisi</span> <span class='ocrx_word' id='word_1_225' title='bbox 405 3307 514 3416; x_wconf 87' lang='lat' dir='ltr'>qubd</span> <span class='ocrx_word' id='word_1_226' title='bbox 531 3305 700 3415; x_wconf 72' lang='lat' dir='ltr'>junsiam</span> <span class='ocrx_word' id='word_1_227' title='bbox 717 3307 923 3390; x_wconf 81' lang='lat' dir='ltr'>crassitiem</span> <span class='ocrx_word' id='word_1_228' title='bbox 942 3309 1164 3390; x_wconf 84' lang='lat' dir='ltr'>acrimoniae</span> <span class='ocrx_word' id='word_1_229' title='bbox 1181 3307 1359 3390; x_wconf 89' lang='lat' dir='ltr'>incusent</span> <span class='ocrx_word' id='word_1_230' title='bbox 1372 3309 1526 3391; x_wconf 85' lang='lat' dir='ltr'>meritb.</span> 
     </span>
    </p>

    <p class='ocr_par' dir='ltr' id='par_1_5' title="bbox 152 3418 1608 4890">
     <span class='ocr_line' id='line_1_27' title="bbox 234 3418 1607 3534; baseline -0.001 -30"><span class='ocrx_word' id='word_1_231' title='bbox 234 3420 386 3504; x_wconf 85' lang='lat' dir='ltr'>Verhm</span> <span class='ocrx_word' id='word_1_232' title='bbox 408 3421 436 3502; x_wconf 95' lang='lat' dir='ltr'>si</span> <span class='ocrx_word' id='word_1_233' title='bbox 456 3448 506 3504; x_wconf 89' lang='lat' dir='ltr'>ex</span> <span class='ocrx_word' id='word_1_234' title='bbox 523 3423 694 3534; x_wconf 90' lang='lat' dir='ltr'>cognitis</span> <span class='ocrx_word' id='word_1_235' title='bbox 715 3420 764 3510; x_wconf 87' lang='lat' dir='ltr'>ad</span> <span class='ocrx_word' id='word_1_236' title='bbox 779 3424 985 3532; x_wconf 88' lang='lat' dir='ltr'>incognita</span> <span class='ocrx_word' id='word_1_237' title='bbox 1004 3418 1237 3504; x_wconf 91' lang='lat' dir='ltr'>hariolando</span> <span class='ocrx_word' id='word_1_238' title='bbox 1284 3420 1441 3532; x_wconf 91' lang='lat' dir='ltr'>rogredi</span> <span class='ocrx_word' id='word_1_239' title='bbox 1456 3419 1512 3504; x_wconf 94' lang='lat' dir='ltr'>fas</span> <span class='ocrx_word' id='word_1_240' title='bbox 1531 3423 1607 3526; x_wconf 86' lang='lat' dir='ltr'>est,</span> 
     </span>
     <span class='ocr_line' id='line_1_28' title="bbox 180 3450 1606 3648; baseline -0.001 -31"><span class='ocrx_word' id='word_1_241' title='bbox 180 3531 335 3617; x_wconf 90' lang='lat' dir='ltr'>videtur</span> <span class='ocrx_word' id='word_1_242' title='bbox 361 3535 499 3646; x_wconf 89' lang='lat' dir='ltr'>herpes</span> <span class='ocrx_word' id='word_1_243' title='bbox 529 3564 605 3648; x_wconf 85' lang='lat' dir='ltr'>prae</span> <span class='ocrx_word' id='word_1_244' title='bbox 630 3533 669 3620; x_wconf 94' lang='lat' dir='ltr'>se</span> <span class='ocrx_word' id='word_1_245' title='bbox 698 3531 847 3644; x_wconf 90' lang='lat' dir='ltr'>aliquid</span> <span class='ocrx_word' id='word_1_246' title='bbox 875 3533 977 3618; x_wconf 89' lang='lat' dir='ltr'>ferre</span> <span class='ocrx_word' id='word_1_247' title='bbox 999 3534 1109 3644; x_wconf 90' lang='lat' dir='ltr'>quod</span> <span class='ocrx_word' id='word_1_248' title='bbox 1135 3450 1407 3618; x_wconf 77' lang='lat' dir='ltr'>rmceicentiae</span> <span class='ocrx_word' id='word_1_249' title='bbox 1429 3535 1606 3616; x_wconf 89' lang='lat' dir='ltr'>humoris</span> 
     </span>
     <span class='ocr_line' id='line_1_29' title="bbox 181 3641 1607 3760; baseline 0 -32"><span class='ocrx_word' id='word_1_250' title='bbox 181 3646 334 3730; x_wconf 91' lang='lat' dir='ltr'>mucosi</span> <span class='ocrx_word' id='word_1_251' title='bbox 348 3646 482 3727; x_wconf 91' lang='lat' dir='ltr'>inertis</span> <span class='ocrx_word' id='word_1_252' title='bbox 497 3643 708 3759; x_wconf 82' lang='lat' dir='ltr'>analogum</span> <span class='ocrx_word' id='word_1_253' title='bbox 724 3649 789 3731; x_wconf 89' lang='lat' dir='ltr'>est.</span> <span class='ocrx_word' id='word_1_254' title='bbox 819 3643 936 3731; x_wconf 90' lang='lat' dir='ltr'>Nihil</span> <span class='ocrx_word' id='word_1_255' title='bbox 954 3649 1050 3730; x_wconf 90' lang='lat' dir='ltr'>inest</span> <span class='ocrx_word' id='word_1_256' title='bbox 1064 3646 1174 3757; x_wconf 91' lang='lat' dir='ltr'>quod</span> <span class='ocrx_word' id='word_1_257' title='bbox 1187 3671 1314 3760; x_wconf 89' lang='lat' dir='ltr'>partes</span> <span class='ocrx_word' id='word_1_258' title='bbox 1328 3641 1513 3751; x_wconf 72' lang='lat' dir='ltr'>subjectas</span> <span class='ocrx_word' id='word_1_259' title='bbox 1529 3651 1570 3728; x_wconf 76' lang='lat' dir='ltr'>ot</span> <span class='ocrx_word' id='word_1_260' title='bbox 1584 3642 1607 3728; x_wconf 79' lang='grc'>13</span> 
     </span>
     <span class='ocr_line' id='line_1_30' title="bbox 181 3753 1607 3870; baseline -0.001 -29"><span class='ocrx_word' id='word_1_261' title='bbox 181 3789 222 3841; x_wconf 92' lang='lat' dir='ltr'>m</span> <span class='ocrx_word' id='word_1_262' title='bbox 326 3757 480 3838; x_wconf 75' lang='lat' dir='ltr'>actione</span> <span class='ocrx_word' id='word_1_263' title='bbox 511 3759 704 3841; x_wconf 90' lang='lat' dir='ltr'>immunes</span> <span class='ocrx_word' id='word_1_264' title='bbox 734 3788 892 3844; x_wconf 91' lang='lat' dir='ltr'>corrum</span> <span class='ocrx_word' id='word_1_265' title='bbox 921 3785 989 3865; x_wconf 87' lang='lat' dir='ltr'>at,</span> <span class='ocrx_word' id='word_1_266' title='bbox 1021 3759 1121 3843; x_wconf 92' lang='lat' dir='ltr'>nihil</span> <span class='ocrx_word' id='word_1_267' title='bbox 1148 3758 1259 3870; x_wconf 92' lang='lat' dir='ltr'>quod</span> <span class='ocrx_word' id='word_1_268' title='bbox 1288 3756 1553 3842; x_wconf 71' lang='lat' dir='ltr'>sanatoribus</span> <span class='ocrx_word' id='word_1_269' title='bbox 1584 3753 1607 3840; x_wconf 68' lang='grc'><strong>1</strong></span> 
     </span>
     <span class='ocr_line' id='line_1_31' title="bbox 181 3785 1606 3982; baseline -0.001 -26"><span class='ocrx_word' id='word_1_270' title='bbox 181 3785 306 3966; x_wconf 50' lang='lat' dir='ltr'>ing</span> <span class='ocrx_word' id='word_1_271' title='bbox 319 3897 401 3950; x_wconf 90' lang='lat' dir='ltr'>nori</span> <span class='ocrx_word' id='word_1_272' title='bbox 418 3866 678 3981; x_wconf 83' lang='lat' dir='ltr'>pendentibus</span> <span class='ocrx_word' id='word_1_273' title='bbox 697 3869 826 3958; x_wconf 92' lang='lat' dir='ltr'>labem</span> <span class='ocrx_word' id='word_1_274' title='bbox 841 3790 1008 3979; x_wconf 69' lang='lat' dir='ltr'>insdrat,</span> <span class='ocrx_word' id='word_1_275' title='bbox 1026 3881 1066 3956; x_wconf 80' lang='lat' dir='ltr'>di</span> <span class='ocrx_word' id='word_1_276' title='bbox 1082 3871 1189 3957; x_wconf 89' lang='lat' dir='ltr'>nulla</span> <span class='ocrx_word' id='word_1_277' title='bbox 1210 3869 1285 3956; x_wconf 91' lang='lat' dir='ltr'>alia</span> <span class='ocrx_word' id='word_1_278' title='bbox 1303 3897 1399 3954; x_wconf 89' lang='lat' dir='ltr'>nota</span> <span class='ocrx_word' id='word_1_279' title='bbox 1408 3931 1423 3975; x_wconf 87' lang='lat'><em>‚</em></span> <span class='ocrx_word' id='word_1_280' title='bbox 1445 3872 1606 3982; x_wconf 90' lang='lat' dir='ltr'>herpete</span> 
     </span>
     <span class='ocr_line' id='line_1_32' title="bbox 152 3980 1606 4096; baseline -0.003 -27"><span class='ocrx_word' id='word_1_281' title='bbox 152 4063 155 4069; x_wconf 88' lang='lat'><em>.</em></span> <span class='ocrx_word' id='word_1_282' title='bbox 180 4005 346 4096; x_wconf 89' lang='lat' dir='ltr'>urgente</span> <span class='ocrx_word' id='word_1_283' title='bbox 354 4044 369 4087; x_wconf 88' lang='lat'><em>‚</em></span> <span class='ocrx_word' id='word_1_284' title='bbox 389 3980 623 4094; x_wconf 92' lang='lat' dir='ltr'>corporibus</span> <span class='ocrx_word' id='word_1_285' title='bbox 634 3984 824 4090; x_wconf 79' lang='lat' dir='ltr'>inuritur,</span> <span class='ocrx_word' id='word_1_286' title='bbox 841 3987 910 4069; x_wconf 91' lang='lat' dir='ltr'>nisi</span> <span class='ocrx_word' id='word_1_287' title='bbox 923 3985 1030 4096; x_wconf 80' lang='lat' dir='ltr'>quod</span> <span class='ocrx_word' id='word_1_288' title='bbox 1044 3986 1277 4072; x_wconf 89' lang='lat' dir='ltr'>crediderim</span> <span class='ocrx_word' id='word_1_289' title='bbox 1291 3986 1515 4092; x_wconf 89' lang='lat' dir='ltr'>herpeticos</span> <span class='ocrx_word' id='word_1_290' title='bbox 1532 4010 1606 4065; x_wconf 87' lang='lat' dir='ltr'>co-</span> 
     </span>
     <span class='ocr_line' id='line_1_33' title="bbox 182 4090 1606 4208; baseline -0.001 -28"><span class='ocrx_word' id='word_1_291' title='bbox 182 4093 273 4206; x_wconf 69' lang='lat' dir='ltr'>ryzi</span> <span class='ocrx_word' id='word_1_292' title='bbox 292 4090 444 4179; x_wconf 82' lang='lat' dir='ltr'>facilibs</span> <span class='ocrx_word' id='word_1_293' title='bbox 464 4097 633 4201; x_wconf 87' lang='lat' dir='ltr'>tentari,</span> <span class='ocrx_word' id='word_1_294' title='bbox 661 4099 744 4180; x_wconf 83' lang='lat' dir='ltr'>iinb</span> <span class='ocrx_word' id='word_1_295' title='bbox 763 4099 1007 4208; x_wconf 85' lang='lat' dir='ltr'>&amp;quosdam</span> <span class='ocrx_word' id='word_1_296' title='bbox 1022 4097 1210 4183; x_wconf 90' lang='lat' dir='ltr'>habituali</span> <span class='ocrx_word' id='word_1_297' title='bbox 1225 4091 1369 4203; x_wconf 73' lang='lat' dir='ltr'>coryci</span> <span class='ocrx_word' id='word_1_298' title='bbox 1384 4090 1606 4178; x_wconf 83' lang='lat' dir='ltr'>laborantes</span> 
     </span>
     <span class='ocr_line' id='line_1_34' title="bbox 183 4207 1606 4322; baseline -0.003 -28"><span class='ocrx_word' id='word_1_299' title='bbox 183 4207 274 4294; x_wconf 81' lang='lat' dir='ltr'>inde</span> <span class='ocrx_word' id='word_1_300' title='bbox 286 4211 510 4322; x_wconf 88' lang='lat' dir='ltr'>herpeticos</span> <span class='ocrx_word' id='word_1_301' title='bbox 525 4209 709 4318; x_wconf 89' lang='lat' dir='ltr'>credens,</span> <span class='ocrx_word' id='word_1_302' title='bbox 722 4242 805 4297; x_wconf 91' lang='lat' dir='ltr'>non</span> <span class='ocrx_word' id='word_1_303' title='bbox 820 4211 1079 4297; x_wconf 89' lang='lat' dir='ltr'>hallucinatus</span> <span class='ocrx_word' id='word_1_304' title='bbox 1097 4211 1192 4294; x_wconf 90' lang='lat' dir='ltr'>suin.</span> <span class='ocrx_word' id='word_1_305' title='bbox 1215 4207 1447 4289; x_wconf 80' lang='lat' dir='ltr'>Acescentia</span> <span class='ocrx_word' id='word_1_306' title='bbox 1465 4209 1606 4320; x_wconf 87' lang='lat' dir='ltr'>pariter</span> 
     </span>
     <span class='ocr_line' id='line_1_35' title="bbox 183 4317 1604 4433; baseline -0.003 -28"><span class='ocrx_word' id='word_1_307' title='bbox 183 4323 248 4405; x_wconf 81' lang='lat' dir='ltr'>hic</span> <span class='ocrx_word' id='word_1_308' title='bbox 275 4319 383 4404; x_wconf 91' lang='lat' dir='ltr'>nulla</span> <span class='ocrx_word' id='word_1_309' title='bbox 401 4353 484 4433; x_wconf 79' lang='lat' dir='ltr'>qua</span> <span class='ocrx_word' id='word_1_310' title='bbox 511 4323 704 4414; x_wconf 89' lang='lat' dir='ltr'>infantum</span> <span class='ocrx_word' id='word_1_311' title='bbox 731 4324 895 4410; x_wconf 88' lang='lat' dir='ltr'>morbos</span> <span class='ocrx_word' id='word_1_312' title='bbox 922 4324 1103 4406; x_wconf 92' lang='lat' dir='ltr'>comitari</span> <span class='ocrx_word' id='word_1_313' title='bbox 1124 4317 1226 4401; x_wconf 91' lang='lat' dir='ltr'>folet</span> <span class='ocrx_word' id='word_1_314' title='bbox 1250 4322 1367 4403; x_wconf 90' lang='lat' dir='ltr'>etiam</span> <span class='ocrx_word' id='word_1_315' title='bbox 1390 4343 1604 4420; x_wconf 78' lang='lat' dir='ltr'>cutaiteos3</span> 
     </span>
     <span class='ocr_line' id='line_1_36' title="bbox 181 4428 1608 4548; baseline 0.001 -34"><span class='ocrx_word' id='word_1_316' title='bbox 181 4463 272 4514; x_wconf 88' lang='lat' dir='ltr'>nam</span> <span class='ocrx_word' id='word_1_317' title='bbox 295 4437 363 4543; x_wconf 94' lang='lat' dir='ltr'>qui</span> <span class='ocrx_word' id='word_1_318' title='bbox 383 4435 539 4520; x_wconf 90' lang='lat' dir='ltr'>exhalat</span> <span class='ocrx_word' id='word_1_319' title='bbox 560 4433 608 4518; x_wconf 90' lang='lat' dir='ltr'>ab</span> <span class='ocrx_word' id='word_1_320' title='bbox 628 4435 853 4548; x_wconf 89' lang='lat' dir='ltr'>herpetibus</span> <span class='ocrx_word' id='word_1_321' title='bbox 875 4435 1001 4538; x_wconf 89' lang='lat' dir='ltr'>odor,</span> <span class='ocrx_word' id='word_1_322' title='bbox 1025 4430 1194 4516; x_wconf 90' lang='lat' dir='ltr'>fracidus</span> <span class='ocrx_word' id='word_1_323' title='bbox 1214 4434 1278 4527; x_wconf 86' lang='lat' dir='ltr'>est.</span> <span class='ocrx_word' id='word_1_324' title='bbox 1307 4428 1480 4514; x_wconf 76' lang='lat' dir='ltr'>Aliunde</span> <span class='ocrx_word' id='word_1_325' title='bbox 1504 4433 1608 4517; x_wconf 78' lang='lat' dir='ltr'>acef-</span> 
     </span>
     <span class='ocr_line' id='line_1_37' title="bbox 183 4541 1606 4663; baseline -0.002 -33"><span class='ocrx_word' id='word_1_326' title='bbox 183 4547 313 4630; x_wconf 90' lang='lat' dir='ltr'>centia</span> <span class='ocrx_word' id='word_1_327' title='bbox 323 4569 444 4655; x_wconf 85' lang='lat' dir='ltr'>¹quani</span> <span class='ocrx_word' id='word_1_328' title='bbox 467 4545 629 4663; x_wconf 88' lang='lat' dir='ltr'>lympha</span> <span class='ocrx_word' id='word_1_329' title='bbox 646 4549 844 4632; x_wconf 84' lang='lat' dir='ltr'>contrahit</span> <span class='ocrx_word' id='word_1_330' title='bbox 862 4548 1023 4631; x_wconf 78' lang='lat' dir='ltr'>effeetus</span> <span class='ocrx_word' id='word_1_331' title='bbox 1037 4571 1167 4631; x_wconf 87' lang='lat' dir='ltr'>certos</span> <span class='ocrx_word' id='word_1_332' title='bbox 1188 4549 1229 4629; x_wconf 94' lang='lat' dir='ltr'>in</span> <span class='ocrx_word' id='word_1_333' title='bbox 1251 4541 1321 4630; x_wconf 88' lang='lat' dir='ltr'>reli</span> <span class='ocrx_word' id='word_1_334' title='bbox 1351 4574 1441 4627; x_wconf 92' lang='lat' dir='ltr'>uam</span> <span class='ocrx_word' id='word_1_335' title='bbox 1460 4547 1606 4627; x_wconf 90' lang='lat' dir='ltr'>humo-</span> 
     </span>
     <span class='ocr_line' id='line_1_38' title="bbox 183 4575 1605 4773; baseline -0.002 -30"><span class='ocrx_word' id='word_1_336' title='bbox 183 4687 273 4743; x_wconf 90' lang='lat' dir='ltr'>rum</span> <span class='ocrx_word' id='word_1_337' title='bbox 294 4661 474 4742; x_wconf 91' lang='lat' dir='ltr'>omnium</span> <span class='ocrx_word' id='word_1_338' title='bbox 497 4660 647 4746; x_wconf 91' lang='lat' dir='ltr'>molem</span> <span class='ocrx_word' id='word_1_339' title='bbox 672 4659 872 4766; x_wconf 88' lang='lat' dir='ltr'>extendit,</span> <span class='ocrx_word' id='word_1_340' title='bbox 898 4661 1082 4773; x_wconf 90' lang='lat' dir='ltr'>signaque</span> <span class='ocrx_word' id='word_1_341' title='bbox 1103 4659 1161 4744; x_wconf 94' lang='lat' dir='ltr'>sui</span> <span class='ocrx_word' id='word_1_342' title='bbox 1185 4659 1251 4742; x_wconf 93' lang='lat' dir='ltr'>dat</span> <span class='ocrx_word' id='word_1_343' title='bbox 1268 4575 1442 4764; x_wconf 74' lang='lat' dir='ltr'>inille,</span> <span class='ocrx_word' id='word_1_344' title='bbox 1463 4654 1605 4762; x_wconf 75' lang='lat' dir='ltr'>salival,</span> 
     </span>
     <span class='ocr_line' id='line_1_39' title="bbox 184 4767 1608 4890; baseline -0.002 -35"><span class='ocrx_word' id='word_1_345' title='bbox 184 4771 305 4856; x_wconf 88' lang='lat' dir='ltr'>urinis</span> <span class='ocrx_word' id='word_1_346' title='bbox 345 4767 518 4862; x_wconf 86' lang='lat' dir='ltr'>indubia.</span> <span class='ocrx_word' id='word_1_347' title='bbox 559 4772 726 4890; x_wconf 85' lang='lat' dir='ltr'>Sanguis</span> <span class='ocrx_word' id='word_1_348' title='bbox 758 4771 806 4858; x_wconf 85' lang='lat' dir='ltr'>ab</span> <span class='ocrx_word' id='word_1_349' title='bbox 837 4777 1047 4890; x_wconf 89' lang='lat' dir='ltr'>herpeticis</span> <span class='ocrx_word' id='word_1_350' title='bbox 1077 4771 1147 4863; x_wconf 90' lang='lat' dir='ltr'>ubi</span> <span class='ocrx_word' id='word_1_351' title='bbox 1180 4773 1394 4863; x_wconf 83' lang='lat' dir='ltr'>detrahitur</span> <span class='ocrx_word' id='word_1_352' title='bbox 1425 4771 1608 4855; x_wconf 89' lang='lat' dir='ltr'>sanorum</span> 
     </span>
    </p>

    <p class='ocr_par' dir='ltr' id='par_1_6' title="bbox 223 4903 1427 5071">
     <span class='ocr_line' id='line_1_40' title="bbox 223 4903 1427 5071; baseline 0.012 -106"><span class='ocrx_word' id='word_1_353' title='bbox 223 4911 285 4981; x_wconf 82' lang='lat' dir='ltr'>(a)</span> <span class='ocrx_word' id='word_1_354' title='bbox 303 4903 353 4966; x_wconf 82' lang='lat' dir='ltr'>Dc</span> <span class='ocrx_word' id='word_1_355' title='bbox 367 4905 484 4968; x_wconf 84' lang='lat' dir='ltr'>Tumor.</span> <span class='ocrx_word' id='word_1_356' title='bbox 500 4903 616 4981; x_wconf 83' lang='lat' dir='ltr'>Aetius,</span> <span class='ocrx_word' id='word_1_357' title='bbox 634 4911 680 4972; x_wconf 87' lang='lat' dir='ltr'>lib.</span> <span class='ocrx_word' id='word_1_358' title='bbox 700 4929 757 4984; x_wconf 75' lang='lat'>14,</span> <span class='ocrx_word' id='word_1_359' title='bbox 774 4908 1009 4996; x_wconf 65' lang='lat' dir='ltr'>Paulus,lib‚4.</span> <span class='ocrx_word' id='word_1_360' title='bbox 1308 4988 1353 5071; x_wconf 77' lang='lat' dir='ltr'>R</span> <span class='ocrx_word' id='word_1_361' title='bbox 1403 4981 1427 5011; x_wconf 33' lang='grc' dir='ltr'>ι,</span> 
     </span>
    </p>

    <p class='ocr_par' dir='ltr' id='par_1_7' title="bbox 1361 5015 1427 5091">
     <span class='ocr_line' id='line_1_41' title="bbox 1361 5015 1427 5091; baseline 0.015 -23"><span class='ocrx_word' id='word_1_362' title='bbox 1361 5015 1427 5091; x_wconf 75' lang='grc' dir='ltr'>τι]</span> 
     </span>
    </p>
   </div>
   <div class='ocr_carea' id='block_1_5' title="bbox 0 0 2098 5908">
    <p class='ocr_par' dir='ltr' id='par_1_8' title="bbox 0 0 2098 5908">
     <span class='ocr_line' id='line_1_42' title="bbox 0 0 2098 5908; baseline 0 0"><span class='ocrx_word' id='word_1_363' title='bbox 0 0 2098 5908; x_wconf 95' lang='lat' dir='ltr'> </span> 
     </span>
    </p>
   </div>
  </div>
 </body>
</html>
