4188 5916
489 407 579 520 ¹320
939 375 1048 465 DE
1119 375 1484 466 MO.RB.IS

493 543 637 630 Audax
668 541 876 630 Hollerius
896 572 958 630 em
989 543 1101 628 lastro
1132 547 1328 631 vestcante
1353 546 1498 629 faciem
1522 540 1642 628 illinit
1667 550 1709 630 dt
1734 545 1931 632 morbum.

493 659 601 744 Mox
616 656 735 745 febris
752 685 892 744 exorta
905 576 1046 742 delirio
1067 660 1201 766 ferox,
1225 687 1300 743 nec
1319 657 1484 773 periculi
1503 659 1684 771 ancipitis
1700 688 1852 776 expers.
1881 665 1933 746 At

496 772 636 858 sedatis
660 771 843 856 omnibus
855 832 870 878 ,
893 770 1245 887 suppurationeque
1268 769 1384 885 pleni
1407 769 1570 876 exorti,
1598 775 1803 858 convaluit
1825 772 1906 860 illa.

555 886 682 996 Quod
703 889 789 967 viro
807 889 848 967 in
868 909 950 969 arte
969 883 1177 968 clarilhmo
1195 889 1389 999 contigit,
1407 885 1514 969 idem
1534 885 1772 998 imprudenti
1792 917 1931 1001 agyrtae

496 998 715 1082 succelhffe
735 1007 777 1081 ὅ(
797 1001 893 1080 novi
910 1005 949 1080 bt
966 1000 1060 1082 vidi.
1086 1000 1236 1082 Verhm
1251 1027 1326 1082 nec
1342 999 1556 1082 successum
1572 1000 1678 1080 hunc
1693 1002 1838 1106 invidi,
1860 1030 1931 1086 uec

498 1111 633 1228 plausu
656 1114 809 1227 excepi.
840 1112 987 1218 Ecquis
1009 1116 1114 1194 enim
1132 1111 1239 1195 adeb'
1253 1109 1330 1194 alre
1347 1115 1387 1195 in
1406 1109 1537 1194 sacros
1558 1136 1699 1192 naturae
1717 1120 1933 1224 penetravit

499 1226 690 1332 recessus,
706 1251 750 1308 ut
763 1225 879 1339 polht
893 1221 973 1328 ejus
991 1234 1032 1307 dt
1047 1225 1282 1309 direttiones
1295 1251 1460 1329 mutare,
1476 1232 1516 1307 ὅ(
1529 1223 1727 1336 processus
1741 1225 1932 1309 aemulari?

557 1335 693 1450 Vulgo
712 1337 979 1450 retropreffus
1015 1335 1100 1420 talis
1137 1339 1277 1452 herpes
1313 1337 1499 1420 incendio
1538 1339 1685 1420 vicinas
1719 1365 1849 1452 partes
1887 1339 1932 1423 ad

500 1450 626 1565 ipsum
648 1449 792 1534 ulceris
816 1447 983 1532 limbum
1005 1450 1177 1534 ferocius
1204 1452 1406 1557 adoritur,
1431 1446 1659 1558 malumque
1682 1452 1726 1532 lit
1751 1455 1792 1532 dt
1812 1445 1930 1534 'latius

502 1573 545 1646 bt
570 1561 731 1670 savius,
758 1593 841 1646 non
862 1564 941 1648 stne
966 1560 1076 1646 malae
1102 1563 1388 1676 suppurationis
1415 1561 1676 1644 retroceffurae
1703 1565 1931 1648 imminente

530 1674 695 1759 ericulo.
725 1675 834 1790 Sapb
862 1673 1013 1760 cellule
1041 1680 1123 1759 cuti
1145 1674 1319 1782 subjeuae
1339 1678 1544 1780 inflantur,
1571 1676 1692 1782 fitque
1711 1675 1872 1760 oedema
1895 1681 1932 1760 in

499 1708 682 1904 herpetes
707 1778 838 1904 posted
863 1789 1094 1873 redivivum.
1125 1790 1216 1872 Imb
1244 1819 1326 1872 uon
1355 1818 1482 1871 rarum
1512 1789 1563 1871 est
1592 1786 1691 1870 adeb
1719 1791 1836 1902 ipsuis
1866 1821 1930 1872 na-

502 1928 596 1986 tura:
614 1905 655 1986 vi
678 1905 778 1985 verti
806 1905 846 1985 in
870 1903 1190 2016 suppurationem
1217 1905 1419 2017 herpetes,
1450 1901 1655 2016 prasertim
1677 1907 1813 1984 versits
1836 1906 1929 2016 peri-

504 2046 652 2122 naeum,
679 2041 746 2098 aut
769 2018 832 2097 ani
855 2045 938 2096 mar
966 2019 1069 2120 ines,
1097 2014 1231 2126 ibique
1259 2015 1424 2128 grandes
1445 2018 1527 2098 fieri
1548 2011 1758 2120 absceffus,
1782 2013 1931 2098 fistulas-

504 2156 581 2240 que
605 2158 699 2236 quas
720 2127 906 2239 Chirurgi
933 2045 1154 2242 scalprum,
1178 2129 1370 2212 methodo
1395 2127 1482 2210 satis
1507 2124 1695 2239 cogniti,
1719 2125 1928 2212 abscindat.

503 2239 695 2350 Quandiu
717 2242 803 2324 fluit
828 2237 1046 2346 abscessus,
1078 2237 1184 2324 nulla
1205 2241 1254 2326 de
1281 2239 1506 2355 herpetibus
1532 2242 1683 2322 mentio
1707 2241 1774 2348 lit,
1804 2243 1931 2326 omnia

502 2351 802 2463 conquiescunt.
837 2355 926 2435 Imb
952 2352 1054 2466 saepe
1079 2358 1089 2436 i
1121 2353 1157 2438 se
1181 2357 1361 2466 herpetes
1387 2356 1552 2437 omnino
1575 2352 1727 2437 sanatos
1754 2353 1928 2452 credidi;

502 2493 543 2549 at
556 2469 742 2552 cicatrice
758 2464 926 2552 obdunt
935 2528 949 2571 ,
974 2385 1145 2577 quandih
1160 2470 1260 2550 vires
1275 2466 1433 2570 desunt,
1450 2470 1567 2550 toties
1582 2464 1715 2550 frustra
1729 2469 1931 2582 herpetum

503 2581 662 2692 vestigia
682 2581 894 2690 quaesteris3
913 2586 1049 2663 veritm
1068 2579 1137 2663 ubi
1153 2577 1231 2688 jam
1247 2580 1416 2695 pleniori
1435 2582 1540 2664 vibiu
1554 2582 1613 2662 uti
1629 2577 1747 2684 licet,
1770 2589 1811 2662 bt
1836 2583 1932 2664 vires

504 2720 687 2808 reparatae
708 2693 821 2800 sunt,
849 2699 977 2776 rursus
1001 2693 1145 2778 eodem
1176 2695 1327 2806 gradu,
1352 2691 1491 2777 eidem
1512 2690 1758 2776 vehementis
1784 2697 1934 2778 enitent

505 2832 550 2888 ut
577 2804 700 2890 antea.
725 2806 826 2916 Quae
852 2810 944 2890 cbm
971 2809 1025 2889 ita
1052 2809 1146 2911 sint,
1173 2816 1213 2891 dt
1238 2804 1369 2921 plures
1392 2806 1514 2889 hodie
1534 2806 1632 2887 mihi
1656 2807 1799 2889 exstent
1822 2809 1933 2890 testes

504 2915 619 3024 hujus
652 2917 959 3024 observationis,
1001 2919 1233 3003 deducimus
1268 2915 1383 3030 quam
1422 2923 1557 3032 parurn
1590 2916 1682 3001 fidei
1708 2915 1933 3004 habendum
1970 2923 1973 2930 ‘

507 3032 553 3112 stt
578 3031 825 3116 desttuffioni
843 3035 1058 3146 ‘herpetum
1087 3060 1156 3146 per
1184 3033 1524 3146 suppurationem,
1553 3029 1731 3140 adeoque
1756 3059 1932 3118 veterum

506 3145 726 3249 methodo,
752 3148 928 3254 quamvis
954 3143 1110 3229 asseclas
1137 3143 1343 3229 habuerint
1365 3147 1495 3229 Graeci
1514 3141 1664 3228 Arabes
1687 3141 1770 3228 sere
1798 3173 1932 3230 omnes

508 3286 610 3368 quos
631 3256 765 3339 saltem
789 3255 981 3370 legerim,
1009 3256 1106 3342 licet
1129 3256 1187 3341 illi
1210 3257 1335 3342 lenius
1357 3267 1397 3342 bt
1419 3256 1613 3342 methodo
1636 3255 1822 3374 corrupti
1844 3287 1932 3344 cum

508 3373 617 3484 agris
636 3372 788 3484 egerint
804 3401 815 3470 ;
831 3400 923 3454 nam
947 3369 997 3454 de
1020 3369 1295 3485 suppuratione
1316 3369 1523 3456 excitandi
1540 3373 1690 3454 mentio
1710 3369 1822 3456 nulla
1837 3369 1933 3488 apud

501 3511 602 3589 eos,
627 3481 693 3566 sed
719 3485 848 3566 omnis
872 3509 1037 3594 praxeos
1062 3482 1250 3569 subtilitas
1273 3485 1375 3599 apud
1392 3483 1484 3570 illos
1506 3487 1549 3568 in
1567 3482 1934 3598 refrigerantium&

507 3599 561 3708 sty
590 3591 1047 3710 ticorum'applicatione
1072 3599 1252 3681 consistit.

563 3625 657 3794 llec
691 3707 765 3793 alia
797 3711 850 3792 est
879 3709 1090 3793 methodus
1122 3714 1327 3795 auiiorum
1358 3712 1425 3820 qui
1463 3714 1548 3824 post
1580 3710 1672 3796 illos
1705 3709 1934 3825 scripserunt

507 3849 718 3934 antequam
744 3823 926 3930 Phystees
948 3822 1206 3908 reserarentur
1232 3823 1556 3939 &panderentur
1583 3855 1688 3910 nova
1716 3821 1931 3929 miracula,

507 3937 537 4020 st
561 3935 696 4023 saltem
722 3935 909 4048 quosdam
934 3940 1137 4049 exceperis
1159 3941 1259 4020 inter
1274 3967 1375 4048 quos
1395 3940 1564 4052 primitur
1588 3935 1797 4054 appellabo
1819 3935 1932 4020 Doc-

507 4049 693 4134 tilhmum
715 4049 972 4134 Laurentium
995 4045 1230 4138 Joubertum
1252 4057 1317 4154 (u)
1343 4055 1411 4160 qui
1432 4054 1613 4165 herpetes
1636 4046 1718 4134 sola
1743 4047 1933 4134 methodo

508 4162 735 4248 vacuatotitl
753 4160 840 4248 vult
860 4159 972 4267 tolli,
997 4161 1233 4275 praeciseque
1253 4167 1480 4278 pronuntiat
1502 4163 1591 4249 ante
1612 4163 1839 4250 vacuandos
1861 4161 1935 4244 elie

509 4273 713 4388 herpetes,
740 4273 856 4386 quhm
876 4275 1123 4386 coquendos.
1153 4275 1288 4386 Quam
1312 4279 1622 4392 proposttionem
1643 4306 1724 4361 non
1740 4281 1792 4358 ita
1806 4275 1935 4388 accipi

406 4481 412 4510 ,
459 4391 465 4404 “
508 4383 615 4494 vult,
637 4389 741 4500 quast
762 4391 801 4470 in
822 4389 902 4502 ipsi
926 4391 1261 4495 irritatione„nec
1282 4385 1383 4474 bene
1407 4416 1616 4506 preparato
1638 4415 1811 4504 corpore
1833 4387 1937 4476 foret

508 4500 782 4606 vacuandum,
803 4501 868 4586 sed
885 4502 1161 4586 tantummodo
1180 4501 1328 4588 nullam
1350 4507 1391 4587 in
1411 4505 1618 4618 herpeticis
1640 4501 1840 4587 ulceribus
1859 4499 1939 4614 spe·

507 4607 669 4808 ¹tantiam
690 4611 766 4698 effe
789 4617 1029 4740 cothonem.
1054 4613 1133 4701 Cui
1152 4618 1313 4736 quidem
1330 4618 1483 4704 veritati
1501 4613 1763 4700 lubentissime
1783 4614 1940 4734 adstipu-

523 4749 648 4805 antur.

545 4859 607 4934 (a)
627 4851 733 4936 Quali·
753 4853 830 4922 med.
852 4877 865 4936 5
884 4869 910 4923 δι
928 4869 956 4922 6.

1788 4941 1941 5029 Vethm
