4188 5916
657 443 1152 540 CUTANEI&
1542 493 1620 563 πμ

187 605 313 746 vulgis
335 615 389 700 stc
419 613 671 723 adoriuntur,
693 624 735 702 dr
758 617 919 729 quidem
935 647 1028 701 cum
1046 611 1221 702 successu
1243 643 1364 727 quem
1384 621 1624 736 experientia

188 731 319 842 ponde
338 726 457 839 quim
478 733 577 814 ratio
600 731 784 841 chymica
803 731 1052 816 demonstrat.
1073 727 1228 813 Vanam
1242 733 1285 813 in
1303 730 1533 820 mulieribus
1555 761 1624 824 aut

187 839 437 954 plethoricis,
449 871 516 928 aut
526 843 630 929 male
642 846 881 929 menstruatis
892 841 961 928 sub
970 840 1102 928 morbi
1142 843 1306 956 rincipia
1317 845 1517 954 incidunt,
1528 849 1620 936 dein

160 965 166 980 '
186 952 318 1036 serum
338 953 470 1062 lastis,
494 981 561 1040 aut
572 956 723 1064 juscula
738 986 787 1042 ex
802 956 936 1074 pulle,
949 955 1017 1042 vel
1031 873 1161 1042 vitulo
1176 955 1357 1041 confecta
1372 967 1414 1042 dt
1430 987 1480 1045 ex
1496 962 1619 1047 succo

185 1064 407 1182 plantarum
427 1073 713 1183 aperientium,
743 1069 877 1183 quales
894 1071 983 1155 sunt
995 1069 1181 1174 fumaria,
1204 1069 1456 1178 nasturtium,
1482 1074 1619 1158 scolo-

186 1179 418 1295 pendrium,
439 1185 686 1292 cichorium,
703 1191 783 1270 &e
799 1182 942 1299 magni
956 1181 1073 1298 copiis
1087 1183 1272 1266 offerunt.
1299 1180 1379 1267 Ubi
1395 1184 1537 1270 dilutio
1553 1191 1620 1273 hu·

187 1321 371 1399 morum,
389 1293 470 1380 bile
493 1293 572 1402 jarn
588 1295 748 1382 liberiirs
766 1299 933 1404 fluente,
954 1297 995 1381 se
1014 1293 1362 1402 sanamdeclarat,
1383 1303 1467 1380 tiam
1482 1301 1620 1386 iisdem

186 1410 392 1520 purgantis
424 1411 633 1495 remiscent
666 1408 928 1527 aperientibus
962 1406 1090 1517 juncta
1119 1433 1237 1518 arque
1263 1411 1468 1516 maritata,
1506 1413 1620 1498 fimul

187 1519 499 1633 diaphoreticam
518 1523 776 1608 admiscentes
795 1527 995 1611 virmtem.
1030 1523 1099 1605 Sic
1119 1521 1307 1635 ptisanam
1324 1526 1546 1608 conficiunt
1567 1553 1618 1610 ex

185 1629 363 1716 bardane
382 1633 600 1744 radicibus,
621 1634 845 1751 polypodio
862 1663 1043 1746 querno,
1062 1632 1169 1719 soliis
1183 1632 1402 1748 borraginis
1413 1697 1426 1740 ,
1448 1634 1502 1719 bu
1531 1634 1619 1722 lolli

164 1742 349 1855 -aliisque
372 1747 559 1831 similibus
584 1779 676 1831 cum
702 1746 821 1834 sanni
846 1756 888 1831 δι
914 1747 992 1832 sale
1018 1744 1151 1858 aliquo
1170 1773 1325 1831 neutro.
1357 1747 1469 1832 Hinc
1492 1669 1620 1852 siurim

185 1855 266 1940 alvi
293 1855 455 1943 biliosus
479 1865 727 1968 concitatur,
754 1858 969 1948 liberantur
992 1857 1226 1945 intestinales
1245 1858 1465 1973 glandula,
1495 1862 1621 1948 decu-

186 1967 291 2054 bitus
316 1971 365 2054 ad
389 1976 514 2057 cutim
539 1978 755 2076 minuitur3
775 1973 881 2062 unde
904 1975 950 2058 sit
968 1970 1168 2088 srngularis
1196 1975 1364 2058 materia
1383 2001 1467 2056 non
1487 1978 1621 2061 immi-

186 2086 300 2168 nutio
317 2089 468 2168 tantiam
479 2146 495 2193 ,
518 2085 585 2170 sed
606 2091 724 2174 etiam
740 2079 1081 2172 determinationis
1096 2089 1285 2192 mutatio,
1307 2084 1386 2168 stne
1409 2111 1476 2170 aut
1492 2090 1620 2174 irrita-

185 2199 298 2282 tione
317 2196 453 2305 ferali,
477 2228 544 2283 aut
562 2201 603 2284 in
621 2200 836 2286 intestinale
862 2229 1055 2320 organum
1074 2202 1128 2283 im
1158 2224 1237 2284 eru.
1263 2197 1361 2282 Inde
1383 2200 1429 2282 sit
1452 2226 1498 2285 ut
1517 2200 1627 2288 faci-

187 2307 265 2393 lior
285 2337 415 2424 pateat
433 2311 482 2396 ad
506 2313 679 2399 remedia
700 2315 946 2398 immutantis
964 2338 1083 2424 atque
1103 2230 1305 2396 alienantis
1322 2311 1448 2398 aditus
1467 2312 1518 2421 ad
1535 2345 1620 2440 qua

188 2421 318 2537 postei
338 2423 649 2540 progrediantur.
675 2427 738 2509 Ex
758 2455 809 2511 eo
830 2453 977 2540 genere
996 2422 1167 2510 multum
1185 2427 1357 2512 nominis
1380 2421 1526 2509 habent
1541 2426 1622 2536 Jus-

190 2533 280 2618 cula
303 2564 353 2634 ex
376 2541 519 2646 viperis
545 2537 726 2624 conset'ta
739 2601 754 2646 ,
781 2569 864 2623 non
888 2537 1027 2650 quod,
1054 2563 1100 2622 ut
1128 2533 1360 2622 credebatur
1388 2533 1512 2643 olim,
1540 2537 1620 2624 sale

188 2647 304 2732 alkali
331 2649 485 2734 volatili
511 2677 693 2766 turgeant
719 2651 824 2758 illae,
852 2655 957 2735 hanc
983 2646 1271 2765 prejudicatam
1297 2650 1529 2758 opinionem
1554 2679 1621 2734 ex·

190 2761 338 2846 cultior
362 2761 531 2848 Cherria
560 2764 734 2850 fundims
767 2765 979 2867 destruxit,
1016 2760 1084 2844 sed
1112 2759 1222 2869 quod
1250 2762 1352 2844 inter
1381 2768 1620 2847 attenuantia

189 2876 477 2960 medicamenta
495 2873 578 2984 jure
596 2879 818 2987 meritisque
833 2880 968 2991 vipera
982 2879 1182 2957 numerata
1196 2873 1262 2979 stt,
1281 2870 1347 2956 vel
1361 2868 1411 2953 ab
1427 2877 1621 2986 antiquio-

157 3047 173 3080 .
190 2986 294 3073 ribus
313 2989 488 3074 Medicis
503 2992 681 3096 Aretaeo,
705 2988 864 3074 Galeno
886 2991 953 3099 qui
976 2985 1026 3071 de
1046 2984 1133 3070 salis
1156 2983 1272 3070 alcali
1289 2983 1463 3097 volatilis
1486 2987 1622 3076 naturd
1655 2993 1657 2998 '

190 3130 237 3184 ac
259 3105 424 3186 nomine
444 3099 674 3214 nequidem
700 3099 959 3186 somniabant.
987 3099 1079 3184 Nec
1105 3095 1197 3183 illos
1222 3123 1355 3183 tamen
1367 3104 1621 3188 recentiores

190 3240 257 3298 aut
267 3217 493 3329 vituperiis,
512 3243 579 3301 aut
592 3214 859 3329 imprudentia
872 3241 962 3299 reos
979 3212 1214 3298 crediderim
1227 3214 1294 3321 qui
1307 3215 1349 3295 in
1361 3214 1505 3296 naturis
1522 3218 1625 3299 iner-

188 3325 292 3411 tibus
313 3353 429 3438 atque
450 3327 726 3444 phlegmaticis
746 3327 853 3412 hisce
877 3323 1035 3434 juscdlis
1060 3323 1115 3410 sal
1138 3323 1303 3411 volatile
1323 3351 1372 3408 ex
1394 3325 1620 3411 animalium

190 3437 450 3526 destillatione
479 3466 701 3527 mutuatum
733 3439 882 3525 addunt
909 3471 922 3541 ;
955 3439 1082 3523 modo
1107 3465 1240 3522 tamen
1270 3437 1488 3522 remedium
1522 3437 1622 3526 illud

190 3552 341 3652 summe
371 3551 558 3661 alterans,
589 3563 632 3641 dt
663 3553 713 3638 ad
738 3551 845 3638 labiis
873 3555 1192 3638 immutationem
1217 3549 1438 3634 faciendam
1462 3548 1621 3663 ejusque

190 3667 450 3750 acrimoniam
475 3665 749 3751 debellandam
778 3668 1012 3782 aptissimum
1040 3694 1123 3749 non
1152 3661 1384 3748 obtrudatur
1409 3662 1621 3771 omnibus,

191 3805 241 3864 ne
258 3777 473 3892 pruritum,
495 3801 562 3860 aut
577 3782 928 3864 inflammationem
947 3777 1026 3887 jam
1046 3777 1237 3864 vellicata
1256 3779 1339 3862 cuti
1358 3775 1504 3860 afferat.
1534 3777 1624 3868 Jus-

190 3889 283 3976 cula
305 3914 437 3972 autem
458 3893 634 4004 viperina
657 3891 794 3976 iisdem
818 3890 960 4008 plantis
983 3891 1123 3978 additis
1146 3889 1360 3975 redduntur
1384 3894 1622 4003 potentiora.

191 4003 245 4088 Et
266 4030 319 4085 nc
337 3999 427 4086 bilis
452 4001 474 4087 i
496 4005 673 4089 remedio
694 4004 969 4120 diaphoretico
985 4008 1114 4110 fluxus
1130 4007 1453 4115 interrumpatur,
1475 4000 1623 4092 addunt

190 4145 379 4200 arcanum
399 4115 642 4232 duplicatum
658 4117 707 4204 ad
721 4118 949 4215 drachmam
963 4149 1080 4204 unam
1089 4165 1104 4224 ,·
1123 4143 1190 4200 aut
1203 4116 1318 4220 duas,
1339 4107 1450 4218 cujus
1469 4119 1624 4228 generis
1753 4117 1757 4125 ’

189 4227 268 4336 sal,
284 4229 419 4313 nescio
431 4227 678 4341 quivirtute,
689 4259 757 4316 aut
768 4237 921 4319 ratione
935 4230 983 4316 ab
996 4223 1352 4316 obstretricantibus
1363 4226 1494 4341 potitis
1505 4227 1624 4340 quim

193 4341 367 4426 Medicis
390 4371 464 4458 pro
491 4342 681 4459 specifico
709 4347 751 4426 in
784 4344 933 4429 morbis
961 4341 984 4425 i
1011 4340 1112 4423 labie
1140 4367 1216 4422 coa
1269 4335 1352 4422 lato
1377 4339 1629 4449 venditans,

193 4459 433 4574 cispitamen
448 4463 494 4539 dt
512 4454 686 4542 solvatur
705 4457 746 4537 in
764 4455 864 4565 aqud
878 4451 1078 4536 difficilius
1100 4447 1184 4534 aliis
1206 4369 1370 4559 ssibus,
1391 4455 1434 4538 di
1455 4483 1537 4538 non
1554 4459 1626 4540 mi·

194 4571 347 4682 nimum
368 4571 595 4654 irritationis
618 4565 839 4667 conciliet;
862 4564 968 4649 unde
988 4562 1163 4680 pluribus
1183 4561 1305 4649 titulis
1334 4563 1389 4650 sal
1410 4563 1627 4680 glauberia·

186 4681 290 4790 'sium
315 4677 574 4789 admirabile,
596 4684 756 4793 quoties
777 4683 927 4764 irritare
947 4677 1079 4784 nefas,
1100 4677 1345 4793 praetulerim.

251 4791 425 4878 Materie
443 4795 496 4878 stc
516 4793 723 4911 preparati
744 4821 862 4906 atque
879 4789 1086 4875 imminuti
1108 4799 1151 4878 δι
1177 4789 1401 4901 immutati,
1425 4796 1554 4880 torsias
1578 4791 1631 4888 ad

193 4909 403 5022 purgantia
426 4907 620 5019 redeunt,
642 4935 818 5022 tuncque
839 4905 943 5024 apud
963 4904 1155 5024 plurimos
1174 4909 1285 5022 viget
1303 4906 1393 5101 ugus
1412 4935 1495 5037 non
1512 4909 1629 4990 inter-

1375 5047 1441 5122 NJ
