4250 5898
597 487 601 494 ·
675 437 1168 542 CUTANEIs
1553 479 1639 579 gv

216 607 321 704 enirn
342 607 453 714 casu,
478 635 595 722 atque
608 609 780 723 mentis,
803 639 870 700 aut
888 615 1067 730 corporis
1089 618 1188 700 vitio
1206 616 1389 708 accidunt
1407 653 1491 736 quat
1502 633 1640 762 postula

216 731 433 820 referuntur
450 725 498 808 ad
518 726 649 810 causas
665 759 748 836 quae
763 727 906 812 nulliirs
955 727 1112 812 onderis
1140 728 1252 811 sunt:
1273 734 1325 814 ita
1345 763 1390 818 ut
1411 741 1451 820 in
1473 745 1639 836 historiis

216 835 405 947 ejusmodi
426 837 550 921 multa
565 841 654 922 fitia
666 840 760 946 srnt,
782 839 904 923 multa
916 759 1104 955 limplicia
1113 903 1127 946 ,
1149 833 1215 924 sed
1233 869 1300 924 aut
1316 873 1443 954 metu,
1461 881 1526 940 aut
1542 887 1641 970 prae„

214 949 382 1061 judicati
398 949 588 1062 opinione
598 957 731 1052 auela3
746 950 869 1036 multa
884 955 1000 1036 etiam
1016 956 1149 1067 primis
1164 955 1335 1067 pueritia
1352 962 1459 1044 annia
1476 967 1639 1084 imbuta,

214 1064 455 1150 {nativitate
469 1090 633 1178 accepta
655 1066 879 1149 creduntur.
899 1066 1069 1170 Verum,
1091 1069 1243 1174 inquiet
1263 1065 1404 1180 vulgus
1415 1128 1429 1173 ,
1449 1071 1639 1168 fallacissi.

214 1208 321 1262 mam
350 1178 629 1288 experientiam
656 1176 928 1282 inclamitans,
957 1204 1110 1288 eaquae
1136 1173 1278 1293 cupide
1307 1205 1433 1264 mater
1452 1211 1640 1302 exoptat,

213 1293 254 1375 in
277 1315 449 1401 corpore
473 1287 593 1399 foetirs
613 1293 722 1404 pingi
746 1290 855 1374 &ad
876 1317 1014 1373 verum
1034 1291 1170 1402 effingi
1198 1293 1265 1399 qui
1285 1299 1509 1405 negaverit,
1532 1311 1643 1390 omni

214 1409 395 1488 omniurn
421 1427 575 1484 aetatum
608 1402 813 1487 consensui
844 1401 1144 1516 repugnabit&
1172 1406 1480 1542 gravillrmorum
1509 1418 1643 1608 affirm·

211 1519 300 1602 'rum
332 1516 564 1599 auctoritati.
597 1516 706 1600 Nam
736 1512 880 1629 duplex
913 1513 1154 1598 macularum
1184 1545 1206 1598 a
1236 1543 1358 1601 matre
1389 1518 1543 1631 pendeo
1603 1557 1644 1611 m

211 1657 338 1744 genus
365 1625 580 1710 admittitur
603 1660 616 1729 3
643 1626 808 1712 alterurn
833 1625 881 1716 ab
908 1624 1005 1717 odio
1034 1636 1075 1711 bt
1099 1632 1381 1733 execratione,
1409 1656 1476 1712 aut
1500 1635 1644 1722 timore

210 1737 471 1857 repetendum
499 1741 552 1822 est
566 1800 580 1844 ,
615 1739 782 1824 alterum
815 1736 955 1823 contri
988 1737 1036 1822 ab
1073 1767 1210 1824 amore
1245 1749 1287 1825 ὅ(
1320 1743 1533 1854 cupiditate
1569 1778 1645 1860 po-

210 1857 353 1940 tiundi.
384 1851 464 1932 Cui
496 1853 551 1934 ita
583 1853 703 1936 fidem
735 1851 923 1936 adhibent
950 1850 1163 1958 mulieres,
1190 1879 1234 1936 ut
1267 1857 1313 1940 iis
1348 1852 1457 1965 quid
1479 1855 1679 1972 exopta?

209 1973 342 2053 verint
369 1967 563 2076 denegare
592 1964 792 2079 piaculum
821 1965 923 2079 apud
950 1963 1098 2084 multos
1128 1963 1347 2066 habeatur,
1379 1970 1446 2076 qui
1477 1997 1567 2064 mos
1597 1971 1645 2055 ab

209 2081 477 2180 humanitate,
497 2084 537 2160 ὃ(
555 2107 754 2188 nunquam
772 2078 985 2194 spernendi
1004 2075 1223 2162 urbanitate
1237 2080 1435 2191 profectus
1456 2083 1497 2162 in
1512 2079 1646 2194 legem

208 2194 345 2286 versus
360 2195 413 2275 est
432 2221 444 2288 3
467 2219 711 2302 monentque
725 2219 866 2276 matres
881 2191 1041 2302 cupidas
1061 2201 1180 2272 nurus
1196 2218 1266 2294 ne,
1287 2222 1405 2274 manu
1425 2193 1474 2274 ad
1488 2192 1645 2280 vultum

177 2303 322 2412 atla,
351 2305 494 2387 faciem
516 2303 636 2386 futuri
658 2305 814 2386 infantis
835 2305 948 2386 detur
975 2327 1054 2384 ent.
1085 2302 1210 2384 Aiunt
1238 2306 1344 2383 enirn
1367 2300 1423 2385 ibi
1448 2305 1645 2394 maculam

207 2419 339 2530 infligi
357 2417 437 2525 qub
458 2415 496 2496 se
518 2445 655 2498 manus
675 2417 848 2498 verterit.
876 2415 931 2496 Se
981 2409 1146 2496 anilibus
1166 2410 1244 2498 illis
1267 2413 1409 2499 fabulis
1434 2439 1485 2498 ne
1507 2421 1645 2505 creda·
1734 2431 1738 2442 ‘

210 2559 306 2620 mus
327 2525 460 2640 quavis
484 2525 533 2610 de
556 2529 707 2610 ratione
732 2524 856 2608 multa
876 2525 1040 2609 faciunt.

268 2640 333 2724 ,1⁰.
363 2639 517 2753 Qubd,
540 2641 608 2724 etsi
631 2636 832 2723 fatendum
857 2639 902 2720 srt
925 2635 1049 2720 multa
1074 2665 1147 2719 nos
1169 2634 1219 2719 de
1241 2661 1385 2720 naturoe
1406 2643 1547 2752 agendi
1570 2650 1647 2734 viis

206 2755 258 2839 ’ὰ
284 2754 333 2838 de
355 2757 402 2837 iis
440 2751 731 2863 quasocculto
761 2753 916 2834 tramite
944 2750 1115 2860 sequitur
1150 2747 1294 2833 semitis
1329 2753 1512 2943 ignorare
1524 2816 1538 2858 ,
1559 2756 1649 2871 plu,

208 2871 393 2977 rimaque
418 2865 528 2949 sacro
558 2862 644 2970 ejus
667 2861 879 2948 involucro
911 2865 1012 2946 tecla
1051 2891 1249 2970 nunquam
1287 2890 1342 2943 no
1371 2866 1404 2946 is
1442 2866 1645 2956 reseranda

205 2981 325 3085 fore,
343 3007 475 3063 tamen
490 2979 607 3062 facile
625 2981 677 3062 est
690 2978 942 3092 pronuntiare
964 2975 1276 3089 sapientilltmam
1293 2973 1493 3062 Creatoris
1510 2979 1644 3094 legem

207 3103 417 3202 nunquam
442 3119 512 3206 per
534 3089 698 3174 absurda
722 3089 929 3194 incedere,
953 3116 1028 3172 nec
1055 3085 1175 3170 ullam
1202 3087 1311 3200 polle
1333 3087 1410 3172 elle
1433 3093 1474 3172 in
1494 3094 1648 3181 infante

206 3207 432 3322 phantasrat,
448 3228 515 3289 aut
533 3204 755 3318 cupiditatis
770 3232 886 3312 quarn
901 3231 984 3285 non
995 3203 1110 3284 novit
1126 3201 1427 3312 imprelltonem.
1445 3203 1503 3287 2⁰.
1516 3206 1646 3316 Qubd

206 3319 283 3402 etfi
303 3317 563 3427 undequbque
589 3314 920 3401 circumferantur
935 3312 1117 3397 similium
1138 3340 1320 3396 notarum
1341 3318 1423 3398 cuti
1445 3319 1646 3431 imprella-

204 3437 302 3515 rum
325 3431 507 3536 historiae,
529 3459 729 3540 nunquam
753 3427 875 3512 ullam
903 3427 1071 3512 viderim
1099 3457 1182 3536 quae
1208 3455 1289 3508 non
1317 3426 1366 3508 ad
1394 3427 1564 3538 aliquam
1591 3459 1645 3516 ex

203 3545 440 3627 memoratis
475 3541 640 3626 maculis
675 3542 847 3655 speciem
878 3540 1077 3623 referatur.
1117 3537 1296 3620 Maxime
1331 3546 1554 3626 eommunis
1590 3547 1646 3628 est

203 3659 315 3740 cutis
331 3651 399 3737 ille
419 3653 591 3737 defectus
614 3657 731 3762 quein
756 3651 892 3736 livino
915 3649 1171 3763 repetendum
1197 3647 1442 3735 arbitrantur.
1466 3657 1523 3736 At
1540 3653 1642 3740 illud

204 3771 268 3854 est
281 3770 421 3854 vitium
438 3769 478 3850 in
497 3769 600 3849 cutis
613 3764 933 3848 conformatione
953 3761 1081 3871 quod,
1102 3760 1169 3844 ubi
1191 3764 1383 3868 emicuit,
1409 3765 1572 3850 difficile
1590 3769 1650 3852 est'

205 3884 311 3993 quin
331 3877 473 3962 mulier
496 3875 678 3962 abstentia
701 3903 770 3987 per
795 3901 942 3960 novena
973 3877 1162 3960 menbrum
1189 3873 1376 3988 spatium,
1410 3903 1476 3960 aut
1503 3881 1641 3962 vinum

204 4023 299 4078 non
316 3994 461 4106 fugerit
477 4021 569 4074 cum
593 3987 762 4094 nausei,
786 4015 853 4072 aut
873 3985 1012 4071 contria
1029 3989 1111 4070 vini
1129 3987 1272 4100 cupida
1289 3986 1388 4069 illud
1416 4018 1508 4070 curn
1534 3995 1645 4106 cupi-

205 4107 337 4191 ditate
351 4135 433 4188 non
447 4106 653 4218 expetierit
669 4135 681 4204 3
699 4111 741 4186 ὃ(
758 4104 808 4186 eb
821 4101 980 4213 quidem
995 4103 1117 4214 magis
1130 4099 1239 4209 quod
1253 4100 1417 4210 gravidae
1435 4099 1645 4213 mulieres,

201 4217 351 4306 saltem
380 4245 423 4300 ut
449 4217 650 4333 plurima,
680 4214 748 4300 libi
768 4214 1069 4330 praetermodum
1092 4240 1141 4296 ex
1161 4207 1431 4326 praconceptd
1449 4217 1649 4326 'opinione

202 4328 467 4442 indulgeant,
491 4333 624 4412 omnia
646 4327 715 4412 srbi
740 4327 917 4440 permilia
940 4330 980 4408 in
1000 4325 1119 4407 foetds
1140 4326 1304 4435 gratiam
1328 4323 1545 4410 credentes.

270 4445 489 4527 Enimverb
503 4471 585 4528 rem
605 4444 659 4524 ita
675 4442 801 4552 accipi
828 4467 910 4520 non
932 4433 1054 4520 velim
1076 4437 1182 4544 quast
1208 4435 1373 4519 dixerim
1398 4467 1483 4520 non
1503 4469 1645 4528 omnes

207 4559 384 4641 omnino
403 4581 515 4637 notas
537 4563 698 4638 amatre
716 4551 911 4666 imptellas
932 4549 1009 4662 elle
1031 4553 1188 4660 prorsus
1214 4547 1554 4657 rejiciendas,‘sed
1577 4583 1646 4639 eas

203 4675 367 4755 tantum
402 4665 479 4749 elle
516 4665 840 4750 floccifaciendas
871 4692 954 4772 quae
985 4659 1156 4770 aliquam
1193 4659 1320 4744 fetant
1355 4693 1447 4746 cum
1478 4661 1648 4771 objeelis

201 4779 441 4892 concupitis
459 4777 692 4892 analogiam.
722 4776 939 4862 Mulierum
960 4775 1069 4858 succi
1088 4773 1262 4887 digestivi
1281 4775 1519 4888 graviditatis
1540 4804 1642 4861 tern-

200 4921 316 5012 pore
334 4877 465 5004 saepilts
484 4917 666 5008 peccant.
695 4890 811 5000 Unde
834 4890 922 5007 ipsas
943 4885 1040 5002 saepe
1060 4887 1284 5002 supervenit
1300 4893 1402 5004 pica.
1423 4889 1489 4975 Ab
1510 4887 1646 4978 absus-2

113 3847 125 3896 l
