4292 5904
662 381 1201 476 ‘carnunto
1573 410 1656 518 ou

223 529 339 628 'fiuel
362 543 554 660 pruritus,
571 542 637 632 vel
657 551 824 663 pustulas
846 555 887 634 in
910 555 1038 667 capite
1062 553 1320 669 conspicuas,
1343 555 1603 675 quicumque
1616 570 1659 654 in

226 661 406 769 corporis
430 659 689 768 conditione,
714 664 970 777 praecellerit,
999 667 1106 752 certe
1129 667 1326 778 nunqua'rn
1341 674 1498 760 incaute
1513 681 1662 793 topicia·

180 787 187 800 ·
226 767 430 853 fidendum
454 774 506 856 est
528 805 540 872 3
565 773 632 857 sed
656 774 715 858 illi
739 781 932 861 curationi
958 780 1239 864 recurrendum
1261 785 1314 867 est
1336 812 1419 893 quae
1442 790 1659 876 universale

224 881 442 966 humorum
452 884 591 968 vitium
602 891 705 972 corti
736 916 795 995 at,
812 891 862 976 de
871 889 947 1003 quai
958 891 1140 1002 quidem,
1153 897 1244 976 clun
1259 895 1403 982 huic'ce
1418 899 1549 984 nostro
1563 929 1659 988 trac·

225 997 323 1076 tatui
346 991 465 1098 basim
488 996 676 1112 praebeat,
694 920 744 1109 <ie
760 1001 884 1116 elque
903 1008 1023 1112 toties
1035 1003 1370 1116 locutifuerimus
1380 1073 1399 1117 ,
1418 1015 1484 1096 hle
1501 1011 1659 1128 longina

227 1104 406 1190 differere
430 1110 713 1227 supervacuum
733 1117 798 1200 est.
1137 1133 1141 1142 '

191 1316 194 1325 .
421 1317 426 1368 Ι
1125 1331 1128 1336 ,
1397 1342 1399 1344 ,
1680 1363 1684 1374 ι

589 1521 1062 1646 ,οΑΡυτ
1167 1529 1285 1632 11.

404 1755 540 1928 1’Πε
564 1737 827 1904 Afflc‘libus
846 1767 1058 1908 propriis
1089 1767 1403 1912 cutisfaciei,

230 1935 461 2117 Murri
494 2028 583 2113 sunt
611 2033 773 2129 affefilua
799 2037 956 2121 cutanei
986 2039 1053 2145 qui
1082 2036 1264 2120 videntur
1293 2035 1511 2120 adfaciem
1541 2037 1667 2123 solam

230 2150 449 2260 pertinere,
464 2140 580 2224 multi
592 2148 657 2252 qui
666 2207 680 2250 ,
695 2143 792 2229 licet
805 2146 990 2230 universa
1006 2151 1089 2231 curi
1105 2153 1338 2231 communes
1353 2150 1444 2252 snit,
1463 2153 1670 2264 proprium

229 2283 363 2340 tamen
384 2253 658 2366 &specialem
682 2262 916 2338 caracterem
936 2261 978 2337 in
1000 2259 1103 2340 facie
1129 2257 1310 2342 induunt.
1337 2259 1397 2340 Ita
1423 2287 1466 2341 ut
1490 2269 1668 2370 quamvis

231 2369 282 2452 'de
311 2373 357 2450 iis
389 2361 543 2445 abunde
574 2363 667 2448 alibi
695 2369 898 2466 trablatum
930 2366 1109 2451 videatur
1124 2431 1137 2474 ,
1172 2370 1331 2482 superfit
1360 2397 1490 2454 tamen
1520 2371 1667 2483 aliquid

231 2483 330 2563 novi
344 2475 759 2583 animadvertendum,
785 2479 894 2588 quod
909 2484 1048 2593 partlm
1064 2479 1086 2564 ὲ
1103 2482 1283 2564 structura
1305 2480 1485 2594 singulari
1509 2487 1549 2566 in
1573 2507 1666 2571 cute
1783 2499 1787 2508 '

180 2661 184 2673 .
229 2593 349 2676 faciei
383 2586 563 2704 pendet,
600 2593 737 2702 partlm
770 2593 889 2676 etiam
920 2620 970 2676 ex
1002 2620 1054 2676 eo
1085 2593 1194 2704 quod
1225 2597 1320 2679 aeria
1352 2597 1668 2708 inrpressionibua

233 2703 450 2790 neceliarib
476 2703 595 2784 noou
619 2702 765 2812 diuque
787 2702 905 2787 obvia
927 2706 983 2787 stt.
1507 2749 1511 2759 ·

233 2842 240 2856 ·
289 2817 404 2900 Cutis
433 2812 593 2924 quidem
623 2814 738 2898 faciei
768 2814 877 2899 sensu
907 2817 1099 2926 exquifito
1129 2817 1298 2930 gaudet,
1324 2816 1492 2930 vasaque
1520 2817 1674 2927 majora

233 2939 279 3015 bc
299 2928 507 3027 conferta,
532 2931 656 3040 magis
711 2933 864 3012 roxinra
883 2929 1114 3045 epidermidi
1134 2928 1289 3030 habet;
1325 2957 1454 3016 textus
1481 2931 1535 3015 ibi
1566 2940 1667 3020 cutis
1759 2923 1768 2940 ’

235 3039 349 3126 simul
389 3041 580 3144 tenuior,
617 2957 849 3150 cellulaeqne
881 3039 993 3145 hujus
1014 3047 1223 3126 tenuiores
1253 3050 1293 3126 bc
1314 3045 1509 3128 'conferta
1540 3073 1607 3128 ma
1635 3052 1668 3132 is

234 3139 533 3269 expansionibus
553 3154 723 3236 nervosis
741 3153 995 3238 albidioribus
1015 3155 1189 3261 scatent,
1206 3153 1395 3266 bulbique
1409 3187 1459 3240 ac
1471 3077 1688 3267 follicuii,
1725 3251 1733 3266 ⁸

232 3265 442 3382 prasertim
464 3259 570 3359 circi
585 3291 717 3370 nares,
735 3290 869 3379 patent
883 3267 1057 3377 undique
1063 3330 1077 3373 ,
1096 3275 1136 3352 ar
1156 3269 1389 3353 unctuosum
1410 3272 1504 3382 q'uid
1526 3270 1669 3356 stillant

232 3376 492 3463 'defendendae
517 3395 634 3487 atque
659 3375 895 3462 lubricandae
920 3384 1002 3463 cuti
1020 3384 1073 3462 ita
1091 3380 1346 3485 destinatum,
1371 3408 1415 3464 ut
1433 3383 1666 3492 aliquando,

234 3487 433 3598 juniorum
455 3489 661 3604 prasertim
672 3555 687 3598 ,
716 3495 817 3575 cutis
842 3519 894 3574 eo
917 3489 1068 3573 lubrica
1093 3517 1210 3599 atque
1237 3495 1361 3574 nitens
1393 3521 1508 3602 atque
1529 3493 1666 3580 oleoso

235 3627 443 3716 appareat,
462 3601 688 3684 vetulorum
711 3605 810 3686 verb
825 3627 910 3684 tota
929 3599 1068 3684 contra
1083 3602 1215 3686 areosa
1235 3631 1352 3714 atque
1374 3605 1517 3718 nugosa
1534 3605 1667 3694 sordes

155 3733 158 3740 ’
236 3712 544 3798 terreo-oleosas
566 3715 780 3797 contineat.
1442 3745 1448 3758 ·
1624 3767 1635 3775 -

295 3826 402 3909 Cum
421 3827 517 3910 verb
530 3821 703 3908 lubricus
717 3823 942 3909 illehu‘mor
963 3830 1040 3918 aeri
1059 3853 1314 3943 exponatur,
1330 3835 1372 3914 bc
1393 3831 1434 3912 in
1459 3829 1543 3946 ipso
1561 3830 1667 3914 folli-

238 3937 424 4024 culorum
445 3939 602 4042 orificio
625 3939 867 4045 exsiccetur,
889 3937 944 4021 nil
959 3942 1100 4022 mirum
1119 3942 1146 4023 li
1165 3969 1246 4024 tarn
1267 3937 1347 4025 levi
1369 3941 1419 4024 de
1443 3938 1557 4024 causa
1578 3971 1668 4027 ver-

237 4069 370 4136 tantur
395 4047 567 4134 folliculi
595 4051 635 4131 in
657 4052 869 4162 phymata,
897 4052 1123 4166 psydracia,
1153 4077 1304 4166 panos,
1336 4057 1402 4162 qui
1431 4079 1512 4136 non
1540 4054 1668 4139 solium

140 4163 145 4171 ’
239 4195 315 4280 pro
331 4191 509 4276 ternpore
525 4163 647 4246 cutim
665 4161 918 4247 dehonestant
937 4189 1054 4274 atque
1066 4167 1229 4269 vitiant,
1249 4164 1445 4248 sedetiam
1463 4167 1668 4252 cicatrices

242 4275 455 4388 profundas
479 4302 596 4386 atque
618 4273 808 4386 deprellas
833 4274 1081 4386 relinquunt,
1103 4278 1212 4385 iique
1228 4276 1387 4360 affectus
1410 4275 1570 4381 juvenes
1597 4309 1668 4392 po-

197 4453 199 4457 2
241 4389 428 4470 tissimbm
457 4387 640 4472 invadant
668 4389 709 4468 in
740 4384 881 4496 quibua
908 4391 964 4472 vis
989 4390 1077 4472 uita
1104 4390 1431 4473 inflammationes
1461 4389 1668 4476 leviffimaa

243 4499 520 4614 suppuratione
544 4497 651 4584 tollit
673 4497 897 4612 plurimum.
924 4501 1017 4584 Nec
1048 4501 1190 4583 mirum
1224 4504 1347 4613 magis
1360 4563 1374 4606 ,
1399 4503 1426 4584 fi
1456 4503 1557 4586 mala
1584 4533 1667 4613 quae

163 4711 165 4716 Ι
234 4614 321 4694 tori
347 4615 506 4726 corpori
534 4615 762 4696 communia
786 4612 873 4696 sunt
921 4615 1097 4725 roptium
1121 4615 1162 4696 in
1184 4640 1275 4697 cute
1293 4614 1409 4698 faciei
1434 4618 1666 4706 caracterem

245 4721 436 4826 induant,
462 4750 507 4806 ut
528 4722 764 4810 variolarum
787 4643 942 4839 pustula
969 4735 1053 4834 qua:
1073 4725 1198 4838 vulgb
1221 4729 1262 4808 in
1289 4727 1392 4812 facie
1417 4730 1539 4841 magis
1565 4733 1667 4808 conss

244 4831 350 4919 ferta
365 4895 381 4945 ,
398 4833 463 4921 ‘ibi
488 4843 529 4922 bc
549 4835 762 4950 plurimum
787 4839 891 4951 puris
917 4845 960 4925 bt
987 4840 1217 4958 cicatricum
1233 4835 1423 4954 majorem
1447 4839 1670 4936 foediffitem
