4292 5904
507 383 595 469 ‘608
949 378 1077 465 DE.
1125 375 1489 470 MO‘RBIS

511 573 634 656 quos,
659 565 725 628 aut
745 539 895 628 ¹llrabes
924 547 1075 626 m'entio
1105 543 1223 628 nulla.
1253 542 1359 628 Solis
1385 537 1593 628 Germanis
1619 529 1793 626 Medicis
1818 533 1936 648 huius

398 749 400 752 ,
492 656 642 740 smorbi
662 656 827 742 debetur
846 655 1084 768 descriptio,
1106 685 1179 740 nec
1202 660 1248 740 iis
1265 683 1366 739 notre
1388 656 1620 768 superioris,
1646 657 1674 735 sr
1697 655 1936 738 Sennertunt

510 766 640 853 solum
671 771 799 850 virum
832 767 993 849 duflum
1023 775 1065 849 ὃ(
1099 767 1326 880 diligentem
1345 829 1358 874 ,
1377 767 1455 874 sed
1487 762 1692 850 credulum
1717 793 1818 850 exce
1847 771 1936 850 eris.
1967 812 1971 820 v

509 881 615 972 Eum
629 879 848 961 Schenkius
861 886 927 982 (a),
941 877 965 966 J
969 906 1114 961 oannes
1127 881 1326 991 Georgius
1334 941 1348 986 ,
1362 879 1524 967 loannis
1539 875 1798 962 observatoris
1809 797 1933 984 lilius,

510 989 582 1078 sub
603 993 766 1073 nomine
790 993 894 1071 tricae
920 991 1138 1074 soraborum
1162 989 1375 1094 describit,
1395 989 1465 1074 srbi
1487 995 1528 1073 in
1550 988 1754 1102 plusquam
1776 994 1935 1102 triginta

510 1100 747 1186 concivibus
761 1103 899 1185 visum.
923 1104 1016 1184 Erat
1031 1107 1062 1185 is
1077 1099 1298 1217 reipublice
1314 1100 1837 1214 Hagenoensrs·comirisque
1854 1103 1936 1188 Ha-

512 1215 668 1298 noensrs
683 1214 882 1296 Medicus.
900 1214 1041 1296 Cateri
1055 1214 1138 1296 fere
1152 1242 1289 1296 omnes
1304 1217 1410 1296 hunc
1426 1212 1494 1296 sub
1509 1217 1670 1295 nomine
1682 1213 1794 1325 plica
1811 1211 1937 1298 obser·

512 1351 674 1429 varunt,
692 1335 734 1410 δι
747 1329 922 1434 quamvis
939 1326 1151 1408 Sennertus
1169 1327 1230 1430 (b)
1252 1323 1364 1406 illum
1381 1327 1483 1438 apud
1502 1324 1740 1431 Helvetios,
1755 1323 1935 1433 Aisaros,

511 1438 715 1549 Brisgoios
732 1445 772 1530 bt
790 1436 930 1550 Belgas
946 1439 1013 1544 qui
1031 1437 1219 1520 Rhenum
1238 1435 1420 1518 incolunt
1438 1435 1667 1519 familiarem
1686 1441 1935 1548 pronuntiet,

512 1548 583 1634 vul
611 1552 637 1631 ὸ
660 1576 791 1633 tamen
818 1547 983 1632 Polonis
1007 1574 1123 1656 atque
1149 1549 1275 1631 Rusio
1292 1547 1486 1630 -Polonis
1513 1546 1677 1632 habetur
1705 1549 1935 1655 endemius,

513 1581 620 1744 unse
645 1661 750 1775 plica
775 1658 968 1743 Polonica
994 1685 1250 1772 nuncupatur.

571 1772 742 1856 Morbus
772 1774 840 1854 hic
874 1768 1028 1880 qualem
1059 1772 1258 1875 adultum,
1284 1797 1349 1854 aut
1377 1797 1571 1854 maturum
1600 1770 1825 1854 describunt
1849 1780 1935 1880 (c),

393 1917 397 1926 ·
512 1888 665 1970 constat
689 1913 738 1968 ex
762 1881 860 1966 miri
883 1883 1199 1988 coadunatione,
1227 1888 1511 1990 concretione,
1533 1887 1846 1994 &intricatione
1872 1915 1936 1968 ca·

513 1995 703 2110 pillorum
718 2057 731 2100 ,
747 1998 816 2104 qui
832 1998 873 2076 in
888 1997 1011 2078 cirros
1054 1996 1315 2108 ropendentes
1329 1996 1510 2098 formati,
1532 1993 1741 2104 aliquando
1759 1999 1812 2078 ita
1830 1996 1938 2078 elon·

545 2119 676 2211 antur,
691 2134 735 2189 ut
748 2104 929 2216 adusque
941 2027 1064 2210 dorsi,
1080 2110 1161 2188 imb
1177 2104 1296 2210 ultrei,
1311 2109 1444 2190 infima
1463 2137 1534 2219 pro
1564 2108 1743 2191 endeant.
1762 2106 1836 2189 Pili
1854 2107 1935 2192 bar·

513 2137 573 2301 ba
587 2219 771 2328 cumdem
785 2217 1007 2300 immodum
1026 2222 1234 2321 vitiantur,
1253 2223 1365 2300 itaut
1385 2222 1508 2301 cirrus
1523 2139 1592 2302 ille
1611 2219 1793 2327 adusque
1814 2221 1929 2332 pedes

512 2328 783 2444 provolvatur.
815 2330 904 2412 Imo
936 2329 1108 2418 loannes
1137 2329 1319 2412 Peterson
1353 2329 1460 2411 Hain
1484 2333 1544 2434 (d)
1568 2331 1665 2414 vidit
1695 2331 1796 2442 apud
1820 2331 1929 2414 Pala·

513 2444 640 2524 tinum
678 2442 1035 2527 Sandomiriensem
1067 2470 1116 2526 ex
1147 2440 1275 2526 nobili
1311 2441 1628 2526 Ossolinskorum
1662 2469 1783 2554 gente
1822 2443 1934 2526 femi-

514 2581 605 2636 nam
629 2552 753 2636 Gallo
775 2555 888 2636 servo
910 2583 959 2633 nu
973 2555 1070 2635 'tam
1082 2617 1097 2658 ,
1123 2582 1239 2661 quarn
1274 2552 1376 2668 plica
1399 2554 1611 2637 divexabat
1631 2567 1714 2635 non
1742 2558 1783 2634 in
1810 2560 1933 2668 capite

511 2663 603 2748 solo
617 2727 632 2769 ,
661 2666 728 2748 sed
751 2668 868 2749 etiam
891 2583 1165 2776 putidndorum
1192 2663 1261 2777 pili
1287 2664 1389 2777 plica
1415 2668 1541 2750 affefli
1567 2671 1606 2747 in
1630 2691 1778 2747 tantam
1804 2695 1934 2750 excre-

513 2803 649 2861 verant
671 2777 961 2887 longitudinem
984 2805 1028 2859 ut
1055 2776 1179 2886 sesqui
1204 2775 1363 2860 alteram
1379 2775 1521 2862 ulnam
1550 2776 1815 2882 excederent,
1846 2783 1933 2861 &fi

513 2886 583 2970 srbi
609 2889 777 2999 permisfr
807 2887 979 2991 suerint,
1015 2915 1156 2992 terram
1188 2889 1423 3001 attigissent,
1460 2891 1565 2974 undb
1595 2890 1738 2973 femori
1765 2895 1935 2974 circum-

511 2993 669 3196 {hislam
696 3027 814 3110 atque
835 2999 996 3112 ligatam
1019 3001 1100 3116 ipse
1122 2999 1251 3084 oculis
1276 3002 1482 3115 usurpavit.
1510 3004 1572 3085 Sir
1595 3029 1714 3116 penes
1737 3006 1933 3092 auetorem

569 3139 623 3192 es.

570 3222 717 3302 Verism
737 3219 849 3332 plicae
872 3221 974 3305 illitis
998 3223 1125 3307 forma
1150 3255 1231 3308 non
1251 3257 1329 3308 una
1350 3229 1426 3324 efi3
1449 3226 1658 3310 femineam
1680 3259 1821 3334 unam,
1844 3227 1933 3310 mas·

512 3327 644 3414 culam
679 3329 839 3414 alteram
867 3359 1028 3418 vocant.
1055 3342 1110 3438 (e)
1136 3339 1235 3418 Non
1263 3339 1371 3446 qubd
1401 3337 1467 3422 illa
1496 3341 1660 3424 seminas
1692 3339 1826 3445 solas,
1855 3343 1932 3422 hac

512 3471 637 3526 mares
672 3440 778 3526 solos
814 3443 1036 3550 adoriatur,
1071 3446 1138 3528 sed
1167 3449 1273 3558 quod
1308 3453 1349 3531 in
1381 3451 1549 3534 feminei
1578 3451 1681 3564 plica
1714 3450 1931 3534 universum

512 3582 653 3748 cappt,
676 3582 743 3640 aut
773 3558 949 3640 universa
976 3553 1096 3640 barba
1120 3561 1161 3642 in
1181 3565 1318 3644 vcirros
1346 3559 1482 3658 breves
1507 3592 1650 3677 repexa
1672 3566 1717 3646 srr
1740 3573 1780 3646 bt
1806 3563 1932 3676 impli-

516 3695 563 3748 ca
611 3729 625 3771 ‚
649 3670 690 3748 in
716 3666 885 3750 masculi
912 3671 1008 3752 verb
1037 3701 1157 3777 unus,
1183 3671 1290 3776 duo,
1317 3672 1380 3755 vel
1406 3699 1483 3756 tres
1508 3679 1596 3759 cirri
1621 3678 1795 3789 a-capite
1816 3673 1932 3786 longe

512 3779 554 3860 in
586 3803 688 3860 artus
719 3779 1013 3890 propendeant,
1044 3785 1096 3863 ita
1125 3811 1168 3866 ut
1196 3787 1262 3866 vix
1298 3783 1521 3871 dilsrmulari
1553 3787 1668 3900 possrr
1684 3849 1697 3890 ,
1731 3815 1798 3870 aut
1851 3785 1930 3870 ileis

512 3914 630 3998 atque
652 3891 885 3974 vestimentis
913 3893 1118 3976 occultari.
1145 3897 1204 3976 Ira
1231 3894 1400 3979 sentiunt
1421 3927 1558 3982 omnes
1586 3899 1741 3984 Medici
1764 3819 1927 4000 Poloni,

514 4004 689 4110 quamvis
703 3999 816 4086 aliter
836 4028 944 4114 putet
961 4004 1156 4088 Hercules
1172 4007 1344 4088 Saxonia
1359 4009 1427 4118 (s)
1447 4015 1513 4118 qui
1533 4011 1744 4096 femineam
1763 4009 1926 4093 mulieri-

511 4109 609 4210 bus,
632 4124 778 4200 mar'em
796 4117 887 4223 viris
908 4114 1089 4197 adscribit
1118 4151 1129 4214 ς
1150 4121 1190 4197 in
1210 4145 1290 4225 quo
1309 4116 1331 4199 ὲ
1354 4119 1418 4202 Cl.
1441 4121 1639 4204 Patersoni
1663 4121 1928 4206 observatione

510 4223 714 4310 refellitur.
747 4223 938 4309 Tertiam.
957 4229 1075 4312 eriam
1107 4229 1215 4312 addit
1245 4227 1440 4317 Hercules
1468 4235 1641 4320 Saxonia
1670 4265 1789 4348 quam
1815 4233 1927 4318 liliam

552 4413 603 4492 (a)
624 4413 687 4474 Lib.
706 4436 718 4475 r
729 4459 739 4486 ,
758 4413 790 4474 de
808 4413 940 4495 Capillis,
953 4418 1008 4482 obs.
1031 4443 1054 4480 r.

551 4491 606 4564 (b)
625 4493 686 4552 Lib.
709 4517 738 4564 ς,
759 4495 803 4556 Pr.
821 4495 897 4554 Med.
910 4519 979 4575 part.
998 4521 1028 4576 3,
1044 4499 1108 4560 sets
1131 4519 1156 4568 r.
1178 4519 1236 4580 cap.
1253 4519 1280 4569 9.
1441 4559 1444 4568 ,

551 4579 603 4644 (r)
624 4571 757 4640 Joaehirn
775 4575 912 4638 Pistorius.
928 4577 1027 4638 Florus
1045 4579 1170 4639 Polonic.
1190 4585 1236 4642 lib.
1258 4605 1291 4652 2,
1307 4603 1367 4664 cap.
1389 4605 1431 4656 14·

546 4650 605 4724 (d)
626 4652 693 4712 Man
716 4672 741 4712 et
761 4655 830 4720 Ribl.
846 4657 1066 4721 MedicorPrati.
1088 4677 1155 4722 tom.
1173 4683 1207 4732 a,
1225 4674 1286 4742 pag.
1309 4684 1370 4740 301·

546 4735 613 4805 tel·
629 4737 666 4789 V.
713 4733 832 4796 iscellan.
852 4756 905 4795 nat.
918 4737 1047 4797 curiosor.
1060 4759 1120 4798 ann.
1137 4763 1172 4810 2,
1189 4739 1292 4801 observ.
1310 4761 1343 4814 52
1356 4791 1362 4810 .
1377 4741 1391 4802 d
1408 4743 1544 4814 Beruardo
1560 4743 1593 4806 de
1610 4747 1733 4812 Bernirz.

546 4813 604 4904 (s)
624 4813 689 4876 Lib·
704 4833 752 4885 ιο,
767 4815 911 4877 Pantheon
930 4817 1004 4878 bled.
1022 4819 1105 4881 Pras.
1121 4841 1182 4904 cap.
1204 4843 1233 4893 r,
1252 4823 1286 4883 de
1304 4821 1389 4884 Plicl.

1791 4931 1927 5010 vocat,
