4226 5916
1381 306 1396 347 l

670 435 1161 573 CUTANEIS.
1558 471 1646 564 497,

213 603 337 678 novus
359 601 423 684 abr
446 594 621 718 sanguini
649 633 767 719 atque
791 607 1011 723 liquoribus
1037 609 1271 716 misceatur,
1303 597 1413 722 qood
1438 607 1646 722 quousque

213 705 324 814 possit
338 713 520 908 prodesse
539 746 612 804 nec
629 724 750 826 ratio,
773 751 848 807 nec
867 723 1018 808 erudita
1034 718 1257 807 observatio
1274 724 1478 834 hucusque
1497 725 1645 810 indica·
1681 732 1687 746 '
1789 737 1793 747 ‘

213 841 309 946 runt.
373 826 455 912 ides
473 829 616 941 cuique
636 835 675 914 in
694 832 759 918 sub
807 840 887 920 taxi
906 834 1148 920 adhibeatur.
1173 834 1293 919 Certb
1311 834 1471 945 balnea,
1493 835 1645 922 diluen-

206 949 264 1011 tra
275 936 340 1016 vix
357 940 461 1053 rugis
478 944 707 1053 medentur,
727 859 803 1030 nlsl
812 946 886 1032 111ae
905 948 1124 1064 repetendae
1137 950 1210 1032 sant
1225 947 1273 1031 ab
1289 949 1469 1034 ariditate
1480 979 1645 1034 mucuns

212 1044 450 1159 exsecante,
473 1083 540 1139 aut
561 1059 675 1173 adipe
698 1083 921 1165 concreto,
948 1065 1015 1172 qui
1042 1087 1203 1166 tamen,
1232 1087 1321 1145 utut
1345 1089 1458 1176 rugas
1483 1063 1644 1146 efficere

207 1157 324 1266 possit
336 1223 351 1269 ,
377 1189 553 1254 tumores
578 1169 709 1285 potibs
733 1182 978 1288 procreat&
1001 1171 1165 1258 morbos
1181 1177 1402 1288 graviores.

448 1395 1315 1486 ·annrcunosrrt
1437 1337 1594 1432 9*³

574 1602 646 1691 De
663 1607 773 1694 Curis
787 1611 1009 1696 ariditate&
1024 1609 1064 1694 F
1060 1608 1263 1724 apsntibus.

433 353 456 400 ἀ

1491 1346 1497 1375 l
1544 1353 1583 1402 tv„

1486 1407 1553 1437 eas-1
1582 1421 1598 1432 -

1476 1393 1545 1484 blesen
1578 1433 1597 1498 iq

1572 1500 1589 1530 5

1497 1513 1575 1602 aas
1667 1571 1671 1578 .

260 1815 433 1911 ¹llriditas
449 1821 595 1938 {ipsium
622 1853 688 1919 aut
710 1834 799 1946 ξκρος
818 1835 911 1928 assu
931 1825 1034 1952 apud
1056 1825 1346 1951 Hippocratem
1367 1831 1429 1938 (a)
1452 1823 1499 1916 ad
1521 1855 1643 1919 omno

204 1937 405 2044 equaliter
418 1971 561 2058 corpus
575 1952 744 2060 pertinet
749 1947 800 2056 ,b
812 1982 894 2061 quo
909 1953 1009 2034 cutis
1022 1951 1128 2034 suam
1144 1952 1261 2032 etiam
1277 1949 1394 2030 trahit
1407 1945 1642 2032 ariditatem.
1684 1982 1687 1993 ·

205 2036 323 2132 Unde
337 2052 404 2138 vul
434 2058 461 2136 b
471 2120 485 2160 ‚
502 2087 577 2142 nec
591 2062 669 2146 stne
682 2067 833 2148 ratione
843 2126 856 2170 ,
873 2064 1026 2146 ariditas
1039 2064 1140 2144 cutis
1155 2056 1313 2168 ejusque
1323 2121 1336 2165 ‚
1353 2082 1398 2141 ut
1411 2088 1502 2141 curn
1517 2058 1641 2142 Celso

113 2213 120 2218 ·
204 2154 373 2271 loquar,
395 2087 572 2278 (busson,
599 2177 729 2287 potitis
748 2177 849 2260 inter
868 2173 1365 2268 morboruminternorum
1381 2171 1644 2284 symptomata

202 2279 453 2385 recensetur,
476 2285 593 2392 quiam
621 2286 786 2372 habetur
811 2318 883 2400 pro
906 2286 1050 2370 morbo
1070 2286 1126 2368 sui
1148 2287 1326 2396 generis,
1349 2283 1390 2366 bt
1413 2283 1515 2366 inter
1535 2284 1644 2397 figna

201 2391 377 2472 maxime
397 2394 600 2505 spesland‘a
619 2400 822 2510 degeneris
844 2397 921 2505 jam
932 2455 946 2504 ,
968 2407 1008 2484 bt
1032 2395 1217 2481 morbum
1240 2396 1452 2479 attestantis
1472 2394 1645 2478 sanitatis

201 2493 292 2602 jure
312 2531 538 2588 numeratur
555 2505 603 2588 ab
624 2509 845 2594 sonoribus
867 2509 1178 2619 quibuscumque
1195 2511 1262 2616 qui
1280 2507 1339 2600 de,
1352 2507 1465 2616 signis
1485 2505 1644 2620 scripse·
1667 2559 1672 2568 ·

200 2639 309 2694 tunt.
333 2614 540 2704 Cossionis
562 2623 678 2704 etiam
702 2625 742 2704 in
764 2621 912 2706 morbis
934 2626 1057 2706 acutis
1079 2621 1270 2703 indicium
1292 2625 1372 2698 nori
1392 2621 1644 2726 aequivocum

198 2723 353 2838 praebet
370 2733 469 2814 cutis
481 2793 495 2834 ,
517 2733 542 2812 st
561 2735 667 2818 tensa
688 2739 791 2849 ptibs
812 2761 928 2846 atque
949 2735 1081 2839 arida,
1103 2731 1281 2829 laxetur3
1306 2731 1388 2812 imb
1411 2731 1527 2814 etiam
1549 2736 1645 2816 ciant

200 2863 381 2926 retentus
405 2846 549 2928 humor
572 2843 653 2951 ejus
680 2849 846 2933 ariditati
867 2875 1007 2931 comes
1032 2849 1103 2953 stt,
1132 2839 1464 2936 humebleturilla
1489 2843 1644 2930 necesse

201 2953 260 3034 est
272 3009 287 3054 ,
308 2979 353 3035 ut
372 2953 541 3066 aliquam
558 2960 666 3072 spem
680 2963 842 3046 inducat
858 2960 1032 3046 meliotis
1052 2960 1220 3043 sanitatis
1241 2964 1282 3040 dt
1304 2951 1495 3069 praecipue
1515 2957 1645 3040 redin-

197 3085 365 3171 tegratae
404 3070 704 3182 perspirationis.
747 3071 866 3158 Circi
906 3077 1027 3156 hanc'
1049 3072 1267 3172 ariditatem
1301 3069 1646 3180 symptomaticam

196 3175 412 3264 videantur
432 3185 646 3296 praecipue,
668 3191 767 3272 inter
787 3186 886 3270 alios
904 3190 1103 3296 austures,
1128 3183 1377 3286 Sansiorius,
1395 3179 1498 3264 &de
1512 3183 1646 3296 praesa⁴

83 3401 85 3404 Ι
160 3307 166 3315 ’
196 3287 352 3402 giendai
370 3298 449 3376 vita*
469 3303 511 3378 ὅ(
533 3325 662 3382 morte
679 3305 951 3413 aegrotantium
970 3299 1136 3411 Prosper
1154 3295 1334 3411 Alpinus.

198 3477 202 3484 .
260 3402 422 3488 Etenim
455 3414 604 3496 cunsiis
639 3414 850 3496 erethismo
885 3415 1098 3496 constrislis
1133 3437 1250 3519 atque
1284 3404 1498 3520 rigentibus
1535 3405 1646 3492 nulla

197 3516 436 3712 perspiratio
456 3523 533 3621 fit3
559 3526 642 3608 imb
666 3555 743 3610 nec
764 3524 926 3722 appellit
948 3529 1092 3606 humor
1113 3520 1163 3604 ad
1185 3546 1331 3606 cutem.
1360 3518 1646 3636 Si'appulerit,

197 3653 273 3714 aut
306 3659 415 3736 axata
430 3634 503 3716 suit
518 3640 645 3740 cutis,
667 3637 799 3722 sedatu
818 3667 894 3748 que
909 3636 1159 3733 erethismus,
1176 3632 1285 3742 quod
1302 3635 1497 3746 optimum
1507 3695 1526 3738 s
1538 3663 1646 3719 mot·

197 3739 332 3852 bique
350 3744 591 3830 sanationem
611 3748 759 3832 indicat
780 3779 793 3848 3
821 3776 908 3856 aut,
929 3747 1038 3866 quod
1054 3746 1255 3861 pessimum
1272 3747 1346 3851 est,
1369 3743 1495 3829 laxata
1509 3749 1645 3830 omnia

60 3911 63 3919 ·
195 3885 284 3970 prae
319 3855 521 3942 debilitate
552 3862 592 3942 in
625 3889 771 3944 certam
808 3864 1024 3976 perniciem
1058 3884 1175 3944 ruunt
1201 3887 1214 3959 3
1244 3858 1310 3944 vel
1343 3856 1477 3942 saltem
1512 3859 1645 3944 crudis

197 3966 422 4076 omnibus,
451 3969 785 4086 liquidissimoque
817 3973 977 4080 ablato,
1006 3975 1047 4056 in
1071 3970 1202 4059 morbi
1228 3969 1518 4083 longitudinem
1547 4001 1645 4085 pro-

194 4084 426 4170 trahuntur.
457 4085 698 4172 Erethismus
727 4085 797 4172 ille
825 4085 1056 4171 morborum
1082 4085 1241 4196 quidem
1269 4109 1476 4165 acutorum
1504 4111 1645 4171 comes

192 4195 418 4286 indefessus
434 4255 448 4303 ,
476 4201 692 4284 chronicos
721 4197 838 4286 etiam
853 4259 868 4308 ,
896 4199 1031 4284 saltem
1062 4199 1102 4280 in
1131 4192 1496 4280 exacerbationibus
1525 4194 1645 4284 febris

193 4308 324 4394 lenta
339 4338 456 4418 atque
473 4309 632 4396 hetticae
651 4317 883 4418 comitatur,
902 4320 943 4395 bt
964 4318 1056 4395 citnr
1076 4307 1280 4392 sudoribus
1304 4311 1502 4391 notlurnis
1524 4313 1614 4423 aegri
1626 4371 1645 4419 ‚

189 4419 379 4518 cessante
403 4424 638 4536 paroxysmo
651 4485 665 4529 ‚
690 4425 894 4529 diffluant,
919 4451 1068 4506 novum
1089 4421 1255 4506 ariditati
1278 4421 1459 4506 fomitem
1484 4447 1647 4532 creant,

192 4540 303 4628 mim
323 4533 550 4621 solidiorem
571 4535 814 4645 liquidorum
831 4535 1015 4640 massam,
1037 4536 1064 4616 st
1081 4537 1136 4618 ita
1151 4533 1263 4643 loqui
1285 4535 1340 4618 sas
1361 4536 1412 4618 est
1428 4597 1439 4637 ,
1457 4535 1645 4624 efficiant·

192 4737 203 4748 ‚
260 4645 415 4730 Verinn
439 4650 591 4734 ariditas
615 4649 683 4736 illa
705 4649 812 4734 mers
836 4649 1136 4762 symptomatlca
1155 4643 1233 4750 est,
1258 4653 1297 4730 dt
1321 4644 1451 4729 morbi
1474 4647 1646 4760 primarii

191 4783 330 4869 atque
348 4763 535 4875 principis
558 4765 731 4851 effesius.
762 4763 891 4851 Datur
915 4791 966 4848 ne
990 4760 1151 4848 morbus
1177 4763 1244 4874 qui
1270 4764 1311 4844 in
1335 4757 1418 4845 soli
1440 4765 1540 4846 cutis
1563 4759 1649 4848 evi'a

241 4924 305 5000 (a)
326 4919 374 4984 De
396 4923 510 4988 Morbis.
1423 4975 1427 4986 ,
1587 4977 1593 4986 .

1330 5003 1352 5062 *
1382 5009 1485 5098 Rrr
