4246 5900
218 959 244 1029 ς.
277 950 363 1020 vm

154 1033 201 1099 De
221 1040 321 1122 pingue
341 1039 410 1118 acri,

214 2347 241 2410 ς.
265 2334 374 2399 Vili.

153 2415 200 2481 De
218 2437 333 2483 venereo
358 2419 426 2482 acri.

230 4115 258 4190 ς.
279 4109 344 4178 ῙΧ.

150 4195 198 4260 Dc
211 4193 346 4261 varioloso
359 4193 427 4258 acri·

460 444 516 534 ἐι
716 450 811 540 on
845 447 1161 540 mousrs
1217 424 1615 544 curturis.

462 635 598 698 centes
618 610 837 723 sanaveris,
864 614 1003 702 eidem
1026 643 1160 702 cutem
1183 643 1385 703 externam
1405 617 1671 734 deturpaverit
1692 615 1890 730 omarus,

461 727 503 808 in
520 754 602 836 quo
622 728 783 837 quidem
800 757 921 925 qpere
936 731 1180 842 pergendum
1207 728 1279 815 tibi
1295 728 1473 816 suadebit
1489 734 1589 815 tatio
1613 730 1720 816 malo
1736 731 1889 820 leviore

462 843 617 952 gravius
641 869 812 955 compen
831 867 931 925 ante.

517 951 643 1038 Hisce
661 958 808 1038 actium
830 951 1038 1067 generibus
1066 957 1325 1067 praecipuis&
1350 957 1454 1066 quast
1473 959 1678 1068 primitivis
1703 956 1776 1042 alia
1801 960 1889 1044 sunt

462 1066 731 1174 accensenda,
765 1097 848 1176 quat
865 1069 1011 1149 rariora
1030 1065 1218 1176 quidem,
1242 1094 1318 1150 nec
1343 1093 1475 1152 tamen
1499 1071 1540 1151 in
1565 1095 1647 1154 arte
1670 1073 1887 1185 incognita.

463 1175 568 1262 Tale
585 1181 640 1262 est
659 1207 856 1264 venenum
874 1180 984 1290 quod
1007 1177 1055 1260 ab
1074 1179 1187 1292 adipe
1209 1179 1376 1263 mucoso
1403 1179 1594 1268 infantum
1610 1181 1665 1266 ob
1679 1187 1888 1297 stagnatio-

463 1317 556 1376 nem
574 1290 788 1374 rancidulo
795 1295 835 1373 in
849 1315 982 1376 cutem
999 1291 1089 1374 serti
1108 1291 1298 1375 videmus.
1313 1290 1457 1376 Ulcera
1476 1295 1575 1378 fiunt
1595 1300 1677 1408 post
1698 1297 1887 1411 pustulam

463 1403 695 1518 ptaerubram
713 1405 876 1487 minime
890 1409 1127 1488 eminentem
1143 1411 1185 1487 dt
1205 1406 1311 1512 quast
1329 1408 1522 1489 anthracis
1546 1406 1795 1522 superficiarii
1810 1410 1889 1492 sor·

463 1515 555 1620 mi3
578 1521 639 1601 his
661 1513 779 1602 febris
798 1520 987 1601 chronica
1009 1516 1048 1599 se
1073 1513 1273 1630 adjungit,
1299 1516 1365 1600 sed
1396 1517 1628 1626 metuenda,
1650 1527 1741 1604 clam
1767 1520 1815 1604 ab
1842 1520 1904 1607 ei.

465 1659 609 1744 corpus
628 1627 746 1713 facili
772 1627 1051 1740 colliquescat,
1072 1630 1255 1712 redivivis
1280 1626 1427 1713 interes
1458 1631 1577 1740 seque
1605 1637 1745 1716 mutub
1776 1638 1889 1719 cxci*

464 1741 660 1857 pientibus
675 1739 886 1826 ulceribus
903 1743 1003 1827 inest
1020 1741 1097 1825 illis
1117 1771 1191 1855 pus
1203 1741 1362 1848 foetens,
1386 1740 1580 1851 oleosum,
1598 1747 1822 1853 rancidum,
1845 1755 1889 1830 bt

464 1854 575 1967 q'uod
596 1853 665 1939 ubi
680 1858 908 1939 intumuerit
921 1859 1029 1941 hiare
1049 1856 1145 1938 facit
1164 1853 1277 1936 soedo
1299 1848 1453 1969 aspeliiu
1475 1853 1633 1960 ulcera,
1656 1884 1740 1968 quae
1760 1857 1889 1973 vulgo

462 1997 546 2051 non
560 1995 629 2084 pet
647 1995 768 2050 unam
779 2030 794 2074 ,
815 1968 882 2052 sed
895 1995 965 2082 per
985 1965 1116 2082 plute's
1139 1993 1363 2082 apotomae,
1395 1965 1575 2052 oleosum
1596 1969 1783 2084 saponem
1800 1972 1890 2054 fun·

463 2081 591 2187 dunt,
619 2080 872 2195 ipsorumque
896 2086 1016 2166 etiam
1037 2078 1151 2163 limbi
1176 2079 1357 2164 retorridi
1382 2081 1599 2187 videntur,
1628 2084 1734 2192 quast
1761 2081 1888 2197 pullu·

462 2190 632 2278 lantibus
654 2190 810 2279 cellulis
833 2193 903 2278 stbi
917 2198 1089 2280 invicem
1106 2193 1364 2307 superpositis.
1406 2213 1412 2225 '
1769 2227 1773 2234 ·

518 2308 627 2392 lnter
643 2311 747 2390 acria
759 2327 894 2394 cutem
913 2309 1121 2393 exedentia
1144 2331 1297 2391 venena
1307 2367 1322 2413 ,
1349 2304 1551 2421 piacidum
1575 2307 1681 2391 soter
1696 2305 1803 2391 luem
1820 2328 1887 2394 νεὶ

462 2447 620 2505 neteam
641 2447 723 2504 non
743 2421 972 2523 recensere3
992 2421 1043 2507 de
1061 2417 1173 2528 cujus
1190 2447 1322 2503 tamen
1349 2417 1550 2504 effectibus
1572 2419 1694 2504 altum
1718 2424 1783 2504 hic
1806 2421 1886 2504 sets

459 2563 553 2619 vare
570 2522 764 2648 silentium
777 2532 887 2639 jubet
906 2537 1063 2619 traiiata
1075 2530 1154 2639 jam
1168 2531 1216 2615 ab
1234 2530 1318 2616 aliis
1344 2539 1384 2616 δι
1404 2559 1513 2617 atate
1529 2541 1572 2616 ¹&
1591 2537 1739 2617 metitis
1766 2536 1805 2615 in
1823 2563 1886 2618 ar·

458 2668 541 2731 tem
560 2645 821 2779 superioribus
844 2651 1037 2732 materies.
1059 2647 1107 2730 id
1129 2671 1316 2728 annotate
1338 2642 1507 2730 sufficiat
1534 2644 1724 2729 summam
1743 2645 1885 2730 servari

460 2757 684 2872 analogiam
704 2759 752 2843 ab
784 2763 916 2844 hocce
939 2762 1137 2844 fermento
1163 2763 1204 2842 in
1227 2755 1429 2872 glandulas
1450 2755 1596 2842 latente
1624 2785 1741 2870 atque
1763 2759 1886 2871 depos

459 2875 534 2958 stro
572 2903 663 2956 curn
695 2870 780 2956 aliis
809 2871 1025 2983 quibusque
1059 2871 1212 2956 acribus
1236 2900 1321 2982 quae
1352 2870 1401 2958 ad
1426 2897 1562 2980 cuturn.
1592 2897 1852 2984 prorumpunt
1866 2929 1905 2979 ,.

488 2988 662 3093 ostquirm
684 2983 780 3096 saepe
802 2989 843 3066 in
857 2983 1051 3096 glandulis
1072 2985 1176 3094 quast
1194 2986 1236 3066 in
1260 2983 1513 3097 receptaculo
1528 2983 1672 3069 merim
1688 2984 1885 3072 asservatas

458 3014 711 3206 litaminque
723 3115 794 3182 me
816 3125 900 3179 non
925 3095 1002 3180 uni
1022 3100 1112 3181 vice
1132 3095 1269 3181 vidisse
1290 3099 1473 3182 homines
1489 3094 1684 3210 glandulis
1706 3093 1885 3180 laboran-

457 3235 518 3294 tes
544 3207 820 3321 lymphaticis,
848 3207 1190 3320 obstrusiioneque
1222 3206 1300 3318 jam
1334 3209 1586 3324 perimendos
1613 3208 1882 3318 abdominali,

459 3351 562 3433 quos
582 3319 878 3406 mercurialibus
907 3323 1076 3436 admotis
1098 3323 1229 3406 sanare
1252 3326 1423 3436 contigit
1448 3357 1457 3407 ε
1486 3321 1532 3408 ei
1560 3325 1821 3438 proportione
1839 3347 1884 3410 ut

457 3435 537 3548 qus
555 3437 705 3518 tatione
718 3437 984 3520 minuerentur
995 3434 1268 3551 glandularum
1281 3463 1502 3542 tormenta,
1517 3461 1739 3546 'eorumque
1751 3430 1914 3545 tenusp

458 3576 566 3634 tenu·
586 3545 741 3655 moles,
758 3546 898 3633 eidem
921 3552 1040 3634 eriam
1058 3548 1451 3662 cutis-deturparetur.
1480 3547 1596 3632 Unde
1620 3547 1714 3632 ditm
1730 3548 1886 3632 animo}

460 3663 533 3746 stirs
559 3659 810 3770 adhibuimus·
832 3666 1098 3768 mercurium,
1121 3665 1221 3746 cutis
1243 3663 1362 3746 etiam
1384 3662 1515 3746 sanata
1540 3659 1615 3746 fuit
1627 3723 1642 3767 ,
1669 3661 1883 3772 sanitasque

459 3777 687 3858 instaurarat
709 3801 783 3860 nec
796 3804 946 3862 novum
960 3779 1014 3874 est
1031 3763 1301 3859 &inauditum
1317 3771 1479 3881 in'arte,
1493 3779 1594 3858 inter
1613 3778 1770 3860 venerei
1784 3777 1883 3888 regi·

457 3891 576 3974 urinis
587 3890 776 4003 angustias
788 3915 905 3999 atque
919 3887 1159 3977 mercurialis
1173 3884 1386 3972 curaflonis
1396 3889 1528 3996 radia,
1543 3889 1779 3974 iinmeritam
1791 3913 1882 4003 pro·

461 4001 601 4114 rupill'e
616 4033 699 4113 quae
714 4029 796 4084 non
813 4003 917 4116 prius
933 4005 1113 4085 extiterat
1132 4005 1428 4112 gonorrhoeam.
1488 4077 1495 4102 ,

518 4113 623 4197 Inte't
637 4140 776 4198 acutos
792 4111 956 4198 morbos
971 4111 1019 4219 ab
1035 4118 1114 4198 acri
1128 4113 1324 4198 fermento
1337 4117 1446 4197 iuriis-
1458 4110 1702 4197 tumescente
1722 4111 1882 4222 seseque

459 4225 574 4310 multi
605 4226 749 4312 litante
772 4252 938 4334 enatos,
961 4230 1131 4344 primum
1146 4225 1329 4310 obtinent
1343 4225 1479 4313 locunt
1499 4220 1683 4330 rumis,
1708 4233 1750 4308 ot
1771 4221 1883 4306 stali-

461 4343 547 4448 quis
562 4255 612 4422 de
629 4365 767 4421 eorum
783 4339 917 4423 naturs
936 4337 1364 4456 atque'proprietatibus
1384 4337 1587 4422 dubitandi
1603 4335 1718 4420 locus
1728 4339 1851 4420 inerat
1865 4393 1883 4448 ,

459 4446 569 4536 tollit
582 4449 695 4534 illum
716 4448 934 4533 insertionis
950 4451 1127 4546 dositina
1141 4451 1217 4564 qus
1236 4476 1384 4572 corpus
1395 4449 1508 4536 antei
1526 4449 1880 4554 sanuminlicirur,

460 4591 613 4678 proque
637 4591 777 4647 atomo
797 4565 902 4678 puris
921 4563 1159 4680 multiplices
1179 4566 1293 4651 essert
1316 4563 1495 4680 pullulas.
1511 4551 1639 4670 Quod
1650 4584 1668 4676 ,J
1686 4562 1753 4646 etsi
1773 4561 1882 4644 mets

460 4703 689 4762 extraneum
711 4678 756 4760 lit
775 4677 1038 4784 sermennrm,
1066 4685 1108 4762 bt
1134 4677 1156 4763 i
1176 4677 1292 4764 causi
1311 4675 1472 4764 extetns
1497 4699 1656 4782 natum,
1682 4674 1723 4758 id
1748 4699 1881 4760 tamen

459 4787 581 4874 habet
592 4785 803 4904 singulare,
829 4791 937 4899 quod
960 4794 1160 4875 materiem
1187 4791 1308 4906 ipsam
1333 4789 1536 4873 mucosum
1559 4792 1715 4901 prorsus
1732 4787 1881 4872 adoria·
1952 4851 1956 4860 ,

460 4933 524 4990 tur
549 4911 591 4990 bt
617 4905 826 5012 minaret,
847 4906 900 4988 ita
920 4929 967 4989 ut
990 4901 1038 4994 ab
1066 4903 1139 4992 haic
1161 4903 1359 5020 variolosi
1381 4901 1639 5016 deputatione
1668 4931 1812 5018 corpus
1837 4907 1880 4986 dt
1948 4913 1954 4920 '
