4188 5916
490 369 569 466 318
651 289 675 434 v*
923 355 1031 442 DE
1101 356 1465 444 MORBIS

491 520 651 606 Pleniirs
671 517 801 627 certe,
822 545 866 604 ut
879 545 1030 604 tantum
1044 519 1211 606 decebat
1220 520 1453 629 Medicum,
1466 517 1643 605 Galenus
1656 519 1706 607 de
1718 522 1924 636 herpetum

493 636 699 718 curatione
715 632 887 740 disseruit
909 639 998 738 (a);
1016 637 1048 717 is
1073 631 1209 718 saltem
1225 634 1488 720 indicationes
1513 629 1667 740 adjecit
1690 633 1924 724 Irritationis

492 753 658 866 primam
676 754 717 829 ὅ(
730 745 819 830 ante
834 744 927 830 alias
943 748 1188 860 prosequitur
1198 747 1303 832 undd
1311 745 1398 832 vult
1406 749 1575 864 primum
1585 749 1793 862 herpetum
1808 753 1923 866 impe·

492 890 578 947 tum
592 886 636 942 ut
648 861 743 972 erysr
773 857 1020 974 elasexcipi3
1065 859 1166 944 osteis
1181 887 1225 944 ut
1243 865 1422 976 pituitam
1436 857 1507 944 bili
1521 851 1685 944 mixtam
1698 891 1772 976 pro
1784 889 1923 948 eorum

496 973 612 1059 causi
632 890 832 1086 agnoldit,
848 977 968 1088 aptari
983 889 1068 1058 vult
1086 1000 1218 1086 proto
1248 977 1319 1056 icis
1340 1003 1387 1058 ea
1401 1003 1483 1084 qua
1500 973 1796 1086 refrigerantem
1812 977 1922 1061 simul

493 1117 611 1200 atque
622 1087 883 1170 exsiccantem
896 1090 976 1169 vim
993 1084 1186 1169 obtinent.
1243 1085 1317 1170 ndd
1333 1090 1422 1170 vitis
1439 1085 1648 1203 capreolos
1670 1118 1771 1196 quos
1788 1089 1920 1174 acido-

493 1195 656 1317 styptici
673 1201 713 1282 vi
731 1198 869 1281 donari
884 1226 1030 1281 norunt
1050 1227 1209 1305 omnes,
1232 1198 1377 1284 rubi&
1400 1199 1639 1310 cynosbatos
1659 1199 1759 1283 folia
1779 1204 1921 1288 austera

495 1313 815 1424 &adstringentis
827 1310 1103 1417 commendat,
1119 1313 1278 1425 poscam
1293 1311 1435 1397 deinde
1449 1322 1490 1397 dt
1505 1313 1793 1398 medicamenta
1810 1319 1920 1430 nigro

494 1431 644 1512 austero
665 1427 761 1507 vino
784 1451 962 1540 excepta.
987 1423 1114 1540 Ipsam
1133 1428 1229 1508 verb
1253 1456 1387 1510 curam
1411 1426 1640 1510 rodentibus
1664 1424 1863 1532 absolvit,
1883 1427 1920 1512 id

493 1543 619 1625 estiis
650 1538 947 1622 medicamentis
978 1567 1062 1646 quae
1095 1535 1253 1620 eschani
1285 1541 1408 1622 cutim
1439 1566 1631 1645 exurant,
1668 1539 1744 1651 quai
1774 1538 1921 1625 sublati

492 1651 669 1768 legitima
702 1653 924 1764 suppuratio
952 1650 1002 1733 ad
1036 1649 1198 1734 cellulas
1225 1650 1347 1762 usque
1376 1656 1458 1736 cuti
1485 1651 1697 1766 suppositas
1723 1653 1858 1738 adada
1882 1662 1920 1738 dt

491 1764 641 1850 malum
667 1774 708 1849 ὅ(
732 1762 826 1846 mali
850 1763 984 1848 sedem
1007 1761 1135 1848 tollat.
1167 1764 1235 1847 Sic
1260 1764 1437 1849 recenset
1463 1767 1773 1848 excoriatorium
1800 1763 1920 1852 liche-

491 1911 588 1963 num
607 1907 689 1988 quo
706 1876 933 1991 Pamphilus
953 1877 1096 1959 Rornae
1109 1877 1198 1960 usus
1217 1879 1269 1960 est
1280 1940 1294 1984 ,
1316 1887 1358 1962 bt
1378 1879 1427 1962 ad
1445 1903 1690 1990 mentagram
1703 1875 1919 1964 tollendam

481 1991 705 2108 plurimum
738 1992 778 2071 in
810 1988 923 2072 usum
952 1989 1194 2097 advocavit,
1222 1990 1333 2100 quod
1361 1989 1526 2101 squamae
1557 1993 1639 2076 aeris
1667 1989 1844 2076 drachm.
1876 2005 1900 2078 6
1904 2055 1918 2102 ,

492 2105 768 2220 auripigmenti
789 2103 965 2186 drachm.
988 2135 1037 2208 4,
1068 2104 1151 2185 aeris
1177 2105 1248 2186 usti
1269 2101 1445 2188 drachm.
1477 2134 1491 2187 1
1517 2109 1559 2185 δι
1578 2111 1626 2210 ξ,
1651 2109 1794 2189 veratri
1816 2103 1918 2213 albi,

374 2262 379 2273 ¹
490 2244 672 2303 ventrum
690 2215 960 2300 cantharidum
974 2229 1008 2306 {a'
1023 2214 1198 2300 drachm.
1221 2247 1258 2320 r,
1273 2217 1426 2329 recipit,
1442 2223 1484 2299 ὅ(
1498 2215 1630 2300 cedrih
1643 2221 1806 2330 excipit.
1823 2221 1918 2330 Quae

492 2328 641 2444 srngula
659 2331 742 2414 vim
764 2332 969 2414 causticam
993 2335 1035 2411 dt
1061 2327 1314 2412 detersoriam
1341 2327 1523 2428 obtinent
1538 2329 1615 2434 (de
1641 2333 1824 2446 compos.
1844 2332 1917 2418 sec.

491 2440 607 2550 loca,
639 2440 710 2526 lib.
743 2474 791 2551 5,
818 2473 904 2555 cap.
937 2449 1005 2545 8.)
1035 2440 1154 2525 Hanc
1184 2440 1420 2526 methodum
1447 2445 1582 2557 paucis
1605 2443 1809 2528 additis&
1831 2475 1918 2528 cum

491 2554 621 2668 aliqui
725 2559 897 2640 ticorum
919 2554 1314 2668 adstringendumque
1337 2551 1566 2641 differentis¹
1583 2552 1753 2662 Paulus,
1782 2559 1919 2642 Aetius

491 2673 559 2782 qui
588 2665 610 2753 i
639 2669 680 2753 G
720 2698 797 2754 eno
828 2698 912 2754 rem
947 2666 1255 2782 exscripserunt,
1286 2666 1513 2776 adhibent,
1544 2665 1614 2750 nist
1648 2668 1754 2780 qubd
1778 2671 1919 2755 Aetius

490 2783 641 2886 doctius
670 2790 712 2867 &
742 2785 867 2896 magis
891 2781 941 2866 ad
968 2780 1252 2866 observationis
1273 2811 1455 2865 normam
1475 2781 1527 2866 de
1551 2781 1622 2864 usu
1650 2783 1920 2866 cantharidum

489 2898 531 2979 in
550 2892 772 2979 lichenibus
791 2898 1000 2980 excoriatis
1026 2894 1237 3008 scripserit,
1267 2899 1333 3005 qui
1360 2894 1536 2980 lichenes
1559 2897 1752 2980 excoriati
1769 2893 1919 2980 nullam

490 3007 607 3090 aliam
630 3005 745 3091 nobis
768 3007 904 3090 idaeam
928 3005 1118 3090 exhibent
1143 3032 1278 3120 prater
1301 3009 1509 3123 herpetum
1532 3009 1749 3093 fluentium.

494 3106 498 3120 ’
546 3117 700 3203 Primus
720 3123 821 3203 inter
840 3121 1003 3205 Graecos
1028 3116 1229 3203 Oribasrus
1249 3148 1388 3206 monet
1408 3117 1541 3205 srustrh
1562 3148 1723 3205 externa
1744 3119 1916 3207 adhiberi
2034 3183 2035 3188 a

488 3229 802 3337 medicamenta,
829 3232 855 3315 sr
876 3262 959 3314 non
974 3229 1086 3316 antei
1101 3233 1261 3317 internis
1277 3257 1421 3348 corpus
1435 3232 1560 3347 probe
1581 3261 1835 3349 repurgatum
1849 3237 1891 3318 srt
1901 3296 1917 3341 ,

488 3371 706 3456 monetque
753 3343 834 3429 osse
851 3342 943 3428 tolli
964 3348 1166 3461 herpetes,
1186 3343 1254 3428 sed
1272 3376 1459 3461 magnum
1472 3346 1565 3432 inde
1583 3347 1816 3463 impendere
1855 3350 1919 3434 eri·

488 3454 648 3566 culum,
676 3376 750 3540 nisi
769 3462 874 3572 priirs
899 3489 1044 3656 corpus
1058 3487 1207 3572 purum
1229 3459 1443 3544 reddideris
1465 3468 1505 3544 &
1527 3491 1662 3544 curam
1681 3464 1807 3578 erysrp
1869 3465 1914 3546 tis

486 3601 561 3689 pro
590 3574 687 3654 riam
710 3570 945 3657 admoveris.
1005 3570 1108 3656 osted
1129 3573 1226 3656 verb
1248 3602 1342 3656 cum
1362 3571 1521 3658 Galeno
1545 3574 1755 3659 consentit.

544 3603 657 3770 llatet
672 3686 794 3800 porrb
811 3714 859 3770 ex
876 3689 935 3770 his
950 3688 1052 3769 hanc
1069 3685 1181 3771 fuisse
1197 3690 1239 3771 in
1254 3685 1433 3771 curandis
1448 3685 1673 3801 herpetibus
1688 3687 1917 3772 Graecorum

439 3875 441 3886 .
488 3825 612 3884 artem
633 3824 678 3884 ut
707 3797 945 3883 discuterent
965 3796 1139 3884 maculas
1161 3802 1381 3916 herpeticas
1408 3831 1491 3911 quae
1518 3802 1545 3884 sr
1568 3802 1780 3887 resisterent
1804 3799 1918 3884 obsti·

487 3917 640 4020 natus,
666 3909 857 3996 conversi
875 3911 1095 4018 methodo,
1148 3942 1270 4001 artem
1283 3912 1502 3998 urebant&
1519 3911 1719 3997 concitati
1740 3913 1809 4027 sup
1836 3943 1919 3996 uta-

487 4029 598 4110 tione
615 4032 655 4109 dt
669 4029 872 4142 herpetem
882 4088 896 4132 ,
914 4023 1103 4108 &locum
1114 3943 1264 4142 herpeti
1276 4029 1501 4142 proprium,
1516 4023 1732 4110 cuticulam
1751 4027 1803 4110 sc'
1826 4031 1918 4133 'cet,

489 4143 532 4219 δι
555 4164 638 4222 rete
661 4139 738 4223 mal
768 4142 967 4252 ighianum
988 4133 1196 4224 tollebant.
1221 4139 1340 4225 Hanc
1364 4166 1462 4253 ergo
1486 4141 1743 4244 methodum,
1761 4145 1855 4223 cirnr
1878 4142 1919 4222 in

490 4247 716 4364 herpetibus
737 4172 853 4337 llciei
869 4251 917 4336 ab
932 4249 1065 4368 agyrtai
1081 4279 1309 4337 renovatam
1326 4253 1493 4338 viderim
1503 4317 1516 4360 ,
1541 4253 1580 4337 di
1610 4284 1659 4336 na
1677 4254 1756 4338 visa
1779 4255 1831 4338 est
1851 4251 1921 4336 illa

421 4389 426 4405 ·
490 4361 678 4446 seduliori
701 4368 942 4473 attentione,
970 4367 1053 4450 imo
1076 4369 1118 4450 &
1140 4364 1343 4452 observata
1365 4364 1503 4452 licebit
1525 4286 1679 4452 addere.

545 4471 665 4558 Certe
686 4502 734 4558 ex
758 4503 839 4562 arte
862 4507 945 4561 non
968 4482 1021 4563 est
1045 4475 1170 4565 levius
1195 4477 1343 4565 malum
1397 4483 1538 4566 raviori
1563 4478 1718 4564 tollere.
1747 4477 1866 4566 Unde
1892 4481 1920 4564 sr

492 4585 738 4701 depurationi
758 4592 965 4704 herpeticae
982 4591 1050 4706 sup
1081 4597 1313 4702 uratoriam,
1337 4512 1515 4705 adeoque
1533 4592 1837 4705 profundiorem
1855 4592 1922 4678 de·

489 4698 736 4816 putationem
755 4701 978 4789 substituere
997 4623 1125 4814 velis,
1146 4710 1214 4791 vix
1234 4733 1379 4794 metam
1401 4707 1594 4820 attinges3
1615 4709 1686 4792 nisa
1705 4703 1777 4792 illa
1803 4707 1922 4798 fuerit

526 4835 587 4912 (a)
607 4829 672 4893 Lib.
693 4851 729 4902 a,
747 4851 807 4915 cap·
825 4858 840 4894 ι
850 4879 861 4908 ,
882 4837 970 4902 Metb
987 4835 1064 4902 Med.
1085 4839 1120 4902 ad
1139 4838 1282 4902 Glaucen.
1719 4861 1724 4868 ·
